4884 5984
523 586 525 593 Ι
550 493 621 581 184
753 472 903 555 LOCVS
924 477 1054 553 xxm.-
1084 474 1183 552 CAP.
1205 471 1270 550 VI·
1298 474 1425 552 SECT.
1450 476 1513 573 ΙΙΙ.
1537 472 1649 553 altr.
1673 472 1719 549 11.
1742 464 1918 550 MEMB.
1943 470 1996 546 11.

550 664 594 735 de
625 680 698 732 uno
735 660 935 754 eodemque
969 656 1048 733 casu
1086 680 1170 731 cum
1201 657 1356 754 apostolo
1382 649 1482 752 sense
1494 655 1563 727 tolli
1565 657 1739 754 statuitur.
1752 664 1783 741 ς.
1794 654 1859 727 fin.
1872 650 1989 726 insiit.
2002 640 2182 745 quibmoi.

550 760 655 855 agit3
693 754 750 828 sed
776 756 932 829 Christus
964 756 1112 829 ostendit
1140 755 1282 829 causam
1307 757 1359 828 di·
1394 755 1469 827 toll.
1490 752 1601 851 oblig.
1624 756 1672 827 At
1697 752 1926 847 consequens
1957 752 1997 821 in
2025 744 2184 820 christiam

357 922 370 941 ,
482 892 487 898 ·
550 856 660 927 vortii
679 853 853 941 faciendi,
880 855 1056 950 apostolus
1074 854 1215 927 causam
1239 856 1358 927 divor·
1393 852 1577 947 republica
1601 850 1825 924 intolerabile
1849 848 1900 921 est
1930 855 1970 919 δι
1988 844 2184 926 absurdum.

549 956 593 1027 tii
609 953 796 1049 patiendi,
847 975 889 1024 ac
913 953 1162 1026 liberationem
1195 950 1240 1024 ob
1266 953 1359 1025 iniu·
1394 972 1479 1022 cum
1494 949 1772 1031 matrimonialis
1783 944 2010 1020 coniundlio
2029 964 2097 1015 non
2120 962 2186 1035 peu·

485 1094 488 1103 ·
551 1048 885 1123 stamdesertionem
895 1051 1108 1135 obtinendi,
1141 1046 1360 1123 Christuslo·
1395 1051 1475 1120 deat
1499 1070 1544 1119 ex
1568 1049 1666 1119 nuda
1679 1046 1989 1118 contrahentium
2006 1042 2186 1123 voluntate,

552 1150 676 1246 quitur
694 1149 736 1220 de
758 1150 955 1221 divortium
969 1149 1140 1232 faciente,
1181 1145 1361 1242 apostolus
1395 1143 1452 1218 sed
1471 1167 1518 1216 ex
1540 1143 1647 1239 ipsius
1669 1143 1739 1214 Dei
1766 1144 1926 1214 eosdem
1958 1134 2186 1233 coniungendo

552 1251 596 1319 de
612 1248 809 1319 divortium
817 1248 998 1341 patiente3
1024 1244 1181 1317 Christus
1197 1246 1360 1338 loquitur
1395 1244 1610 1326 autoritate,
1637 1264 1681 1313 ex
1697 1263 1769 1334 quo
1789 1239 2043 1315 fundamento
2056 1252 2187 1331 pronun

550 1347 593 1416 de
620 1367 691 1432 eo,
718 1347 821 1439 quia
849 1346 1002 1438 coniuge
1025 1343 1204 1432 divertit,
1227 1344 1357 1412 Paulus
1394 1343 1462 1411 ciat
1485 1338 1685 1434 aposlolus:
1712 1341 1805 1413 slsis,
1832 1340 1892 1432 qui
1907 1336 2124 1411 matrimonio
2135 1333 2187 1399 lm·

552 1446 595 1514 de
614 1465 686 1531 eo,
709 1465 730 1513 a
747 1464 819 1535 quo
839 1445 971 1531 coniux
993 1440 1149 1513 divertit.
1174 1518 1177 1523 ,
1200 1437 1356 1511 Christus
1393 1437 1550 1531 disum,
1569 1438 1735 1532 praecipio
1752 1461 1817 1506 non
1836 1459 1900 1533 ego
1913 1484 1928 1513 ,
1948 1436 2017 1531 sed
2029 1434 2186 1511 Domitor,

550 1540 773 1636 loquitur-de
791 1538 1006 1633 separatione
1021 1538 1246 1623 voluntaria,
1268 1539 1356 1607 Pau·
1391 1560 1556 1606 uxorema
1570 1538 1716 1607 virorem
1733 1534 1893 1627 discedere
1905 1539 2034 1607 debere.
2083 1531 2186 1603 Seon

546 1639 608 1739 lus
640 1634 684 1708 'de
714 1636 932 1733 separatione
964 1638 1087 1709 invita.
1140 1632 1263 1715 Multo
1289 1633 1356 1704 mi-
1392 1636 1440 1704 do
1461 1657 1471 1703 ε
1494 1636 1533 1708 Si
1551 1632 1659 1727 Moses
1687 1635 1827 1704 divortia
1851 1635 2003 1725 ronreffit
2026 1626 2186 1704 smum&

551 1759 620 1810 nus
652 1757 698 1806 ex
727 1730 917 1831 apostolico
948 1754 1047 1809 textu
1067 1734 1184 1807 evinci
1214 1728 1354 1826 potest,
1391 1736 1493 1803 cordis
1513 1734 1691 1811 duritiem,
1714 1754 1773 1805 cer
1788 1752 1856 1816 rou
1876 1734 1968 1803 idem
1989 1734 2083 1803 liceat
2106 1726 2184 1823 ugi-

550 1831 799 1929 magistratum
816 1827 910 1925 posse
930 1835 1017 1905 alias
1040 1832 1186 1903 divortii
1201 1828 1357 1901 faciendi
1380 1829 1507 1925 stratui
1522 1834 1560 1901 -r'n
1583 1832 1658 1924 casu
1684 1832 1810 1926 finili,
1837 1828 1901 1899 lrot
1930 1829 1979 1920 est
1995 1876 2011 1910 ,
2023 1832 2060 1926 st
2081 1828 2181 1923 peirn

551 1931 671 2005 causas
699 1932 954 2014 introducere,
980 1932 1066 2023 quia
1086 1929 1214 2001 Paulus
1229 1929 1355 1997 imme·
1391 1933 1538 2027 coniuges
1551 1953 1616 2001 rton
1629 1934 1734 2001 minos
1744 1927 1900 2024 derisor
1917 1928 1973 2004 {5
1986 1918 2179 2001 coarctaret!

551 2032 646 2101 diato
670 2026 822 2122 Spiritus
854 2026 961 2098 sansli
992 2027 1123 2098 adflatu
1153 2023 1354 2118 impulsus,
1391 2028 1491 2123 Resp.
1515 2028 1692 2120 quidquid
1719 2028 1756 2098 stt
1776 2028 1819 2097 de
1845 2029 2068 2100 ludaeorum
2092 2026 2178 2095 ditor·
2208 2096 2210 2121 1

552 2149 664 2222 quem
695 2128 731 2196 in
750 2125 830 2197 aliis
855 2124 1062 2196 hominibus
1091 2146 1162 2195 non
1196 2120 1356 2217 agnosci·
1391 2128 1476 2211 tiis,
1503 2125 1572 2195 five
1595 2147 1639 2195 ea
1660 2125 1857 2199 suerint'in
1882 2122 1972 2195 soro
1992 2120 2177 2199 conscientie
2206 2153 2210 2224 q

552 2245 661 2321 mus,
688 2245 755 2293 nec
774 2224 893 2293 ullum
914 2220 1024 2315 potest
1037 2221 1182 2305 adferre¹
1197 2220 1357 2305 crimen,
1390 2224 1515 2295 illicita
1524 2221 1568 2295 oh
1578 2225 1737 2316 primam
1748 2223 1917 2316 coniugii
1933 2222 2175 2301 instimtionerr,
2205 2274 2210 2319 1

552 2322 651 2415 quod
675 2320 843 2413 coniugii·
858 2317 1083 2391 substantiam
1101 2320 1150 2390 ita
1173 2318 1355 2411 adtingat,
1391 2322 1474 2393 &in
1493 2319 1573 2390 foro
1596 2321 1767 2393 duntaxat
1783 2321 1939 2414 politico
1959 2323 2065 2394 licita
2077 2318 2174 2391 obulo
2204 2371 2210 2417 1

551 2437 592 2487 ut
610 2412 839 2489 adulterium.
891 2416 994 2487 Unde
1007 2417 1155 2508 quidam
1170 2437 1215 2485 ex
1230 2411 1356 2485 nostris
1391 2414 1520 2491 sairam
1540 2418 1821 2502 concessionem,
1849 2415 1925 2488 srve
1952 2438 2038 2493 tam
2061 2420 2097 2490 in
2119 2434 2175 2487 ou·
2205 2468 2210 2514 ,

551 2515 730 2609 theologis
744 2535 855 2584 unam
869 2514 1039 2585 duntaxat
1051 2512 1196 2583 divortii
1213 2510 1355 2587 causam
1389 2513 1539 2587 scientiae
1562 2536 1673 2607 quam
1694 2514 1733 2587 i'n
1744 2515 1896 2610 politico
1912 2516 2002 2586 foro
2026 2512 2174 2589 licitam
2205 2568 2210 2612 ι

553 2610 799 2696 constituunt,
826 2612 975 2703 quidam
1002 2630 1089 2680 vero
1118 2612 1206 2681 duas
1229 2629 1354 2679 nume·
1389 2613 1484 2698 rint,
1512 2611 1738 2689 manifestum
1765 2611 1813 2684 esi
1837 2635 1888 2683 ex
1917 2604 2064 2687 Matris.
2083 2610 2173 2693 un
2204 2664 2210 2707 ,

551 2729 632 2803 rant
646 2688 783 2804 absque
800 2709 873 2779 ulla
886 2709 1033 2779 omnino
1053 2704 1353 2797 contraditiione,
1388 2701 1483 2783 XIX.
1510 2732 1566 2798 19,
1603 2708 1722 2782 Marc.
1743 2711 1787 2780 Χ.
1816 2732 1874 2782 rt.
1910 2716 2009 2784 Luc.
2032 2711 2121 2783 xvi.
2139 2714 2174 2787 rs
2206 2735 2210 2806 1

548 2825 591 2879 ut
608 2829 652 2878 ex
670 2827 773 2878 antea
798 2803 901 2879 distis
925 2807 1052 2902 liquet.
1240 2872 1244 2881 .
1393 2829 1424 2881 1.
1444 2805 1526 2884 Cor.
1548 2807 1626 2881 Vll.
1654 2828 1710 2881 10.
1762 2804 1951 2881 Christum
1973 2802 2175 2904 &apostolos

766 2974 768 2983 ,
993 2984 996 2989 ,
1388 2906 1433 2977 ad
1448 2908 1660 3000 primaevam
1675 2906 1837 2999 coniugii
1853 2905 2176 2980 institutionemntl

623 3013 655 3088 §.
680 2996 838 3073 ucvnl.
888 3000 965 3091 IV.)
992 2999 1046 3070 Ex
1068 3001 1206 3070 rationis
1227 3001 1354 3090 perito·
1389 2999 1585 3089 revocasse,
1612 3002 1706 3073 &ob
1731 3000 1841 3073 solam
1867 3006 2052 3079 adulterii
2071 3001 2179 3075 caum

543 3084 602 3186 rr,
628 3099 833 3193 &quidem
858 3099 1077 3190 multiplici:
1104 3097 1155 3190 1.)
1180 3096 1253 3187 Res
1273 3095 1354 3169 edlu
1390 3101 1543 3172 divortia
1556 3097 1759 3171 concessisse.
1797 3097 1928 3171 Maior
1946 3092 2180 3175 &uberiores

549 3199 663 3293 causare
690 3195 853 3292 efficientis.
901 3195 1019 3266 Primo
1042 3197 1124 3292 leges
1143 3120 1362 3292 magijsiarus·
1387 3196 1456 3269 Dei
1484 3200 1600 3292 gratia
1627 3199 1664 3267 in
1694 3194 1768 3270 reli.
1799 3218 1886 3267 nov.
1920 3220 2046 3293 quam
2070 3198 2180 3279 veteri,

548 3304 587 3369 dr
603 3293 963 3378 contrassibusuaserrt,
988 3292 1035 3367 &
1049 3297 1083 3369 in
1099 3290 1352 3387 conscientiam·
1389 3297 1523 3389 quippe
1553 3296 1596 3366 ad
1633 3298 1731 3387 quod
1755 3295 1997 3387 peculiariter
2027 3298 2182 3394 pertinent

548 3399 663 3469 minem
687 3397 820 3465 liberum
843 3396 990 3461 reddunt.
1038 3395 1134 3485 Ergo
1152 3394 1246 3462 etiam
1269 3392 1353 3489 leget
1386 3396 1455 3464 illae
1470 3393 1740 3487 promissiones:
1766 3394 1913 3462 Scribam
1930 3396 2043 3492 segem
2057 3394 2185 3465 meruit

547 3490 1353 3683 sisbississss„32⁷²iil'sis'sssi'
1387 3490 2184 3676 sssssssrssss,susimsib

503 3732 506 3741 ·
548 3690 650 3786 Resp.
669 3688 883 3856 coniupium
901 3708 972 3757 non
995 3637 1360 3763 esteonrratturmef
1386 3687 1548 3758 xxxvl.
1572 3689 1631 3758 26.
1681 3635 1783 3757 Unde
1807 3613 2185 3783 apostolusspiopulun

549 3813 589 3881 re
611 3787 749 3871 civilis,
787 3787 830 3856 ed
847 3785 969 3871 divina
985 3782 1224 3870 'coniundiio,
1249 3779 1355 3855 indis,
1386 3803 1460 3855 vet.
1477 3782 1549 3854 tesi.
1573 3780 1710 3857 confert
1724 3786 1870 3874 porvulo-
1882 3830 1897 3860 ,
1926 3789 2002 3879 qui
2021 3784 2070 3858 est
2088 3786 2186 3857 adsue

549 3885 697 3962 solubile
713 3884 901 3955 vinculum
914 3884 1165 3971 introducens3
1186 3880 1283 3975 quod
1300 3901 1354 3951 er·
1388 3879 1450 3953 sub
1469 3879 1672 3965 tutoribus,
1697 3880 1775 3953 Gal.
1798 3879 1857 3949 ΙΙΙ.
1879 3898 1944 3972 24.
1969 3886 2063 3978 quia
2083 3885 2121 3957 in
2138 3880 2183 3951 illo
2208 3898 2210 3907 ·

439 3980 472 3987 ”
547 4008 594 4084 go
615 3986 709 4056 Deos
728 3980 792 4076 ipse
806 3983 995 4058 coniunxit,
1021 3982 1111 4048 bomo
1123 3976 1354 4071 separarem
1388 3980 1502 4049 multa
1520 3975 1762 4051 tolerabantur
1778 4025 1790 4071 ,
1805 3999 1900 4070 ,quae
1921 3981 1965 4051 in
1994 3970 2210 4055 Chrislianit'

547 4088 662 4162 deber,
690 4104 735 4152 ex
755 4080 825 4149 alia
868 4078 999 4147 uadam
1012 4073 1133 4159 causa,
1148 4096 1259 4167 quam
1272 4098 1358 4172 quae
1389 4075 1450 4149 sub
1467 4099 1550 4147 nov.
1570 4071 1643 4148 test.
1661 4097 1733 4144 non
1750 4074 1924 4167 serenda3
1952 4100 2000 4161 ae
2014 4079 2040 4151 sr
2055 4078 2185 4153 veluu-
2207 4074 2210 4125 ¹

487 4181 498 4187 ”
548 4186 588 4255 in
608 4178 724 4272 verbo¹
741 4176 809 4246 Dei
826 4101 872 4245 es
894 4171 1076 4255 manifeste
1097 4168 1266 4267 expressa.
1315 4172 1354 4243 Si
1387 4175 1486 4246 xime
1509 4174 1590 4255 duri
1604 4172 1665 4242 ¹illi
1692 4178 1725 4242 δι
1750 4192 1989 4248 contumaces
2008 4180 2133 4275 gratiae
2153 4174 2186 4245 il·

551 4281 594 4351 de
615 4275 783 4371 coniugio
804 4292 976 4364 ¹tauquam
992 4269 1176 4343 contrasiu
1193 4292 1291 4342 mere
1306 4271 1354 4341 ci·
1388 4272 1458 4357 lius
1474 4271 1689 4367 evangelicae
1705 4268 1786 4342 assu
1801 4290 1876 4340 non
1893 4271 1973 4352 sint·
1983 4276 2184 4371 participes,

547 4379 613 4451 vili
636 4373 891 4454 iudicandum,
917 4363 1026 4463 posset
1044 4368 1175 4461 aliquis
1196 4368 1352 4455 inferte,
1387 4388 1506 4439 tamen
1533 4388 1679 4463 propter
1712 4370 2078 4451 illorumdptitiem
2111 4366 2187 4443 nibil

547 4496 588 4548 ut
602 4493 727 4547 mutuo
747 4464 913 4539 consensu
928 4466 1015 4553 illud
1031 4466 1279 4553 contrahitur,
1305 4468 1353 4537 ita
1388 4468 1588 4561 quidquam
1598 4466 1672 4559 ,pio
1687 4463 1922 4561 ¹magistratui
1941 4474 2132 4567 agendum
2148 4458 2184 4541 ei

551 4566 698 4669 qnoque
722 4586 847 4639 mutuo
864 4556 1016 4655 dissensu
1030 4564 1129 4635 iuxta
1150 4565 1249 4659 leges
1269 4563 1353 4637 reli·
1387 4584 1509 4637 contra
1530 4564 1669 4637 divinas
1691 4564 1853 4658 coniugii
1867 4566 1975 4663 leges
1999 4618 2015 4656 ,
2042 4572 2127 4643 alias
2143 4587 2188 4641 ro-

551 4690 711 4768 quorum
735 4660 983 4751 contraituum
998 4656 1135 4732 dissolvi
1154 4656 1275 4756 posse,
1302 4664 1354 4732 nt,
1387 4683 1421 4747 ta
1433 4665 1491 4733 lex
1505 4662 1652 4745 moralis
1666 4709 1687 4747 „
1704 4682 1782 4755 qua
1799 4666 2085 4741 contumacibus
2096 4683 2182 4739 arre-

474 4796 480 4803 ·
547 4770 594 4842 lais
612 4772 694 4837 onim
718 4776 787 4833 ram
811 4750 959 4832 naturale
978 4759 1043 4852 eli,
1069 4783 1167 4852 quom
1187 4783 1222 4828 eo
1234 4782 1351 4857 genere
1385 4757 1560 4842 fractariis
1579 4763 1669 4833 dura
1686 4759 1758 4849 esi,
1779 4757 1963 4833 abolenda·
1976 4765 2114 4856 merit,
2137 4760 2181 4835 sed

458 4940 461 4948 ,
547 4868 724 4962 quidquam
754 4854 903 4952 diffolvr',
936 4883 998 4956 quo
1021 4857 1205 4953 colligatum
1230 4857 1302 4953 rst;
1324 4858 1349 4927 1.
1386 4876 1613 4929 contumaces
1634 4859 1688 4929 illi
1701 4857 1888 4953 velpmnis
1902 4864 2119 4953 coercendi,
2135 4855 2181 4929 vel

548 4963 652 5039 Nihil
675 4980 748 5030 tam
776 4959 946 5051 neutrale.
973 4957 1000 5047 1.Ι
1029 4953 1172 5042 Omnia.
1198 4957 1233 5028 d.
1254 4958 1296 5026 R.
1316 4950 1353 5042 J,
1385 4975 1429 5024 ex
1459 4953 1644 5025 christiana
1670 4953 1854 5050 republica
1880 4962 2105 5035 excludendi
2122 4962 2180 5047 ,tt

432 5078 446 5151 ἶ
474 5104 476 5109 v
547 5090 586 5139 ac
607 5060 685 5133 nodi
705 5053 867 5153 consensus
881 5055 1101 5152 obligatiorem
1115 5050 1351 5150 cmtramodis,
1382 5050 1508 5129 iniuste
1524 5048 1668 5156 dirqissae
1689 5053 1784 5152 patri
1805 5051 2085 5145 consulendum.
2106 5058 2179 5227 pm·

856 5163 860 5176 .
1581 5164 1604 5183 ,.
1824 5162 1838 5179 ,
1960 5226 1963 5231 Ι
2134 5172 2175 5226 m
