4884 5984
381 475 452 534 aro
518 523 521 527 .
696 458 845 536 LOCVS
870 462 996 533 xxvt.
1030 455 1147 578 'CAR
1174 459 1217 530 V.
1265 457 1410 529 MEMB.
1438 460 1464 527 1.
1517 457 1628 530 Aut.
1654 461 1721 534 u..

386 651 545 733 ntulirres.
562 648 621 755 rste
642 654 880 751 ¹r‘rrsorcurrdar)
904 649 958 752 sed
980 653 1206 749 polygamiam
1232 658 1327 726 enim.
1341 650 1539 746 polygamiz
1559 656 1789 729 conditionem
1807 660 1958 733 exa-tuus
1975 681 2058 752 pen·

386 781 426 830 er
451 781 546 850 parte
564 759 636 830 uiri
658 759 767 830 eidem
789 767 1111 848 repugnarenegat,
1127 777 1205 825 cum
1232 752 1386 831 stemus,
1409 751 1708 841 deprehendetur,
1735 760 1836 845 quod'
1852 753 1980 831 socialis
2001 780 2058 832 00-

387 856 485 931 facile
504 852 602 950 poffit
621 881 707 928 nnus
732 860 783 930 vir
805 881 845 928 ex
866 853 979 925 multis
1003 852 1150 926 foeminis
1167 852 1391 928 li·,lrabitatio
1407 860 1441 925 dc
1457 859 1583 925 domus
1602 855 1806 947 gubernatio
1830 880 1890 948 per
1905 881 2056 932 uxorum

386 957 491 1052 beros·
505 981 682 1047 procreare
697 954 845 1032 &alere
896 954 999 1041 Atqui
1020 937 1137 1034 sertin
1154 976 1206 1021 re·
1230 951 1460 1041 pluralitatem
1485 954 1608 1025 itidem
1628 959 1823 1027 detrimenti
1845 954 1970 1047 aliquid
2001 981 2055 1030 ca·

387 1061 440 1128 ae
464 1053 501 1128 rc'
529 1059 674 1147 penitius
702 1060 890 1147 expendere
913 1051 1078 1132 velimus,
1114 1053 1206 1124 invt-
1230 1055 1313 1145 piat.
1363 1055 1462 1123 Uxor
1491 1055 1592 1134 enim,
1620 1054 1698 1126 licet
1723 1058 1797 1128 viro
1817 1054 1855 1127 lit
1887 1052 2055 1144 sontem,

387 1156 517 1228 olemus
531 1159 629 1228 etiam
648 1155 726 1228 huic
742 1153 799 1226 fini
817 1152 1041 1245 polygamium
1057 1150 1206 1240 plurium
1233 1176 1345 1224 tamen
1367 1147 1501 1221 familie
1523 1177 1587 1221 una
1612 1177 1688 1224 cum
1710 1157 1832 1226 marito
1851 1158 1995 1243 praest,
2021 1163 2056 1230 dc

387 1279 530 1326 uxorum
550 1257 733 1342 adversari,
758 1260 848 1342 quoti
862 1256 1076 1324 Montemtns
1093 1246 1152 1321 lib.
1164 1253 1205 1318 ll.
1232 1254 1266 1322 in
1294 1245 1498 1323 consortium
1524 1253 1731 1340 principatus
1753 1255 1954 1327 oeconomici
1976 1277 2055 1330 ενι·

387 1351 483 1448 pulit
505 1379 534 1427 c.
551 1379 586 1450 4.·
616 1365 707 1429 &ex
730 1376 770 1448 c9
784 1348 948 1426 areisans
972 1354 1014 1420 de
1035 1355 1109 1436 jere
1128 1370 1208 1419 con-
1232 1347 1355 1434 bi'tut,
1395 1347 1459 1434 iam
1490 1375 1571 1421 vero
1602 1339 1816 1448 principatus
1832 1350 1901 1448 suu
1929 1363 2054 1428 natm

388 1449 469 1526 rtdb'.
493 1465 567 1544 σά1)·
581 1477 621 1541 4'
640 1448 718 1525 sest·
741 1478 770 1541 3·
790 1477 824 1524 ¹¹·
845 1467 877 1536 8·
904 1448 1051 1540 pr⁰bss¹¹t
1080 1449 1207 1518 ratione
1226 1447 1504 1550 finguluritatem
1529 1448 1671 1543 diligit,
1699 1474 1734 1522 ut
1748 1454 1953 1545 Augustinus
1979 1449 2053 1528 d.l,

388 1541 578 1651 ejusmodi,
611 1556 701 1642 quod
727 1549 891 1639 copiosror
917 1551 1054 1636 quidem
1079 1543 1207 1620 soboles
1230 1550 1445 1621 demonstret.
1512 1550 1707 1622 Aristoteles
1740 1555 1840 1625 etiam
1863 1549 1942 1624 libr.
1961 1557 2059 1644 Vlll.'¹

388 1643 599 1742 ertpeue'nr
623 1678 662 1725 ex
685 1647 837 1741 pluribus
856 1646 1014 1721 uxoribus
1039 1649 1075 1720 in
1097 1643 1207 1738 singu·
1231 1648 1330 1721 ethic.
1346 1673 1418 1737 cap.
1433 1656 1466 1721 6.
1486 1643 1651 1738 disputat,
1664 1649 1844 1746 persederit
1862 1652 2053 1738 amicitiant

390 1749 430 1824 lis
460 1741 595 1826 familiis
624 1752 790 1843 privatis:
829 1751 963 1820 interim
992 1768 1105 1817 tamen
1138 1766 1298 1821 cotenon
1328 1747 1508 1820 admittere
1528 1747 1660 1842 plures,
1691 1752 1909 1844 quatriduum,
1931 1753 2051 1844 ¹contre¹

390 1849 578 1940 respublica
596 1852 768 1939 pauciores
785 1850 861 1918 inde
883 1848 971 1916 cives
990 1839 1207 1922 nanciscatur,
1234 1873 1314 1922 vero
1338 1844 1507 1919 molestam
1542 1872 1616 1919 eam
1645 1851 1822 1921 amicitiam
1851 1847 1942 1933 elle,
1980 1877 2052 1940 quae

375 1951 468 2038 ¹quia
487 1948 626 2022 dubium
646 1948 796 2032 nonest,
828 1948 911 2035 quin
934 1940 1048 2032 sapius
1068 1968 1208 2033 procre.
1233 1973 1312 2019 cum
1335 1944 1448 2017 multis
1473 1946 1713 2028 contrabitur,
1749 1948 1907 2038 squidem
1929 1941 2056 2048 antuus}

390 2070 450 2120 ent
475 2045 646 2136 foenrirrae,
670 2045 693 2118 st
715 2041 850 2139 li'n‘gulae
873 2051 1121 2135 conjungantur
1147 2039 1209 2113 stn-
1233 2049 1341 2119 amico
1369 2047 1403 2116 in
1437 2044 1580 2117 adversis
1618 2047 1790 2132 condolet,
1815 2076 1833 2120 a
1854 2046 1975 2137 qnib'ns
1999 2049 2054 2132 vir

390 2145 499 2240 gulis,
527 2145 666 2236 quamsi
690 2145 876 2235 plureruni
898 2144 1018 2212 marito
1034 2138 1209 2214 socientur.
1236 2143 1305 2217 ullo
1336 2166 1488 2233 tempore
1521 2144 1634 2233 plures
1666 2149 1762 2217 amici
1798 2146 1892 2219 srmul
1921 2143 2053 2237 possunt

398 2243 583 2322 Generatio
606 2243 747 2344 Φυσικῆ
773 2268 813 2315 ex
842 2241 1047 2313 institutione
1074 2251 1109 2315 dt
1127 2262 1210 2332 pra·
1236 2240 1299 2316 else
1318 2242 1425 2314 liberi.
1475 2250 1549 2334 Jam
1574 2270 1653 2317 vcro
1679 2250 1873 2340 conjuginm
1897 2252 1944 2320 est
1968 2237 2076 2320 sum?

391 2341 515 2435 scripto
537 2347 693 2419 creatoris
718 2347 758 2415 ad
775 2344 861 2426 duos,
879 2343 1052 2423 duntaxat,
1084 2363 1210 2412 marem
1237 2370 1310 2414 ntus
1333 2353 1366 2415 dt
1386 2339 1582 2416 aruissnnus
1610 2346 1762 2415 amicitia
1791 2352 1941 2436 gradus,
1966 2371 2049 2438 ergo

392 2469 497 2517 unum
521 2455 554 2520 dt
570 2442 743 2517 faeminam
768 2465 888 2516 unam,
917 2433 980 2508 suit
1002 2435 1210 2528 praet'cripta,
1236 2467 1303 2514 non
1320 2441 1421 2513 debet
1440 2437 1504 2512 cll'e
1524 2443 1611 2514 inter
1627 2443 1752 2533 plures,
1771 2470 1869 2533 quam
1882 2451 1983 2528 duos,
2008 2451 2050 2520 de

393 2542 553 2633 squidem
578 2553 613 2617 ae
634 2542 784 2612 homiues
808 2549 843 2614 &
872 2537 1000 2624 reliqua
1033 2541 1211 2609 animantia
1235 2541 1357 2632 quibus
1383 2542 1449 2611 dici
1473 2536 1589 2629 pallia:

394 2645 440 2715 ita
459 2644 675 2727 candidiani
689 2639 794 2738 paria
815 2633 950 2708 tina&
965 2634 1047 2709 binc
1068 2635 1210 2727 speciem
1277 2636 1367 2713 Sunt
1390 2638 1472 2726 dato,
1503 2662 1575 2735 quae
1597 2640 1663 2714 duo
1682 2639 1785 2737 suut,
1814 2641 1949 2743 &sunt
1972 2645 2050 2732 duo,

396 2740 488 2815 suam
509 2761 747 2833 propagarent.
764 2739 848 2808 Gerr.
861 2742 886 2807 1.
900 2760 956 2832 24.
1007 2741 1097 2829 Ergo
1123 2740 1210 2806 inter
1493 2762 1565 2836 quae
1588 2742 1653 2814 ΛΜ)
1678 2766 1743 2815 „on
1759 2741 1854 2840 sung
1967 2739 1970 2746 ·
2047 2829 2052 2834 Ι

397 2846 481 2915 duos
511 2844 691 2919 duntaxat,
730 2833 926 2908 naturaliter
951 2843 985 2909 dc
1013 2836 1209 2907 institutioni
1235 2840 1398 2914 Constans
1422 2838 1756 2928 &pernumerant
1781 2846 1892 2916 mariti
1915 2840 1979 2917 else
1995 2869 2050 2918 ne·

397 2944 519 3014 divinae
551 2940 790 3011 convenienter
821 2935 993 3026 generutio
1024 2935 1208 3023 perficitur.
1235 2940 1327 3027 quit,
1353 2942 1410 3028 qui
1428 2940 1461 3009 in
1484 2962 1535 3009 tot
1553 2944 1865 3024 uxorcsdividitnr,
1890 2969 2050 3016 neeurror

396 3041 560 3114 Praeterea
583 3039 688 3111 virtus
709 3037 774 3108 viri
801 3029 893 3104 finita
917 3035 981 3115 est,
1007 3041 1041 3106 δι
1064 3059 1210 3105 artatura
1236 3039 1331 3109 unice
1356 3062 1432 3107 eum
1464 3042 1632 3121 redamat,
1657 3067 1675 3111 a
1701 3066 1768 3128 quo
1798 3038 1829 3114 se
1859 3044 1957 3114 unice
1985 3067 2050 3114 nnn

397 3145 439 3213 ad
465 3162 593 3211 certum
618 3139 797 3208 terminum
820 3136 1009 3211 contraite,
1035 3157 1102 3218 quo
1128 3157 1210 3226 ergo
1236 3138 1338 3208 amari
1355 3134 1523 3226 intelligit.
1576 3141 1870 3231 Quemadmodum
1890 3140 1969 3226 mel,
1996 3159 2059 3213 gut.

398 3237 552 3333 pluribus
567 3234 737 3320 adheret,
763 3257 803 3304 co
828 3233 923 3301 citius
944 3255 1107 3321 generare
1128 3230 1211 3304 defi·
1238 3238 1363 3317 sinunt,
1380 3231 1536 3322 aquosum
1553 3241 1716 3317 redditur,
1735 3242 1788 3309 cui
1806 3241 1944 3311 nimium
1960 3265 2049 3329 aque

399 3341 460 3411 nit.
512 3341 566 3412 De
587 3333 779 3406 educatione
801 3332 890 3401 idem
908 3332 973 3399 dici
995 3333 1119 3418 potest,
1139 3332 1212 3418 quis
1238 3335 1421 3406 admixtum
1441 3335 1504 3420 est,
1531 3332 1573 3405 fic
1591 3340 1624 3406 in
1648 3337 1795 3427 plurium
1815 3365 1956 3410 uxorum
1974 3365 2051 3412 cont

398 3439 489 3510 enim
513 3457 564 3504 tor
586 3433 716 3516 liberis,
750 3452 831 3520 quot
856 3426 1071 3515 expluribus
1099 3431 1213 3501 marri·
1239 3430 1337 3503 sortio
1364 3457 1481 3517 amur,
1521 3438 1576 3522 qui
1603 3438 1688 3508 inter
1721 3445 1880 3528 conjuges
1907 3434 2052 3511 sanamus

399 3523 522 3609 moniis
542 3533 614 3604 tolli
637 3528 786 3620 possunt,
811 3528 911 3620 genio
928 3536 962 3599 δι
981 3531 1118 3617 ingenio
1139 3531 1212 3616 plu·
1239 3532 1301 3603 elle
1332 3529 1500 3620 debebat,
1536 3539 1687 3607 redditur
1713 3530 1859 3633 delenit,
1887 3535 2052 3627 aquosus,

257 3625 271 3732 ¹,
399 3640 524 3711 timum
548 3628 778 3705 differentibus
806 3630 897 3697 redte
921 3629 1098 3698 educandis
1128 3625 1215 3699 suffi-
1239 3653 1339 3717 atque
1359 3632 1590 3718 imminuitur,
1626 3638 1706 3704 dum
1732 3639 1771 3706 ad
1799 3636 1912 3723 plures
1937 3645 1968 3710 le
1999 3663 2053 3710 ex.

401 3761 502 3816 cere,
527 3758 566 3805 ac
583 3725 793 3804 necefl'ariam
810 3734 844 3797 &
862 3718 1078 3797 sufficientem
1100 3751 1214 3796 curan
1241 3731 1356 3801 tendit.
1408 3732 1542 3800 Tertius
1571 3730 1643 3802 finis
1667 3736 1712 3804 est
1733 3732 1959 3830 scortationis
1988 3735 2074 3814 evi-r

401 3831 539 3926 finssulil
563 3832 759 3919 impendere
778 3821 925 3900 valebit?
951 3829 1118 3896 Secundus
1142 3822 1214 3896 finis
1242 3830 1376 3900 tatio&
1396 3833 1581 3899 remedium
1606 3857 1721 3902 contra
1742 3830 2054 3922 concupiscentiam.

402 3937 450 4007 est
476 3939 624 4004 multtum
643 3924 869 4021 adjutorium,
897 3920 962 3994 five
977 3925 1153 3994 domestica
1167 3920 1214 3994 so.
1242 3931 1329 4002 Huic
1347 3920 1403 3994 fini
1425 3927 1539 3999 itidem
1558 3954 1724 4022 repugnat
1741 3931 1951 4024 polygonum,
1979 3937 2054 4024 quia

403 4031 502 4105 tietas
522 4039 558 4103 dt
581 4026 838 4100 communicatio
864 4046 1006 4109 operum
1039 4024 1080 4091 ad
1113 4025 1214 4093 vitam
1240 4023 1412 4115 pluralitas
1434 4050 1574 4098 uxorum
1597 4056 1665 4101 tion
1689 4035 1890 4123 exstinguet,
1918 4029 1973 4106 sed
1995 4058 2054 4124 po.

324 4171 329 4180 ·
400 4125 669 4203 necessariorum.
728 4124 817 4194 Huic
842 4118 899 4191 fini
927 4121 1150 4212 polygamiam
1175 4147 1216 4191 er
1240 4128 1305 4195 tius
1341 4127 1495 4196 incendet
1534 4125 1735 4209 libidinem,
1781 4156 1843 4202 nec
1879 4136 2054 4205 commode

399 4252 499 4320 parte
532 4229 596 4298 viri
624 4247 813 4317 repugnare
842 4221 1041 4310 Augustinus
1080 4215 1138 4293 lrb.
1174 4225 1215 4293 de
1240 4226 1364 4316 poterit
1384 4246 1468 4293 unus
1493 4228 1545 4297 vir
1574 4226 1687 4298 multis
1715 4227 1872 4300 uxoribus
1903 4230 2054 4304 debitunt

402 4328 482 4404 bon.
498 4335 632 4421 conjug.
655 4348 727 4416 cap.
744 4342 797 4412 17.
814 4342 937 4409 negare
953 4320 1098 4397 uidetur,
1112 4344 1214 4407 quan·
1239 4318 1416 4413 conjugale
1435 4327 1594 4414 reddere3
1620 4330 1699 4414 quin
1721 4330 1830 4416 potius
1850 4354 1981 4416 equum
1998 4332 2053 4416 eu,

403 4432 448 4503 dn
466 4425 631 4520 disputat,
652 4444 719 4497 nort
739 4421 790 4494 itu
811 4414 868 4515 ff
888 4420 1214 4499 maurentionem,
1240 4446 1277 4492 ut
1310 4421 1422 4492 mariti
1453 4430 1486 4495 dc
1515 4427 1625 4498 uxoris
1660 4426 1721 4500 hac
1752 4429 1785 4497 in
1807 4450 1902 4516 porte
1930 4430 1969 4501 stt
1993 4455 2055 4520 prr

401 4540 442 4604 ut
458 4529 514 4600 nir
538 4549 623 4599 unur
644 4523 760 4622 plures
777 4541 918 4604 uxores,
935 4517 1024 4618 ficut
1044 4541 1130 4590 unus
1155 4518 1215 4590 do·
1240 4523 1405 4611 potestas,
1432 4546 1469 4591 ae
1505 4527 1672 4611 proinde,
1715 4550 1752 4596 ut
1784 4553 1865 4597 ntor
1897 4522 2055 4602 feroram

393 4631 516 4703 minor
537 4619 661 4697 multos
679 4622 797 4718 seruos
819 4616 964 4698 lrabeatt
1005 4613 1060 4688 sed
1090 4617 1215 4689 intelli·
1241 4623 1342 4692 tradit
1364 4620 1467 4699 viro,
1502 4644 1563 4694 nec
1585 4621 1685 4696 halet
1717 4628 1867 4721 corporis
1882 4625 1941 4722 siti
1966 4641 2057 4725 pota

402 4729 555 4822 gendum
581 4723 645 4796 boc
672 4724 719 4793 est
740 4728 950 4814 comparate,
977 4720 1067 4805 quod
1091 4711 1216 4789 scilicet
1234 4723 1374 4818 statem,
1401 4718 1445 4788 ita
1462 4744 1593 4810 quoque
1616 4723 1800 4797 maritusse
1823 4749 1929 4797 totum
1949 4735 2056 4810 tradat

401 4849 470 4899 non
502 4825 586 4896 adeo
616 4825 740 4893 dirette
757 4830 791 4893 dt
811 4811 984 4896 absolute,
1021 4836 1083 4886 nee
1109 4818 1144 4887 in
1175 4840 1215 4887 eo
1241 4821 1359 4903 uxori,
1381 4842 1438 4888 nec
1459 4817 1580 4895 babeat
1603 4827 1754 4917 corporis
1769 4821 1829 4920 sui
1844 4830 2056 4928 potestatem,

403 4928 512 5020 gradu
539 4923 658 4994 rationi
688 4936 873 5011 repugnet,
897 4919 1006 4989 airum
1031 4940 1134 4986 unum
1159 4915 1216 4987 ha·
1248 4922 1355 4993 rCor.
1375 4924 1449 4989 Vll.
1464 4942 1501 5012 4.
1553 4924 1701 5017 Quartus
1733 4928 1877 5012 denique
1909 4927 2057 5023 conjugii

403 5023 484 5097 bere
504 5021 616 5114 plures
637 5044 773 5098 uxores,
804 5040 870 5104 quo
894 5019 1003 5088 cidem
1024 5035 1213 5105 repugnat,
1239 5011 1313 5088 finis
1333 5020 1379 5088 eli
1397 5027 1496 5112 typus
1508 5015 1635 5121 Clrrijli
1653 5018 1693 5094 8
1706 5024 1852 5121 ecclqfiae.
1905 5030 1994 5100 Huic
2019 5026 2056 5102 fi·

399 5122 575 5198 sentinam
596 5146 696 5195 unam
720 5116 844 5192 habete
866 5116 980 5209 plures
1005 5117 1161 5200 meritust
1189 5111 1212 5187 fi
1237 5119 1272 5191 ni
1292 5115 1517 5211 polygrmiaur
1539 5129 1730 5216 repugnare
1752 5124 1877 5197 nernini
1902 5128 2054 5201 dubium.

2005 5231 2061 5301 Ut
