4884 5984
381 490 508 590 ιιι,
571 563 576 572 ,
938 486 1087 562 rocus
1111 483 1238 560 xxnt
1287 482 1442 596 cervr
1465 488 1547 557 tx.¹
1731 535 1755 572 .,

430 680 528 756 riuiis
546 676 693 770 hospites
709 677 865 752 invitatus
882 679 1093 756 nitidioribus
1113 678 1228 756 &ta
1256 674 1297 751 Ei
1318 682 1353 754 in
1371 679 1427 754 die
1448 679 1579 754 teeieie
1596 674 1708 751 cordis
1724 679 1805 774 esur.
1861 674 2050 778 5.)·Sportfi

285 827 288 832 -
432 776 826 854 noratioribuscuellibus
854 773 949 852 fuitle
973 779 1067 861 usos,
1098 779 1229 870 colligi·
1253 775 1479 854 obviationem
1507 779 1573 851 five
1595 780 1628 848 in
1656 776 1829 850 occursum
1850 774 1977 869 spons:
1996 781 2049 851 ad-

436 902 493 970 tur¹
508 903 548 954 et
560 875 716 968 parabola
737 874 866 948 christi
887 875 1010 952 Matth.
1029 875 1142 950 XXII.
1172 903 1227 954 ιι.
1254 882 1417 952 tentantis
1443 873 1702 969 proteffionem
1750 875 1873 964 probat
1905 873 2050 950 billor'n

403 975 669 1061 'ubi-taxatur,
696 976 755 1064 qui
778 967 950 1074 destitutus
966 996 1038 1048 erat
1062 979 1145 1076 ueste
1169 999 1231 1050 nu·
1258 1003 1270 1052 ι
1295 977 1446 1052 Maccab.
1467 977 1527 1050 IX.
1559 1001 1614 1066 ³9·
1687 969 1837 1072 Sponsus
1863 975 1978 1048 exivit
2011 970 2050 1050 ii

429 1076 550 1177 ptiuli.
600 1081 653 1165 4;)
678 1069 819 1172 Sponsa
837 1075 1091 1149 exornationem
1111 1078 1146 1148 in
1168 1077 1230 1166 po-
1255 1078 1357 1150 amt'ci
1381 1073 1451 1173 'ejus
1481 1072 1522 1150 ὃ
1548 1073 1679 1167 fratres
1711 1077 1780 1169 ejus
1808 1077 1844 1147 in
1879 1069 2048 1170 occursum

433 1173 516 1265 pulo
532 1177 598 1247 Dei
613 1171 765 1268 usitatam
782 1169 897 1258 tuine,
921 1173 1092 1266 colligitur
1105 1184 1230 1247 tumtx
1248 1174 1382 1275 sponsae
1404 1172 1444 1250 Εἴ
1467 1177 1624 1247 comitum
1645 1169 1714 1270 ejus
1728 1199 1800 1246 cum
1821 1168 2051 1269 tympanis&
2097 1239 2099 1246 .

311 1337 314 1342 .
430 1273 583 1346 historica
596 1269 1156 1346 commemorationeGeu.XXlV.
1173 1298 1231 1364 53·
1257 1277 1390 1374 ntnstais
1416 1271 1456 1348 fii
1478 1274 1584 1347 arenis
1604 1273 1730 1345 ntultis.
1753 1274 1928 1366 [quamvis
1949 1271 2053 1346 ibide

432 1371 492 1446 ubi
518 1371 691 1444 Eleazarus
711 1366 811 1440 lsaaci
833 1393 1015 1461 proxeneta
1037 1374 1138 1442 donat
1162 1375 1232 1444 Re·
1257 1373 1331 1447 filiis
1348 1377 1462 1447 Ambri
1479 1399 1545 1446 non
1558 1377 1599 1443 de
1614 1370 1765 1443 israelitis
1781 1371 1818 1442 tit
1832 1369 1959 1470 sermo]
1971 1379 2052 1446 Gen.

434 1470 544 1544 btccae
563 1473 683 1568 neser,
708 1467 828 1558 quibus
856 1467 971 1559 sponso
995 1463 1053 1540 suo
1073 1466 1105 1542 so
1127 1491 1234 1541 ornet.
1258 1473 1390 1546 XXIV.
1406 1485 1463 1556 63.
1483 1499 1522 1544 ex
1541 1469 1696 1562 lingulari
1711 1472 1775 1541 Dei
1798 1473 1956 1542 innitetur
1980 1467 2055 1541 liru-

385 1591 389 1606 ·
435 1574 560 1662 Jerent.
578 1573 622 1641 lt.
644 1589 701 1658 32.
750 1562 844 1640 Num
866 1564 1083 1664 obliuiscetur
1103 1565 1232 1665 sponsu
1257 1599 1314 1646 cus
1337 1575 1509 1662 egreditur
1531 1571 1566 1640 in
1587 1593 1707 1664 agrum
1730 1566 1776 1639 ad
1801 1568 2053 1652 nuditundunt,

428 1665 750 1764 susciaeptfforult't
758 1664 854 1760 suaet
878 1670 1083 1739 intlebraeos
1099 1689 1234 1739 ornatus
1258 1697 1335 1743 cum
1355 1666 1466 1758 sponsa
1486 1669 1638 1740 Rebecca
1652 1667 1710 1752 ipfi
1734 1671 1924 1740 adducitur.
1939 1675 2056 1758 lixpt·

436 1764 603 1840 suit-tuen
623 1791 663 1838 tx
682 1765 872 1855 parabolica
892 1767 1071 1857 spititualis
1086 1767 1235 1858 coniugii
1260 1763 1928 1859 rabolaChritltMatth.XXV.t.colligi
1943 1769 2055 1856 potest.

351 1939 356 1948 ,
437 1863 670 1954 descriptione.
688 1861 896 1935 Fial-XLV.
911 1885 962 1939 ιο.
993 1859 1121 1963 Adslat
1133 1862 1238 1961 spon·
1261 1865 1492 1949 mansinile,
1519 1887 1555 1935 ut
1572 1860 1703 1954 sponsus
1721 1860 1912 1956 vespertino
1931 1889 2057 1957 ternpo-
2082 1949 2084 1954 ¹

431 1961 477 2062 sa
493 1988 516 2035 a
537 1963 764 2046 dextrittuir
791 1963 826 2033 in
851 1984 935 2035 aura
975 1960 1092 2058 Opiter.
1122 1990 1154 2035 v.
1186 1989 1237 2054 ¹5·
1262 1995 1298 2039 rc
1323 1969 1498 2037 contitutus
1527 1961 1786 2036 adolescentibus
1809 1961 1884 2056 [qui
1906 1961 2056 2039 diceban-

443 2060 501 2134 De
517 2059 665 2160 capsulis
676 2061 787 2134 aureis
789 2063 841 2230 ἕ]
859 2063 991 2146 uestitus
1003 2064 1091 2158 ejus,
1108 2064 1144 2135 in
1160 2085 1237 2132 acu
1262 2091 1318 2137 tot
1338 2065 1441 2136 amici
1451 2060 1575 2161 spons]
1596 2065 1766 2133 accederet
1785 2059 1908 2152 sponse
1927 2060 1990 2137 stre
2004 2068 2058 2138 do·

437 2160 540 2260 pittis
558 2153 738 2233 adducitur
766 2183 787 2230 a
840 2184 961 2256 regem.
989 2165 1087 2234 Cant.
1112 2160 1179 2231 lV.
1209 2185 1238 2232 ι.
1263 2191 1355 2236 ntum
1374 2166 1416 2234 ad
1439 2164 1569 2250 nuptias
1586 2185 1660 2230 eant
1681 2184 1909 2241 evocaturos,
1935 2189 1974 2234 ac
1991 2175 2058 2234 tuni

449 2257 560 2357 Quam
578 2257 722 2356 pulchra
737 2282 770 2331 es
784 2260 899 2331 amica
920 2283 991 2330 mea
1007 2261 1026 2330 !
1055 2287 1088 2332 v.
1103 2285 1135 2345 9.
1165 2255 1240 2332 Ra·
1263 2271 1399 2335 edunto
1416 2257 1538 2350 sponse
1564 2261 1710 2348 virgines
1737 2263 1886 2344 quedam
1915 2261 2059 2336 adlidere·

438 2360 545 2459 puisi
566 2379 623 2429 cor
642 2381 747 2430 meum
770 2355 807 2430 in
827 2381 893 2429 nno
915 2356 1085 2429 oculorum
1106 2369 1240 2430 tuorum
1267 2385 1315 2433 ter
1334 2356 1455 2448 sponsa
1479 2353 1567 2447 [quse
1593 2357 1796 2430 vocabantur
1822 2360 1943 2431 antica
2083 2387 2085 2394 ·

338 2495 342 2502 ·
449 2454 491 2532 fii
515 2457 551 2530 in
573 2478 637 2527 uno
656 2456 863 2549 torqueeotli
880 2455 942 2528 tui.
967 2451 1048 2546 Esaj.
1071 2461 1160 2527 ext.
1187 2477 1240 2528 ιο.
1259 2458 1323 2555 sa]
1342 2453 1536 2546 spont'aipt‘a
1557 2455 1648 2524 domi
1668 2452 1909 2530 relidentetts
2009 2465 2063 2534 ιιι.

451 2553 594 2652 Operuit
611 2577 661 2624 me
681 2554 874 2626 indumento
884 2555 1026 2652 justitia
1041 2549 1241 2652 quastspon
1267 2579 1404 2627 ventum
1422 2550 1647 2642 pullulante,
1673 2557 1849 2640 prodirent
1868 2549 1994 2643 sponse
2006 2559 2063 2632 ob·

440 2653 519 2754 sam
543 2664 701 2726 ornatam
732 2653 768 2724 in
799 2650 980 2724 monitibus
1007 2649 1092 2744 suis.
1121 2647 1242 2721 Ezeth.
1270 2658 1356 2723 viam
1377 2656 1567 2724 deductura
1588 2648 1682 2720 illum
1706 2676 1782 2721 cunt
1804 2652 2062 2742 lampadiburiu

447 2749 612 2826 XVl.to.
630 2749 759 2850 Vestini
774 2761 806 2824 te
821 2746 1055 2846 discoloribus,
1067 2745 1244 2822 &calem-
1270 2755 1406 2822 dantum
1425 2743 1546 2838 sponsu
1568 2757 1602 2820 ἀ
1617 2749 1819 2836 nuptialibus
1842 2757 1977 2844 gaudiis
1992 2779 2062 2830 tuot
2099 2837 2101 2842 ,

448 2851 488 2924 ui
504 2859 536 2924 te
552 2848 757 2944 hyacintho,
786 2845 827 2923 tr
843 2850 941 2921 cinni
959 2842 1072 2942 bysso,
1102 2843 1145 2919 di
1171 2867 1246 2940 ope-
1270 2873 1311 2924 ιο
1326 2846 1550 2937 perfruitura.
1599 2855 1649 2938 6.)
1674 2841 1831 2948 Faustam
1855 2849 2062 2950 adprecmu

449 2950 507 3024 rui
522 2959 553 3024 te
567 2947 688 3046 serico.
705 2975 739 3019 v.
767 2975 822 3024 ιι.
876 2946 930 3022 Et
955 2947 1078 3019 ornavi
1094 2955 1126 3017 te
1148 2961 1249 3019 orne
1270 2971 1343 3020 nem
1364 2950 1398 3017 in
1419 2948 1543 3032 nuptiis
1559 2943 1652 3016 fuilse
1667 2942 1814 3030 solitam,
1840 2941 2063 3046 colligitttrer

369 3101 372 3106 -
450 3058 582 3133 menta,
612 3045 653 3120 8
672 3045 752 3118 aete·
774 3045 929 3119 armillas
947 3045 983 3117 in
1001 3041 1158 3117 manibus
1179 3042 1249 3116 tuis
1274 3053 1357 3118 Gen.
1373 3042 1506 3114 XXIV.
1522 3051 1581 3117 60.
1605 3067 1786 3132 precantur
1804 3073 1983 3136 parentes,
2004 3049 2064 3126 fra·

444 3143 497 3220 -8
517 3156 664 3240 torquem
684 3146 775 3216 circa
794 3144 911 3218 collum
934 3155 1038 3216 tuum.
1055 3172 1087 3215 v.
1114 3167 1166 3216 ιι.
1196 3137 1249 3212 Et
1274 3168 1339 3214 tres
1354 3153 1388 3215 dt
1406 3145 1539 3232 cognati
1551 3138 1710 3230 prospera
1729 3142 1890 3219 Rebeccae
1906 3145 2063 3224 dieentes:

451 3244 531 3320 teeti
545 3242 611 3317 tibi
626 3241 749 3314 monile
763 3243 797 3314 in
812 3244 908 3337 faeie
924 3253 1001 3326 tna,
1031 3240 1174 3313 circulos
1187 3259 1248 3310 an·
1274 3240 1381 3314 Soror
1403 3242 1514 3337 nostra
1537 3263 1593 3320 es,
1620 3241 1744 3334 ctesias
1767 3246 1801 3315 in
1825 3247 1916 3318 mille
1937 3251 2063 3335 millia,

451 3341 546 3418 ribus
569 3343 661 3420 tuis,
692 3338 733 3412 di
750 3365 906 3415 coronant
934 3341 1062 3412 decoris
1082 3339 1117 3409 in
1140 3339 1250 3432 capite
1278 3337 1435 3434 &senten
1452 3349 1542 3408 tutent
1554 3338 2064 3435 poffideatnortorinimicorum

454 3454 525 3519 tuo.
549 3470 582 3512 v.
610 3465 665 3523 ις.
719 3437 772 3511 Et
789 3451 910 3513 ornata
924 3464 956 3509 es
975 3461 1058 3508 auro
1077 3433 1117 3508 di
1131 3459 1250 3530 argen-
1276 3453 1417 3510 tuorum.
1438 3436 1543 3507 Ruth.
1563 3437 1627 3508 lV.
1651 3464 1703 3513 ιι.
1717 3439 1858 3514 seniores
1873 3444 2066 3520 urbislietlt·

453 3553 506 3626 to,
544 3533 584 3612 di
609 3540 725 3632 uestitu
745 3565 778 3609 er
800 3535 888 3632 il‘ffi’
913 3534 953 3609 fi
968 3535 1078 3632 serico
1109 3531 1150 3606 Εἴ
1171 3557 1252 3604 acu·
1277 3539 1448 3608 letntitictt
1473 3538 1628 3624 cunjugio
1650 3543 1803 3612 Boozi'&
1829 3544 1954 3617 Ruthae
1975 3544 2067 3618 fausta

445 3637 553 3738 pitis
569 3633 720 3733 uestitior.
743 3637 827 3716 Eub.
842 3645 882 3707 V.
900 3658 954 3722 27.
1015 3633 1064 3708 Ut
1084 3633 1255 3706 exhiberet
1278 3653 1479 3724 precantur:
1512 3629 1636 3706 Faciat
1659 3631 1829 3711 Dratinus
1852 3641 1942 3714 itanc
1961 3644 2068 3717 mulie·

442 3736 518 3839 sbi
536 3734 700 3806 eceteram
724 3725 870 3824 ἔνδοξον,
897 3755 963 3806 non
984 3732 1155 3804 habentem
1182 3753 1253 3804 ma-
1279 3758 1357 3821 rent,
1374 3754 1446 3828 qua
1459 3732 1789 3825 ingreditnrdoneum
1807 3749 1899 3812 tuam
1911 3737 2068 3843 sentila·

441 3833 567 3908 ‚culam
585 3827 652 3903 &a
673 3840 781 3919 apoc.
798 3831 892 3902 XlX.
914 3853 946 3918 7.
1005 3832 1174 3905 Venerunt
1195 3855 1255 3903 nn·
1280 3829 1350 3903 eltel
1370 3829 1409 3903 Ei
1434 3827 1560 3912 ham,
1579 3856 1649 3926 qua
1670 3835 1925 3932 aelt'ficanernnt
1943 3844 2068 3916 doenum
2096 3921 2099 3926 ,

453 3935 539 4031 pria
560 3931 667 4025 agni,
703 3925 745 4001 ii
764 3952 863 4002 anot·
877 3932 947 4022 ejus
971 3932 1184 4027 preparavit
1199 3927 1253 4024 se.
1282 3929 1400 4024 Istael.
1421 3930 1595 4003 Tob.Vll.
1616 3955 1665 4019 ις.
1693 3937 1827 4025 Raguel
1842 3949 1965 4027 parent
1980 3941 2069 4032 span.

459 4061 492 4104 v.
517 4040 548 4108 8.
604 4027 658 4102 Et
678 4027 794 4100 taram
813 4031 855 4126 es
877 4028 946 4114 itti,
971 4041 1009 4102 ut
1028 4031 1198 4124 cooperiat
1219 4025 1256 4118 se
1282 4029 1319 4101 sae
1339 4028 1440 4100 filiam
1463 4023 1550 4099 suant
1572 4036 1683 4100 Soram
1707 4037 1821 4104 Tabia·
1843 4044 2010 4112 adducens
2025 4044 2069 4110 in·

429 4181 441 4222 .·
458 4125 783 4302 sslffm'splmdmti
800 4123 841 4199 ὅ
852 4128 1007 4200 candido.
1024 4127 1115 4199 XXl.
1131 4155 1164 4201 ι.
1192 4124 1253 4199 Vi-
1282 4131 1374 4215 qnit:
1418 4120 1511 4199 Deus
1538 4125 1744 4209 Atratum,
1788 4131 1883 4207 Dent
1907 4135 2009 4234 Isaac
2034 4132 2070 4210 ii

484 4256 495 4303 ι
508 4225 661 4326 santiam
682 4226 872 4309 ciuitatem,
890 4225 1103 4322 Hierusalem
1123 4247 1256 4309 trovam,
1284 4223 1379 4297 Dent
1397 4217 1519 4322 Jacob
1536 4226 1702 4321 t-*oleiseuut
1714 4233 1777 4324 fit,
1805 4231 1845 4306 ἔθ’
1859 4233 1928 4332 ipse
1943 4241 2071 4333 conjun-

443 4351 483 4404 .a
508 4323 584 4401 Deo
603 4336 787 4424 paratam,
804 4327 897 4421 strat
915 4325 1076 4424 sponsant
1101 4337 1257 4398 ornatam
1283 4338 1346 4421 gat
1366 4348 1441 4408 uror,
1476 4325 1674 4420 inrepleatqne
1703 4327 1957 4407 beneditionem
1976 4339 2069 4431 suan

460 4429 538 4504 uiro
549 4424 625 4522 sato.
675 4429 750 4496 Nec
767 4420 872 4496 solunt
892 4422 1055 4514 sponsam,
1081 4420 1135 4498 sed
1157 4426 1258 4497 etiam
1284 4428 1320 4497 in
1344 4421 1440 4495 uobis
1460 4421 1517 4493 lX.
1536 4450 1567 4516 9.
1589 4426 1732 4498 Gabalos
1746 4431 1860 4502 Tubiae
1875 4431 1964 4509 hisce
1981 4436 2072 4508 bene·

453 4525 614 4625 sponsetm
633 4520 740 4620 ipsum
761 4525 794 4593 in
815 4526 869 4596 die
889 4527 1080 4612 nuptiarum
1100 4547 1258 4595 coronata
1283 4527 1363 4594 dicit
1391 4521 1524 4594 verbis:
1562 4521 1746 4598 Benedicat
1774 4541 1803 4601 te
1838 4528 1933 4606 Deus
1959 4530 2069 4631 lsrael.

460 4622 621 4718 pallade,
645 4621 816 4714 colligitur
838 4648 877 4694 ex
898 4620 978 4710 Esaj.
992 4627 1078 4696 [xl.
1098 4649 1149 4693 ιο.
1173 4618 1260 4694 Tan-
1285 4652 1317 4697 v.
1344 4646 1393 4692 10.
1448 4618 1500 4692 Et
1525 4622 1659 4698 dicatur
1679 4625 1858 4703 benedictio
1880 4630 1978 4728 saepen
1996 4655 2072 4707 ura·

461 4746 560 4821 quam
583 4718 746 4819 sponsrtm
772 4719 905 4794 induere
919 4721 1009 4815 secit
1032 4727 1134 4820 ltin,
1169 4743 1262 4793 coro·
1284 4744 1352 4793 rem
1370 4732 1461 4790 tuam
1485 4717 1525 4793 di
1537 4721 1639 4817 stenen
1658 4739 1811 4820 parentes
1826 4733 1958 4827 nestros.
1974 4761 2005 4806 v.
2026 4754 2071 4806 ιι.

461 4853 558 4918 nant,
584 4855 622 4906 ut
643 4836 781 4923 adparet
806 4859 844 4907 ex
871 4859 905 4904 v.
933 4860 965 4920 ς.
989 4838 1087 4906 Cant,
1112 4833 1174 4908 ΙΙΙ,
1206 4857 1259 4908 tr.
1290 4817 1341 4892 Et
1364 4818 1508 4892 uideatis
1528 4823 1628 4918 filios
1658 4829 1727 4922 ves.
1742 4850 1788 4906 os,
1805 4825 1846 4899 ξδ’
1867 4831 1970 4926 silius
1985 4829 2073 4930 filio·

465 4929 686 5026 Egredimini
698 4982 710 5012 ,
746 4930 787 5006 δι’
808 4929 916 5004 uidete
934 4931 1026 5029 filie
1049 4928 1134 5007 Sion
1153 4957 1262 5029 regem
1287 4922 1560 5031 rnrnaestrorum,
1573 4947 1670 5017 “stlte
1681 4925 1858 4998 intertium
1878 4926 2074 5026 &quartum

464 5027 679 5106 Salomonem
703 5031 738 5103 in
761 5031 973 5114 diademate,
999 5055 1062 5124 qno
1086 5035 1263 5107 coronavit
1286 5030 1552 5113 gfflttfllwtttms
1582 5018 1622 5092 ὅ
1635 5024 1684 5119 fit
1697 5022 1808 5119 semen
1832 5031 1972 5126 vestrum
1994 5028 2077 5102 bene·

462 5129 557 5209 iilum
572 5144 679 5208 mater
685 5128 754 5228 stra
771 5133 808 5205 in
820 5129 875 5204 aie
889 5127 1156 5229 desponsationis
1169 5131 1263 5208 iltius
1286 5116 1451 5193 didimi
1475 5113 1551 5192 9⁸⁰
1566 5116 1692 5217 Israel,
1718 5125 1776 5221 qui
1792 5138 1914 5222 regnat
1941 5130 1978 5203 in
1992 5126 2078 5227 sect·

2052 5235 2082 5308 lt
