4884 5984
716 471 722 482 ¹
789 511 854 586 uu
904 506 1106 584 ersacrrs
1154 509 1389 604 cumton.
1463 565 1482 582 ,
1829 540 1904 617 415
2022 503 2024 508 ·

268 733 347 800 rat,
370 736 409 788 ac
422 703 593 785 domisuae
611 729 650 780 ea
669 703 870 800 peragebat,
895 707 1077 796 undenni-
1098 705 1348 804 injlrumentum
1370 705 1484 783 dotale
1497 703 1723 810 conscriptam
1743 721 1803 824 est,
1825 719 1899 822 (pe.

271 811 359 885 libet
367 810 551 911 sacratio,
577 805 642 878 hoe
661 807 729 886 esi,
756 806 853 885 lota,
874 808 932 878 ubi
956 831 1008 878 res
1027 803 1075 877 sa·
1095 806 1183 880 Hori
1203 807 1289 878 euim
1304 804 1397 878 debet
1411 808 1442 879 ir
1461 806 1570 896 iocus,
1595 813 1630 884 itt
1650 821 1744 915 cujus
1755 811 1898 900 duritiei.

269 936 339 984 crae
365 927 608 1003 reponerentur
640 913 675 977 tc
702 904 938 984 servarentur,
971 927 1009 976 ac
1026 907 1073 975 dii
1095 905 1180 978 lium
1200 902 1243 979 Θ
1265 902 1339 1000 ippa
1363 908 1482 980 mulier
1502 933 1562 1004 per
1580 915 1801 994 conditionem
1824 948 1897 998 ma.

268 1031 408 1103 penates
424 1010 632 1086 colerentur,
656 1005 747 1075 domi
765 996 831 1074 sua
844 1001 1007 1083 habebat,
1034 1021 1071 1073 ut
1094 1004 1252 1078 trimonii
1266 1014 1341 1077 erat
1360 1006 1520 1080 reditura.
1550 1008 1573 1078 l.
1595 1017 1819 1102 Imperatores
1834 1040 1893 1115 38.

267 1131 312 1181 er
334 1097 551 1195 scriptoribus
571 1104 738 1175 Romanis
752 1099 968 1173 notiffimuua.
991 1099 1068 1172 Vid.
1093 1101 1130 1176 ff.
1161 1106 1203 1176 ad
1231 1104 1466 1191 municipalem
1488 1114 1515 1192 ς.
1543 1129 1572 1196 3.
1617 1117 1829 1191 ·Antottinus
1855 1127 1892 1198 tc

268 1207 379 1279 retus
396 1203 473 1277 libr.
495 1197 612 1272 XVll.
636 1200 757 1270 Cicero
775 1196 834 1273 lib.
856 1197 902 1271 ll.
930 1201 973 1271 de
999 1197 1066 1290 leg.
1095 1207 1198 1275 Verus
1219 1198 1477 1288 rescripserunt,
1512 1202 1705 1298 mulierem,
1731 1217 1892 1308 mendice

265 1302 393 1377 Plinius
416 1307 452 1375 in
472 1322 594 1390 paneg.
613 1299 654 1369 ad
672 1303 805 1385 Trajan.
826 1295 977 1367 Valerius
992 1299 1068 1369 Ma·
1088 1312 1195 1397 ncepta
1208 1301 1271 1399 est,
1297 1295 1443 1370 incolam
1463 1301 1607 1394 ejusdem
1629 1307 1783 1387 ciuitatis
1797 1316 1892 1391 uide.

265 1404 377 1475 ximus
398 1401 476 1474 libr.
501 1399 543 1471 ll.
566 1419 639 1496 cap.
658 1392 684 1467 1.
709 1403 775 1468 dte.
825 1396 957 1466 Dicitur
980 1417 1065 1488 ergo
1088 1398 1140 1479 rr',
1164 1401 1259 1493 cujus
1273 1397 1501 1492 mariturejus
1518 1404 1571 1499 est.
1623 1410 1676 1492 ς.)
1691 1409 1795 1504 Quod
1805 1438 1889 1489 ωε

265 1502 381 1577 diuini
398 1494 767 1599 jurir‘commuuicatio
792 1496 881 1563 inter
905 1494 1063 1565 meritum
1086 1497 1252 1568 honorum
1274 1505 1309 1569 δι
1336 1491 1535 1588 dignitatum
1564 1505 1673 1574 mariti
1695 1504 1753 1580 fiat
1783 1515 1889 1599 pani.

231 1612 302 1685 ...·&
322 1625 460 1674 uxorem
481 1594 579 1674 lieri,
603 1594 703 1681 inque
721 1587 916 1687 sacietatem
938 1587 1064 1663 diuinae
1086 1619 1176 1685 ceps.
1197 1596 1219 1666 l.
1242 1594 1273 1666 Si
1287 1592 1440 1665 libertam
1456 1612 1516 1683 28.
1531 1599 1575 1670 C.
1589 1601 1631 1671 de
1644 1606 1754 1694 Nupta
1772 1611 1888 1684 decer.

261 1695 383 1774 domur
400 1722 484 1770 uxor
499 1690 635 1778 suscipi,
660 1694 736 1778 quia
760 1691 968 1777 privatorum
988 1687 1063 1760 illo·
1085 1694 1135 1764 nit
1154 1692 1374 1784 justinianus:
1409 1688 1512 1766 Uxor
1529 1697 1654 1769 marito
1670 1705 1885 1801 concrescat,

260 1821 340 1872 rum
370 1791 537 1869 sacrorum
566 1811 634 1860 tam
668 1788 910 1881 gentilitiorum
924 1815 946 1872 ,⁴
963 1809 1061 1872 quam
1084 1789 1247 1888 (dignitas
1266 1790 1378 1859 uxoris
1398 1813 1475 1861 cum
1492 1795 1603 1864 mariti
1615 1799 1776 1889 dignitate
1789 1803 1885 1879 fimul

260 1886 637 1977 domesticorumfiebat
649 1888 827 1975 particeps.
868 1886 922 1975 2.)
939 1879 1062 1980 Respe-
1085 1888 1222 1973 arescat)
1244 1883 1428 1980 &sentiat
1443 1888 1712 1987 e‘ussulgorem.
1763 1902 1885 1991 Ulpia-

262 1993 316 2076 ἄν
330 1993 448 2067 habito
462 1989 508 2063 ud
528 2010 632 2060 morer
654 1981 930 2083 Clariflianorum.
970 1986 1060 2056 Cum
1083 2009 1145 2058 uus
1160 1987 1183 2058 l.
1200 1984 1357 2058 foeutinoe.
1378 2001 1412 2073 8.
1431 1911 1473 2057 ts
1495 1991 1537 2059 de
1553 1986 1783 2068 senatoribus:
1806 1995 1883 2072 Fe-

257 2097 355 2167 e'nim·
371 2090 581 2176 ethnicorum
603 2083 768 2157 sacrarum
785 2081 839 2155 vel
855 2083 964 2169 potius
987 2082 1059 2153 ido.
1082 2086 1182 2158 mierae
1206 2093 1320 2178 nuptae
1351 2081 1540 2182 clariffimr
1564 2086 1716 2181 personis
1742 2093 1883 2195 cluriffl·

256 2190 488 2265 lolatricorum
510 2183 662 2256 cultuum
681 2182 825 2254 tenebra
840 2178 981 2251 caelestis
998 2185 1058 2250 do.
1080 2205 1211 2256 morum
1235 2177 1449 2275 personarum
1473 2184 1694 2279 adpellatione
1712 2193 1881 2269 cautium.
2004 2201 2007 2207 .

256 2292 375 2363 dirior.
394 2288 469 2361 luce
489 2307 551 2373 per
572 2284 636 2354 Dei
658 2283 799 2371 gratiam
815 2281 904 2365 apud
920 2298 980 2347 nus
997 2275 1058 2349 ho.
1080 2289 1153 2364 tue,
1169 2280 1326 2372 staminis
1340 2281 1427 2351 euim
1446 2278 1649 2376 dignitatern
1663 2287 1757 2362 clari
1777 2317 1879 2369 amam
1902 2299 1904 2303 ’

255 2391 315 2460 die
337 2385 399 2457 snt
421 2379 590 2458 discusse,
614 2381 689 2449 ideo
707 2399 837 2466 partem
865 2370 956 2444 illam
975 2372 1057 2446 defi·
1079 2379 1199 2452 mariti
1217 2375 1379 2455 tribuunt.
1430 2382 1489 2472 4.)
1516 2381 1619 2473 Quod
1643 2411 1727 2460 uxor
1747 2391 1783 2462 in
1807 2417 1880 2468 nu.

254 2487 391 2558 nitionis
409 2486 451 2555 ad
470 2480 597 2553 nostros
622 2500 732 2549 mores
749 2500 788 2547 ae
815 2477 897 2545 ritus
921 2473 1055 2543 adcom-
1076 2480 1133 2550 riti
1151 2472 1309 2547 familiam
1330 2474 1512 2550 transeetl.
1535 2487 1769 2570 pronunciatio
1795 2509 1875 2584 195,

253 2570 601 2659 moritoilensem,
623 2573 1054 2663 quaduxoreidemparo.
1076 2568 1267 2666 §.⁴5.ff.de
1289 2575 1392 2646 Verlt.
1414 2576 1506 2666 Siga.
1566 2575 1701 2655 Mulier
1717 2583 1876 2680 samma
2008 2612 2011 2620 Ι
2068 2551 2071 2560 .

250 2678 339 2756 thie
361 2678 399 2750 stt
416 2676 565 2752 subdita,
592 2677 647 2743 cui
671 2673 836 2749 maritus,
862 2686 899 2737 ut
919 2664 966 2735 ibi
992 2691 1052 2738 au.
1067 2669 1140 2764 srrae
1162 2665 1206 2743 δ’
1216 2679 1318 2766 copres
1340 2662 1477 2768 &finit
1490 2674 1543 2772 efl-
1596 2678 1650 2773 5.)
1672 2681 1776 2781 Quod
1788 2698 1876 2761 uxor

251 2779 367 2850 dieudi
391 2774 532 2849 verbum
555 2773 621 2842 Dei
648 2778 682 2843 dt
707 2765 985 2856 sacramentorum
1012 2790 1051 2835 u.
1073 2765 1112 2839 fic
1127 2791 1348 2840 erumnarum
1371 2778 1406 2843 δι
1421 2769 1647 2846 adllitlionum
1664 2783 1774 2852 marini
1787 2777 1873 2858 soci.

251 2880 432 2948 tendorum
459 2880 510 2959 jus
529 2865 648 2939 habeat
668 2916 679 2945 ,
702 2865 839 2951 aliisque
854 2865 1049 2940 commodis
1071 2867 1096 2938 l.
1111 2869 1249 2953 Nuptiae
1272 2892 1299 2936 t.
1317 2863 1355 2937 ff.
1375 2872 1415 2938 de
1434 2870 1488 2939 rit
1503 2894 1599 2960 nupt.
1642 2871 1873 2975 Nuptiaesunt

245 2971 401 3052 fruatur,
427 2993 500 3059 que
527 2962 637 3039 adfert
655 2963 812 3043 ecclelia,
846 2962 993 3045 itemque
1008 2987 1055 3038 ut-
1071 2960 1273 3057 consortium
1299 2965 1407 3036 omnis
1433 2967 1523 3038 uitae.
1548 2967 1570 3039 l.
1588 2972 1629 3064 ¹si
1656 2998 1733 3047 cum
1754 2980 1887 3054 dotem.

240 3066 502 3159 sepulchrorum
522 3073 573 3156 jus
594 3062 718 3137 ibidem
736 3059 895 3133 obtineat.
910 3081 939 3128 c.
954 3062 1050 3129 Una·
1067 3085 1130 3137 22·
1151 3074 1184 3146 ,⁴0
1212 3063 1243 3132 Si
1268 3064 1405 3131 maritus
1427 3088 1460 3146 7.
1487 3060 1524 3138 ff·
1554 3062 1648 3140 solut.
1678 3075 1869 3154 matrimon.

244 3191 389 3259 queque
411 3190 464 3254 ¹3·
479 3188 512 3252 q.
539 3187 571 3233 ι.
621 3159 821 3237 Accurtius,
853 3150 924 3227 Piso
951 3162 1048 3228 Soac.
1073 3155 1177 3231 notit
1194 3171 1265 3231 tam
1287 3157 1465 3231 maranum
1485 3157 1551 3260 est,
1581 3189 1680 3259 quum
1704 3169 1870 3265 fortuitis

247 3268 321 3339 eius
343 3277 378 3339 re
398 3264 454 3335 alii
477 3258 809 3333 communicationem
829 3253 943 3327 diuini
955 3255 1196 3355 jurir'castbus
1210 3255 1361 3330 mulieris
1381 3260 1540 3332 maritum
1562 3262 1617 3335 uel
1636 3289 1774 3342 uxorem
1798 3272 1869 3348 uiri

243 3361 399 3438 referunt
424 3366 465 3433 ad
492 3366 642 3447 eiusdem
672 3355 843 3446 religionis
873 3349 1046 3442 proseslio-
1065 3355 1265 3450 participem
1285 3352 1373 3450 effe,
1405 3361 1492 3427 unde
1521 3357 1693 3455 inferunt,
1727 3392 1867 3443 uxorem

242 3485 344 3547 rtem,
370 3483 526 3547 atqueer
544 3481 585 3528 eo
605 3460 798 3534 deducunt,
819 3455 909 3538 quud
924 3476 992 3523 non
1006 3452 1045 3526 fit
1068 3454 1174 3526 teneri
1201 3456 1357 3523 maritum
1383 3448 1492 3542 sequi,
1515 3454 1538 3525 st
1566 3461 1770 3536 domicilium
1790 3491 1866 3539 mu·

242 3560 395 3631 ducenda
408 3581 490 3629 uxor
505 3553 637 3626 diversae
654 3551 808 3644 religioni
824 3552 966 3629 addicta,
978 3576 1043 3640 qua
1065 3571 1158 3633 tare,
1184 3549 1239 3621 uel
1258 3550 1328 3624 aliu
1348 3551 1495 3641 migrare
1514 3554 1668 3629 voluerit.
1715 3561 1865 3656 Quidam

242 3659 287 3728 de
305 3658 436 3743 sequid
456 3655 661 3725 statuendum
679 3648 740 3738 stt,
765 3642 973 3738 exposuimus
990 3647 1043 3722 su·
1063 3672 1104 3719 ex
1119 3644 1357 3743 jurisconsultis
1378 3673 1553 3722 numerant
1569 3652 1628 3728 lios
1651 3661 1797 3750 conjugii
1812 3660 1865 3732 ef.

238 3758 354 3847 portu,
371 3767 398 3842 ς,
420 3763 497 3839 387.
639 3779 643 3783 -
761 3743 765 3750 ’
1063 3742 1192 3821 setius:
1232 3753 1280 3833 t.)
1304 3749 1393 3834 quod
1416 3750 1572 3843 conjuges
1601 3752 1741 3828 invicem
1774 3756 1863 3831 otti-

314 3867 342 3938 §.
369 3853 656 3924 CCCCXXVllt.
696 3839 1039 3919 Communicationem
1061 3854 1182 3938 geratur
1205 3843 1253 3915 ad
1272 3843 1535 3939 consuetudinem
1556 3852 1791 3946 conjugalem,
1821 3854 1865 3930 8

232 3952 329 4052 juris
343 3948 481 4021 humani
497 3951 534 4019 in
553 3970 593 4016 eu
613 3941 785 4016 conlistere
806 3944 969 4028 statuunt,
991 3951 1040 4035 t.)
1062 3941 1109 4013 [td
1124 3942 1383 4014 communionem
1397 3965 1591 4039 corporum,
1614 3973 1724 4023 reram
1741 3976 1784 4025 oc
1803 3951 1863 4027 bn·

236 4053 329 4138 quod
354 4072 435 4118 uxor
460 4047 623 4117 bonorum
645 4039 897 4115 &facultatum
927 4044 1038 4113 nutriti
1061 4060 1190 4114 norum.
1244 4042 1862 4210 b.)Quodlterconjugiumfiutmul.

233 4147 294 4221 fiat
312 4147 501 4236 particeps,
527 4145 614 4212 unde
636 4138 776 4211 Paulusl
809 4145 936 4210 Rerum
956 4166 983 4210 t.
998 4137 1035 4210 ff.
1061 4137 1385 4330 tiplicatiopenerir
1427 4144 1563 4225 unani,
1588 4148 1734 4220 nominis
1748 4150 1862 4244 ocsu-

234 4245 550 4319 destrimentum
573 4258 870 4316 amutmemorat,
887 4239 1036 4308 Nervam
1061 4234 1167 4309 mr'st'ae
1184 4260 1245 4307 cort
1261 4233 1402 4308 naaria.
1460 4247 1502 4329 ³·)
1526 4241 1628 4334 Quod
1650 4234 1794 4321 marsius
1814 4260 1862 4321 te·
1991 4299 1993 4304 .

233 4354 271 4419 ει
293 4339 438 4416 Caffium
468 4332 658 4412 existimasse
682 4357 821 4423 propter
848 4334 933 4407 imm
954 4335 1036 4407 uitae
1058 4344 1178 4406 nentur
1192 4356 1331 4407 uxorem
1357 4330 1588 4427 &familiam
1611 4342 1722 4429 alere,
1749 4368 1790 4417 ac
1812 4348 1859 4420 li·

231 4439 423 4539 fiacietatem
439 4460 576 4512 uxorem
585 4433 666 4533 fieri
678 4434 849 4504 doctrinam
862 4431 1033 4515 boricium,
1058 4430 1151 4504 beros
1165 4433 1314 4504 educare.
1362 4456 1413 4517 m·
1429 4435 1532 4524 Quod
1551 4442 1700 4516 uxorati
1713 4463 1861 4518 reomen-

231 4563 275 4614 ac
295 4538 441 4637 proinde
452 4535 546 4630 furti
569 4534 729 4607 uiiionem
763 4533 938 4631 cortflituto
957 4533 1034 4626 jure
1059 4531 1143 4601 tium
1168 4526 1208 4602 ss
1254 4531 1327 4600 dem
1350 4531 1475 4601 marito
1499 4531 1647 4609 debitum
1671 4540 1860 4641 obstringo·

231 4636 392 4725 adversm
417 4659 487 4707 mm
516 4656 583 4705 „nn
612 4627 679 4728 (βε,
748 4641 795 4720 2.)
821 4631 923 4722 Quod
949 4652 1033 4699 uror
1057 4638 1123 4701 tar.
1179 4649 1209 4714 5.
1233 4649 1237 4656 ·
1258 4630 1361 4724 Quod
1380 4628 1501 4701 mulier
1519 4642 1669 4708 teneatur
1675 4640 1774 4733 sequi
1785 4663 1859 4715 mo·
1967 4719 1969 4724 .

231 4724 342 4813 mariti
355 4734 558 4808 domicilium
573 4728 726 4818 sequatur
740 4753 809 4817 arg.
821 4728 843 4798 l.
857 4752 932 4797 cum
944 4752 1032 4814 qute-
1056 4728 1159 4800 titum
1180 4724 1438 4823 proficiscentem
1454 4774 1466 4806 2
1490 4730 1591 4803 elium
1614 4735 1857 4830 vagabundum

231 4840 306 4930 tletp
331 4862 383 4923 ¹9·
401 4831 493 4913 ffide
514 4831 676 4919 jurialiei.
706 4838 738 4900 dt
762 4822 873 4896 ferum
896 4850 970 4895 autu
988 4850 1029 4897 eo
1047 4822 1110 4919 'sert
1124 4822 1329 4920 fugitivum.
1380 4824 1438 4918 6.)
1457 4826 1559 4925 Quod
1575 4854 1666 4903 uxor
1678 4836 1874 4933 redigatur

231 4960 408 5009 commone
432 4931 546 5003 habeat
575 4928 597 4999 l.
619 4929 752 5017 erigere
775 4930 831 5010 65.
854 4922 890 4995 ff.
917 4928 957 4994 de
978 4929 1027 5009 jn·
1054 4925 1090 4997 in
1111 4923 1180 4996 oiri
1199 4925 1395 5022 potestatem.
1451 4934 1502 5013 7.)
1523 4927 1625 5018 Quod
1640 4936 1712 5030 post
1727 4935 1857 5034 ingres·

231 5036 346 5108 ditiis:
375 5028 529 5126 Erigere
547 5027 655 5098 dotem
682 5022 802 5095 mulier
823 5020 916 5093 debet
937 5020 1027 5101 iilic,
1043 5021 1122 5118 sum
1142 5019 1217 5094 tetta·
1244 5018 1437 5116 conjugalis
1452 5017 1521 5119 sthi
1540 5024 1679 5099 inuicem
1700 5031 1735 5101 iu
1758 5032 1857 5110 bonis

231 5131 285 5211 att
314 5131 458 5207 maritus
483 5125 693 5203 domicilium
717 5120 861 5205 habuit,
885 5143 949 5195 uon
968 5117 1027 5196 ubi
1041 5118 1235 5222 succedant.
1300 5129 1346 5213 8.)
1368 5119 1477 5217 ‘Quod
1506 5144 1570 5222 ptr
1599 5127 1855 5302 matrimonm‘

859 5271 862 5278 .
1787 5251 1800 5303 t
