4884 5984
542 467 630 558 ,ης
678 445 687 470 ²
1048 453 1201 530 coevo
1220 453 1345 530 xrrvr.
1395 448 1549 528 cerrr
1571 454 1663 527 vrn.

428 721 431 726 .
537 678 661 750 μοι,
685 651 777 745 quod
794 648 904 740 ailae
928 647 1060 746 quidem
1080 651 1199 748 pigeat
1222 647 1354 748 confice-
1377 645 1523 723 adventa
1548 646 1595 722 aci
1614 643 1830 746 epiphaniam
1858 641 1986 742 naptiae
2009 637 2177 716 celebrere⁴

559 754 642 828 codo
662 753 699 828 in
717 763 790 826 tota
803 750 942 848 ,ecclesa
959 748 1230 826 communicandi
1243 751 1279 824 in
1292 772 1354 823 na·
1376 758 1443 822 cor.
1495 747 1635 822 Sobnius
1656 769 1737 821 tom.
1753 747 1778 821 1.
1797 769 1940 834 operum
1956 738 2115 831 disputet
2130 741 2174 812 de

561 852 630 928 tali
656 848 823 927 Domini,
859 847 941 922 adeo
961 859 1001 924 eet
1024 851 1098 926 rari
1112 849 1210 950 snt,
1242 849 1299 944 qui
1317 845 1355 922 iol
1377 845 1590 920 matrimonio
1604 843 1685 921 thes.
1706 861 1764 935 78.
1815 840 1957 940 Nuptiae
1971 839 2094 938 quouis
2115 857 2177 910 aro·
2215 855 2217 860 ·

560 951 794 1047 nonfaciont,
816 948 964 1046 qnodque
985 947 1057 1044 sege
1085 949 1297 1048 ecciefiaflica
1318 970 1355 1020 o·
1377 946 1416 1018 ni
1446 954 1590 1044 tempore
1623 941 1788 1018 celebrari
1813 939 1958 1041 poffiont.
1982 935 2084 1014 Thes.
2111 959 2176 1028 99.

562 1073 653 1126 mner
665 1045 853 1220 Cirpliani
864 1048 902 1120 in
916 1045 1074 1144 paschate
1089 1046 1137 1120 ad
1151 1046 1356 1120 commonio-
1383 1040 1520 1118 Errant
1541 1044 1651 1139 igitar
1664 1043 1862 1141 pontifices,
1888 1039 1946 1138 qni
1967 1038 2004 1112 in
2025 1034 2178 1152 quadra·

295 1162 302 1170 “
446 1179 451 1192 ·
561 1171 636 1223 nem
656 1171 730 1221 occe
753 1159 804 1220 cre'
822 1157 1018 1232 nneoncor,
1037 1145 1102 1243 scri
1125 1147 1163 1222 in
1180 1147 1359 1246 pentecoste
1381 1144 1505 1239 gcfima
1537 1145 1676 1241 nuptias
1700 1139 1888 1240 prelribent.
1962 1143 2178 1210 lunoctnnat

561 1248 679 1323 rarior
698 1244 853 1344 loiiestt
866 1245 1065 1320 communio.
1384 1241 1582 1314 Gentilletus
1604 1245 1639 1314 in
1656 1241 1744 1332 epol.
1767 1266 1830 1331 pro
1850 1237 1976 1312 Cbrill.
1999 1232 2180 1340 Gallione·

633 1352 664 1439 ς.
686 1347 936 1420 CCCCLXlX.
1000 1343 1112 1418 Nobis
1137 1342 1359 1418 ceclefiellieae
1383 1341 1454 1430 pite
1481 1346 1538 1412 tx.
1565 1366 1600 1431 p.
1635 1362 1713 1426 ¹49·
1765 1334 1952 1438 Apostolos
1971 1331 2180 1431 probibitio·

563 1441 630 1518 illc
652 1445 903 1516 constitutiones
929 1439 1077 1516 obsolute
1098 1451 1135 1517 de
1165 1440 1360 1532 impliciter
1383 1461 1456 1510 neno
1481 1438 1692 1514 matrimonii
1718 1450 1816 1512 vocae
1841 1433 2028 1511 concinam
2053 1427 2181 1526 doemo-

564 1567 634 1616 non
650 1539 904 1631 improbantem
933 1534 988 1612 sed
1005 1538 1028 1614 sr
1045 1540 1088 1613 ob
1104 1537 1170 1612 illio
1189 1537 1358 1623 serentur,
1382 1536 1514 1610 nicrum
1532 1593 1541 1622 ,
1577 1535 1662 1612 onie
1690 1536 1806 1632 facile
1829 1532 2011 1634 perspicere
2033 1525 2179 1702 ψῃ]

562 1663 667 1732 penes
690 1661 773 1728 quos
795 1643 841 1710 ell
859 1639 1002 1726 potestne
1023 1634 1243 1710 ecclesiastice
1260 1663 1360 1725 raeco·
1383 1635 1495 1710 vectos
1512 1633 1552 1711 8
1567 1636 1685 1710 melicos
1693 1636 1919 1731 fundamento
1932 1629 2031 1730 uerbo
2084 1651 2179 1702 eene·

436 1731 440 1736 ’
562 1736 709 1824 braim,
732 1759 771 1808 nc
791 1733 815 1808 sr
834 1733 959 1822 absque
977 1731 1208 1826 superstitione
1232 1743 1266 1810 &
1286 1735 1516 1824 opi-,tantan
1540 1758 1585 1810 an
1608 1735 1797 1831 euangelici
1821 1756 1867 1808 an
1892 1727 2043 1806 Romani
2065 1723 2180 1822 cetica-

564 1838 665 1908 nione
679 1830 893 1918 neceffitetir,
912 1831 977 1904 fine
992 1835 1086 1917 utili,
1108 1855 1147 1904 ut
1160 1828 1285 1907 scilicet
1300 1831 1361 1906 ho·
1384 1831 1446 1906 lici
1469 1830 1537 1908 &n
1556 1837 1623 1930 -qoi
1641 1833 1779 1930 nuptias
1795 1833 1896 1906 laicis
1914 1842 2061 1926 tempore
2085 1821 2181 1926 Qua·

565 1936 672 2006 mines
698 1934 740 2004 nd
769 1933 928 2004 devotam
953 1929 1112 2004 festorum
1134 1925 1361 2004 solenniorum
1384 1929 1837 2031 dragcfinrae‚1sdnentnnm
1868 1926 1908 2004 tt
1930 1938 2076 2025 quatuor
2098 1937 2182 2002 tcm-

566 2029 826 2102 celebrationem
847 2029 953 2119 mogie
974 2050 1226 2117 praeperentur,
1249 2029 1285 2100 in
1307 2052 1361 2100 ec·
1376 2051 1503 2126 porum
1520 2031 1684 2106 celebrari
1703 2054 1769 2104 non
1786 2031 1974 2126 potirentur.
2011 2027 2118 2126 obtqui
2133 2025 2182 2096 di·

566 2125 664 2198 clesro
680 2121 914 2211 observentur,
939 2149 992 2197 cas
1016 2148 1085 2208 non
1110 2120 1216 2198 solun
1242 2124 1361 2200 tolero·
1384 2130 1578 2218 stinguendn
1593 2129 1807 2204 erotbuno&
1823 2128 1911 2200 utilis
1920 2125 2111 2198 constitutio
2125 2147 2178 2200 cc-

567 2247 664 2304 mur,
684 2224 857 2296 sedecion
872 2226 1153 2296 commendemur.
1204 2225 1257 2296 Sic
1270 2225 1361 2297 colen
1386 2226 1558 2298 clesrellico
1576 2252 1594 2298 u
1610 2226 1686 2320 lege
1701 2228 1813 2317 papali
1829 2239 1864 2302 δι
1887 2225 2069 2312 tyrannice.
2086 2221 2179 2312 prior
2220 2235 2221 2290 ξ

568 2323 724 2412 precipit
751 2317 1180 2406 constitutioecclesntlicu
1208 2319 1361 2394 eiectans
1385 2345 1457 2396 crat
1476 2327 1667 2405 retinendo,
1690 2328 1852 2414 posterior
1872 2321 2178 2412 amoneren-

571 2420 738 2510 cogunt,
762 2441 835 2506 quet
856 2418 892 2488 in
906 2415 1049 2491 ecclesis
1064 2418 1231 2489 saxonicis
1246 2413 1361 2508 obser·
1385 2423 1515 2494 diendo.
1589 2422 1639 2512 r.)
1672 2424 1776 2516 Quod
1795 2422 1838 2496 eb
1867 2415 2177 2512 austoritetepeprc

571 2537 670 2588 retur
681 2518 718 2605 in
728 2539 801 2606 cop.
812 2519 854 2586 de
863 2513 1009 2598 rrticulie
1021 2513 1230 2605 generalibus
1238 2538 1293 2604 μς
1305 2529 1319 2600 3
1333 2538 1360 2591 r.
1386 2520 1422 2588 in
1439 2513 1578 2590 solidum
1594 2523 1791 2609 dependeat.
1838 2515 1892 2606 ἀ.)
1908 2517 2014 2611 Quod
2030 2513 2094 2588 sub
2108 2511 2179 2612 'opi-

579 2611 631 2688 Ut
645 2615 754 2709 juxta
769 2611 965 2685 mandatam
988 2607 1028 2684 &
1045 2611 1291 2692 ordinationem
1307 2613 1361 2686 di·
1385 2618 1483 2686 nione
1500 2613 1693 2689 neceffitrt'n
1708 2630 1743 2694 δι
1767 2617 1877 2691 cultus
1893 2611 2042 2687 ecclesrae¹
2063 2607 2177 2688 obtre-

572 2713 689 2785 vinam
699 2707 878 2806 sabbatam
892 2707 1144 2806 sandificctur,
1169 2733 1227 2784 nec
1242 2709 1286 2784 alr
1300 2734 1361 2784 ace·
1384 2716 1491 2785 datur.
1556 2723 1602 2804 3.)
1620 2717 1727 2807 Quod
1740 2713 1991 2788 ecclesiasticum
2014 2709 2101 2784 illud
2119 2711 2176 2784 tle·

572 2810 650 2882 dito
668 2807 762 2882 uerbi
783 2809 931 2882 homines
950 2806 1205 2908 abstrahantur,
1235 2811 1361 2906 nuptia
1386 2831 1495 2881 tutum
1511 2815 1692 2886 retinentur
1711 2811 1803 2886 truso
1816 2815 1964 2899 ejusdem
1979 2805 2173 2900 finrlipr'c·

571 2905 776 2982 nanciscier
797 2905 978 2980 dominicis
994 2916 1055 2977 aut
1065 2905 1181 3004 sestis,
1199 2905 1263 3002 scd
1280 2931 1361 3005 pro·
1385 2911 1483 2996 cipue
1501 2904 1587 2999 [quoe
1609 2914 1656 2982 est
1682 2912 1880 3001 preparatio
1899 2911 1940 2980 nd
1960 2907 2103 2998 dignam
2122 2931 2175 2980 eu·

563 3005 665 3105 sestis
685 3005 816 3104 institui
836 3023 877 3075 ac
894 3002 1058 3077 celebrari
1073 3003 1208 3088 debent,
1231 3007 1319 3100 qnod
1331 3009 1362 3104 fi
1385 3004 1543 3076 choristiae
1561 3010 1596 3077 in
1619 3007 1683 3077 illie
1703 2997 1943 3096 solennioribus
1963 3001 2055 3076 fellis
2079 3003 2205 3098 porti-1

570 3126 646 3176 nece
669 3112 737 3175 otas
755 3102 905 3197 qoaednm
927 3102 1097 3196 requirat,
1120 3115 1159 3174 nt
1178 3103 1364 3182 donoinicis
1386 3105 1598 3203 cipotionem]
1619 3109 1750 3193 penitus
1766 3103 1838 3178 sere
1860 3099 1984 3173 omino.
2036 3103 2127 3174 Nono
2143 3103 2174 3172 in

571 3211 634 3274 ant
647 3198 784 3300 festivis
806 3197 923 3273 diebus
944 3200 1180 3298 instituantur,
1215 3225 1282 3272 non
1309 3213 1363 3275 ta·
1386 3221 1510 3289 pepotu
1527 3197 1626 3273 semel
1643 3224 1772 3275 tontum
1786 3204 1821 3272 in
1842 3224 1949 3277 anno,
1973 3187 2175 3272 videlieetio

570 3323 644 3374 men
665 3308 743 3371 ante
757 3295 1084 3395 prccccoespcrtinac
1101 3294 1142 3370 li
1156 3321 1295 3371 examen
1309 3323 1363 3372 ca·
1386 3296 1469 3369 fello
1491 3293 1651 3386 puscbotir
1676 3304 1716 3371 ad
1742 3299 2013 3370 communionem
2044 3299 2175 3369 accede·
2207 3301 2209 3306 '

568 3397 764 3472 encleticum
790 3394 875 3468 illecti
887 3397 970 3493 ficri
991 3393 1094 3466 teter.
1155 3402 1196 3468 Et
1225 3402 1361 3486 pollet:
1387 3418 1423 3466 re
1441 3392 1610 3485 jubentur.
1662 3395 1879 3470 Bellrrmious
1912 3391 2108 3466 Chemnitio
2137 3395 2174 3466 ed

580 3493 747 3594 Quamvis
761 3494 940 3593 cicrisliana
955 3491 1095 3566 libertas
1107 3492 1363 3592 oliernnediscri·
1388 3490 1451 3561 hoc
1468 3489 1662 3580 respondet,
1690 3501 1778 3583 quod
1802 3493 1911 3567 adiruc
1929 3490 2048 3586 vigeat
2073 3494 2108 3565 in
2130 3516 2173 3565 ec·

572 3620 645 3670 men
669 3595 821 3689 ignoret,
849 3603 982 3677 tamen,
1018 3614 1092 3664 cum
1108 3591 1363 3667 dominiraead.
1385 3590 1484 3686 elesa
1506 3591 1706 3688 consuetudo,
1721 3590 1988 3664 communicandi
2002 3592 2042 3663 ¹ioo
2067 3589 2173 3666 natali

571 3704 688 3767 ventur
702 3715 745 3776 ac,
759 3689 1185 3788 qnadragefimaletempces
1198 3692 1362 3766 concioni·
1388 3684 1552 3774 Domini,
1581 3690 1728 3786 quodque
1748 3716 1814 3764 mm
1830 3689 1911 3787 sola
1933 3693 2119 3772 comttfflttt'o
2131 3693 2174 3790 si

572 3791 635 3864 loros
661 3787 964 3886 poenitentialibus.
982 3811 1024 3862 ac
1044 3789 1285 3888 pnfflonatibres
1307 3790 1361 3863 cic-
1385 3786 1591 3882 causaillinc
1608 3787 1754 3876 decreti,
1770 3787 1834 3885 sed
1850 3786 2025 3862 celebritas
2047 3789 2174 3886 princi·

517 3927 524 3940 .
565 3890 730 3990 stinatnm
740 3887 815 4001 st,
836 3898 934 3983 atquc
956 3887 1071 3962 omnio
1089 3887 1189 3984 satem
1216 3887 1362 3963 habeant
1381 3886 1516 3982 palium
1526 3885 1709 3989 festorum,
1736 3890 1782 3960 aci
1802 3912 1874 3982 quae
1889 3887 2024 3986 ccclcſsa
2047 3911 2112 3986 per
2129 3889 2174 3986 sc·
2208 3889 2211 3894 ’

571 4014 630 4066 reno
652 3984 708 4067 dr,
733 3985 808 4059 uico
828 3987 965 4083 nnptiac
980 4009 1016 4059 co
1033 3997 1176 4084 tempore
1200 3986 1362 4063 celebrari
1379 3986 1481 4081 jnroia
1503 3981 1544 4058 li
1571 3989 1739 4059 orationes
1753 3987 1853 4084 filios
1871 3985 1955 4083 soor
1984 3983 2170 4083 pcaepirare

569 4015 781 4185 probibemus
800 4082 869 4157 &c
922 4089 1001 4157 Non
1016 4087 1121 4176 igitur
1133 4084 1271 4158 facimus
1283 4111 1359 4159 cum
1377 4082 1525 4180 satagit.
1578 4089 1715 4156 lnterim
1736 4111 1859 4178 negare
1884 4087 2017 4172 nequit,
2043 4087 2082 4159 in
2099 4109 2174 4184 pen·

572 4185 719 4260 Calvino
744 4193 778 4258 δι
794 4183 893 4271 ipsius
906 4178 1062 4264 adseclis,
1085 4185 1144 4271 qni
1157 4184 1241 4256 bunc
1255 4187 1361 4258 ecele-
1385 4187 1497 4282 tecosie
1510 4184 1672 4257 rariorem
1688 4184 1741 4257 vel
1753 4186 1866 4280 potins
1884 4184 2009 4256 mnsam
2021 4182 2174 4282 esecon-

570 4282 727 4356 bellicam
762 4279 928 4379 ivraffiecr
942 4305 971 4356 ,α
995 4283 1106 4354 medio
1132 4279 1286 4369 tollunt,
1325 4293 1361 4360 δι
1385 4283 1591 4366 rnnnionem,·
1618 4280 1772 4373 agnoscor
1788 4287 1912 4373 igitur,
1936 4285 1972 4353 in
1994 4283 2108 4374 populi
2125 4309 2177 4380 etp

569 4384 690 4471 quovis
704 4382 781 4452 enni
794 4401 946 4469 tempore
958 4382 1091 4468 nuptias
1105 4376 1266 4452 celebrari
1280 4406 1360 4454 con·
1386 4380 1479 4455 elesre
1494 4408 1512 4450 n
1527 4377 1761 4454 consuetudine
1776 4383 1954 4470 primitive
1962 4379 2108 4456 ecclesia
2120 4381 2176 4453 hoc

572 4481 706 4551 cedunt.
735 4478 894 4552 Calvinus
907 4477 967 4551 lib.
983 4475 1051 4552 lV.
1064 4477 1166 4556 instit.
1183 4477 1360 4567 culeX.
1385 4483 1420 4551 in
1437 4502 1532 4568 perte
1547 4476 1716 4552 discessum
1736 4479 1818 4560 etse,
1836 4482 1868 4550 id
1884 4481 1974 4567 quod
1986 4483 2087 4572 unice
2101 4505 2177 4571 pro·
2219 4439 2222 4522 i

571 4587 607 4670 §.
630 4601 686 4668 39.
711 4578 798 4648 inter
821 4575 934 4672 leger,
964 4573 1081 4670 quibus
1109 4575 1284 4671 pontifices
1309 4589 1360 4671 ty·
1386 4576 1507 4656 butum¹
1528 4574 1591 4650 else
1615 4577 1720 4656 roluit
1742 4575 1962 4651 Chemnitius.
2016 4582 2175 4652 Praetereo

570 4675 747 4756 rannioierrt
754 4671 855 4768 secam
856 4677 1054 4775 firmarunt,
1065 4672 1194 4770 partim
1203 4674 1240 4746 e'n
1251 4671 1361 4750 Deum
1386 4675 1491 4748 sinon
1505 4671 1570 4746 solu
1592 4677 1811 4755 communio,
1835 4673 1889 4748 sed
1910 4677 2010 4750 etiarn
2033 4677 2175 4758 celebri·

572 4771 742 4872 manifesse
756 4774 897 4871 impias,
920 4773 1107 4870 partimin
1133 4771 1280 4846 tornines
1296 4775 1362 4848 ini·
1386 4796 1434 4846 tcs
1460 4771 1618 4846 fenorum
1641 4773 1875 4864 principalium
1900 4776 1946 4846 est
1971 4769 2068 4848 coust
2092 4773 2177 4848 illins

571 4869 759 4970 anffimar,
781 4877 880 4947 etiam
903 4872 988 4948 bone
1007 4867 1176 4945 recenset:
1203 4868 1258 4945 Ne
1274 4895 1296 4943 n
1307 4872 1362 4968 sc·
1385 4874 1532 4956 decreti,
1563 4891 1624 4943 cur
1649 4877 1691 4944 de
1718 4872 1801 4943 fello
1825 4869 2066 4954 adscensionir,
2088 4873 2176 4962 quod

566 4971 777 5070 ptnagcfima
815 4974 861 5047 ad
894 4971 1027 5045 offanae
1054 4968 1209 5066 pascsoae,
1252 4971 1362 5048 tribus
1385 4973 1430 5042 cil
1445 4969 1543 5063 felix
1559 4968 1709 5067 clausola
1728 4973 1831 5044 totins
1849 4972 2022 5046 itinerarii
2040 4967 2176 5086 Cirrisi,

569 5069 830 5154 leidaoocaaibcer
853 5082 931 5168 onte
947 5069 1097 5154 natalem
1108 5062 1297 5168 ¹,solennia
1317 5070 1361 5148 ab
1385 5071 1427 5144 de
1453 5067 1535 5143 fello
1562 5073 1809 5162 conceptionis,
1840 5073 1929 5162 quod
1959 5075 2003 5172 esi
2027 5095 2176 5146 ommam

2050 5195 2057 5202 “
2076 5161 2191 5272 s‘slr',
