<?xml version="1.0" encoding="UTF-8"?>
<!DOCTYPE html PUBLIC "-//W3C//DTD XHTML 1.0 Transitional//EN"
    "http://www.w3.org/TR/xhtml1/DTD/xhtml1-transitional.dtd">
<html xmlns="http://www.w3.org/1999/xhtml" xml:lang="en" lang="en">
 <head>
  <title>
</title>
<meta http-equiv="Content-Type" content="text/html;charset=utf-8" />
  <meta name='ocr-system' content='tesseract 3.04.00' />
  <meta name='ocr-capabilities' content='ocr_page ocr_carea ocr_par ocr_line ocrx_word'/>
</head>
<body>
  <div class='ocr_page' id='page_1' title='image "./locitheologicic06cottgoog_0158.png"; bbox 0 0 4884 5984; ppageno 0'>
   <div class='ocr_carea' id='block_1_1' title="bbox 382 461 1676 611">
    <p class='ocr_par' dir='ltr' id='par_1_1' title="bbox 382 461 1676 611">
     <span class='ocr_line' id='line_1_1' title="bbox 382 461 1676 611; baseline -0.005 -23"><span class='ocrx_word' id='word_1_1' title='bbox 382 527 448 611; x_wconf 67' lang='lat' dir='ltr'>aa</span> <span class='ocrx_word' id='word_1_2' title='bbox 763 461 946 586; x_wconf 44' lang='lat' dir='ltr'>&#39;iocus</span> <span class='ocrx_word' id='word_1_3' title='bbox 976 511 1121 582; x_wconf 81' lang='lat' dir='ltr'>xxvi.</span> <span class='ocrx_word' id='word_1_4' title='bbox 1172 509 1284 581; x_wconf 79' lang='lat' dir='ltr'>cte.</span> <span class='ocrx_word' id='word_1_5' title='bbox 1311 511 1380 584; x_wconf 83' lang='lat' dir='ltr'>tv.</span> <span class='ocrx_word' id='word_1_6' title='bbox 1430 510 1576 584; x_wconf 72' lang='lat' dir='ltr'>secr.</span> <span class='ocrx_word' id='word_1_7' title='bbox 1601 515 1676 582; x_wconf 91' lang='grc' dir='ltr'><strong><em>ιιι.</em></strong></span> 
     </span>
    </p>
   </div>
   <div class='ocr_carea' id='block_1_2' title="bbox 278 699 2087 1979">
    <p class='ocr_par' dir='ltr' id='par_1_2' title="bbox 299 699 2071 1483">
     <span class='ocr_line' id='line_1_2' title="bbox 377 699 2070 797; baseline -0.001 -17"><span class='ocrx_word' id='word_1_8' title='bbox 377 709 516 797; x_wconf 82' lang='lat' dir='ltr'>aliisque</span> <span class='ocrx_word' id='word_1_9' title='bbox 541 704 648 778; x_wconf 85' lang='lat' dir='ltr'>arrhis</span> <span class='ocrx_word' id='word_1_10' title='bbox 672 701 788 796; x_wconf 86' lang='lat' dir='ltr'>paslim</span> <span class='ocrx_word' id='word_1_11' title='bbox 815 702 1062 778; x_wconf 88' lang='lat' dir='ltr'>confirmantur.</span> <span class='ocrx_word' id='word_1_12' title='bbox 1126 711 1208 797; x_wconf 88' lang='lat' dir='ltr'>Jure</span> <span class='ocrx_word' id='word_1_13' title='bbox 1233 701 1346 793; x_wconf 81' lang='lat' dir='ltr'>dispici</span> <span class='ocrx_word' id='word_1_14' title='bbox 1365 699 1486 791; x_wconf 76' lang='lat' dir='ltr'>posset,</span> <span class='ocrx_word' id='word_1_15' title='bbox 1511 706 1672 788; x_wconf 77' lang='lat' dir='ltr'>nttnaquid</span> <span class='ocrx_word' id='word_1_16' title='bbox 1691 699 1778 776; x_wconf 87' lang='lat' dir='ltr'>forte</span> <span class='ocrx_word' id='word_1_17' title='bbox 1798 699 1856 785; x_wconf 83' lang='lat' dir='ltr'>lit,</span> <span class='ocrx_word' id='word_1_18' title='bbox 1881 703 1974 793; x_wconf 90' lang='lat' dir='ltr'>quod</span> <span class='ocrx_word' id='word_1_19' title='bbox 1996 709 2070 779; x_wconf 59' lang='lat' dir='ltr'>mei</span> 
     </span>
     <span class='ocr_line' id='line_1_3' title="bbox 379 796 2070 904; baseline -0.004 -26"><span class='ocrx_word' id='word_1_20' title='bbox 379 813 535 883; x_wconf 86' lang='lat' dir='ltr'>Romano</span> <span class='ocrx_word' id='word_1_21' title='bbox 576 803 844 877; x_wconf 74' lang='lat' dir='ltr'><em>contrahentium</em></span> <span class='ocrx_word' id='word_1_22' title='bbox 890 801 1001 904; x_wconf 82' lang='lat' dir='ltr'>osculo</span> <span class='ocrx_word' id='word_1_23' title='bbox 1034 805 1209 874; x_wconf 84' lang='lat' dir='ltr'>constituta</span> <span class='ocrx_word' id='word_1_24' title='bbox 1233 804 1381 874; x_wconf 86' lang='lat' dir='ltr'>trimonii</span> <span class='ocrx_word' id='word_1_25' title='bbox 1407 796 1723 872; x_wconf 86' lang='lat' dir='ltr'>consummationem</span> <span class='ocrx_word' id='word_1_26' title='bbox 1747 805 1931 891; x_wconf 79' lang='lat' dir='ltr'>impediare</span> <span class='ocrx_word' id='word_1_27' title='bbox 1983 805 2070 897; x_wconf 82' lang='lat' dir='ltr'>Quo</span> 
     </span>
     <span class='ocr_line' id='line_1_4' title="bbox 380 893 2069 994; baseline -0.002 -17.093"><span class='ocrx_word' id='word_1_28' title='bbox 380 908 576 994; x_wconf 86' lang='lat' dir='ltr'>qttaadoque</span> <span class='ocrx_word' id='word_1_29' title='bbox 594 900 688 976; x_wconf 81' lang='lat' dir='ltr'>fuisse</span> <span class='ocrx_word' id='word_1_30' title='bbox 711 897 888 990; x_wconf 76' lang='lat' dir='ltr'><strong>sponsalia,</strong></span> <span class='ocrx_word' id='word_1_31' title='bbox 914 900 1089 994; x_wconf 77' lang='lat' dir='ltr'>colligitur</span> <span class='ocrx_word' id='word_1_32' title='bbox 1116 923 1155 973; x_wconf 83' lang='lat' dir='ltr'>ex</span> <span class='ocrx_word' id='word_1_33' title='bbox 1184 900 1207 973; x_wconf 90' lang='lat' dir='ltr'>l.</span> <span class='ocrx_word' id='word_1_34' title='bbox 1233 897 1298 971; x_wconf 89' lang='lat' dir='ltr'>fine</span> <span class='ocrx_word' id='word_1_35' title='bbox 1315 901 1413 971; x_wconf 87' lang='lat' dir='ltr'>etiam</span> <span class='ocrx_word' id='word_1_36' title='bbox 1432 893 1589 985; x_wconf 72' lang='lat' dir='ltr'>sponsalia</span> <span class='ocrx_word' id='word_1_37' title='bbox 1606 897 1748 970; x_wconf 81' lang='lat' dir='ltr'>ecclesrae</span> <span class='ocrx_word' id='word_1_38' title='bbox 1776 924 1795 971; x_wconf 91' lang='lat' dir='ltr'>e</span> <span class='ocrx_word' id='word_1_39' title='bbox 1826 896 1982 992; x_wconf 86' lang='lat' dir='ltr'>suggestu</span> <span class='ocrx_word' id='word_1_40' title='bbox 2006 906 2069 973; x_wconf 78' lang='lat' dir='ltr'>dr.-</span> 
     </span>
     <span class='ocr_line' id='line_1_5' title="bbox 381 993 2069 1102; baseline -0.004 -25"><span class='ocrx_word' id='word_1_41' title='bbox 381 999 425 1077; x_wconf 88' lang='lat' dir='ltr'>Si</span> <span class='ocrx_word' id='word_1_42' title='bbox 441 1025 464 1074; x_wconf 89' lang='lat' dir='ltr'>a</span> <span class='ocrx_word' id='word_1_43' title='bbox 477 998 613 1102; x_wconf 73' lang='lat' dir='ltr'>sponso.</span> <span class='ocrx_word' id='word_1_44' title='bbox 641 1007 694 1077; x_wconf 81' lang='lat'>16.</span> <span class='ocrx_word' id='word_1_45' title='bbox 717 996 756 1074; x_wconf 89' lang='lat' dir='ltr'>C.</span> <span class='ocrx_word' id='word_1_46' title='bbox 775 1000 815 1074; x_wconf 84' lang='lat' dir='ltr'>de</span> <span class='ocrx_word' id='word_1_47' title='bbox 833 997 948 1071; x_wconf 87' lang='lat' dir='ltr'>donat.</span> <span class='ocrx_word' id='word_1_48' title='bbox 969 1011 1047 1071; x_wconf 83' lang='lat' dir='ltr'>ante</span> <span class='ocrx_word' id='word_1_49' title='bbox 1066 1008 1160 1094; x_wconf 83' lang='lat' dir='ltr'>nupt.</span> <span class='ocrx_word' id='word_1_50' title='bbox 1234 1000 1454 1078; x_wconf 75' lang='lat' dir='ltr'>nunciantur,</span> <span class='ocrx_word' id='word_1_51' title='bbox 1477 1019 1514 1067; x_wconf 90' lang='lat' dir='ltr'>ut</span> <span class='ocrx_word' id='word_1_52' title='bbox 1538 994 1559 1066; x_wconf 88' lang='lat' dir='ltr'>fi</span> <span class='ocrx_word' id='word_1_53' title='bbox 1583 999 1661 1083; x_wconf 88' lang='lat' dir='ltr'>quid</span> <span class='ocrx_word' id='word_1_54' title='bbox 1688 994 1777 1069; x_wconf 87' lang='lat' dir='ltr'>sorte</span> <span class='ocrx_word' id='word_1_55' title='bbox 1798 998 1937 1090; x_wconf 76' lang='lat' dir='ltr'>occulta</span> <span class='ocrx_word' id='word_1_56' title='bbox 1962 993 2069 1071; x_wconf 74' lang='lat' dir='ltr'>causa</span> 
     </span>
     <span class='ocr_line' id='line_1_6' title="bbox 436 1094 2071 1189; baseline -0.002 -18"><span class='ocrx_word' id='word_1_57' title='bbox 436 1098 440 1107; x_wconf 78' lang='grc'><strong>’</strong></span> <span class='ocrx_word' id='word_1_58' title='bbox 709 1110 743 1184; x_wconf 64' lang='grc' dir='ltr'>ς,</span> <span class='ocrx_word' id='word_1_59' title='bbox 778 1101 863 1171; x_wconf 78' lang='grc' dir='ltr'>ΕΗ.</span> <span class='ocrx_word' id='word_1_60' title='bbox 907 1099 1146 1189; x_wconf 86' lang='lat' dir='ltr'>Progredimur</span> <span class='ocrx_word' id='word_1_61' title='bbox 1169 1099 1212 1167; x_wconf 87' lang='lat' dir='ltr'>ad</span> <span class='ocrx_word' id='word_1_62' title='bbox 1235 1096 1356 1174; x_wconf 89' lang='lat' dir='ltr'>lateat,</span> <span class='ocrx_word' id='word_1_63' title='bbox 1383 1116 1524 1181; x_wconf 89' lang='lat' dir='ltr'>propter</span> <span class='ocrx_word' id='word_1_64' title='bbox 1546 1094 1846 1179; x_wconf 84' lang='lat' dir='ltr'>quudinchoatam</span> <span class='ocrx_word' id='word_1_65' title='bbox 1868 1098 2071 1189; x_wconf 80' lang='lat' dir='ltr'>conjugium</span> 
     </span>
     <span class='ocr_line' id='line_1_7' title="bbox 385 1178 2070 1293; baseline -0.003 -23"><span class='ocrx_word' id='word_1_66' title='bbox 385 1178 461 1270; x_wconf 70' lang='lat' dir='ltr'>Vb)</span> <span class='ocrx_word' id='word_1_67' title='bbox 481 1182 593 1275; x_wconf 47' lang='grc' dir='ltr'>ΜΓ</span> <span class='ocrx_word' id='word_1_68' title='bbox 641 1194 777 1293; x_wconf 88' lang='lat' dir='ltr'>causam</span> <span class='ocrx_word' id='word_1_69' title='bbox 792 1192 935 1293; x_wconf 83' lang='lat' dir='ltr'>finalem</span> <span class='ocrx_word' id='word_1_70' title='bbox 961 1191 1208 1284; x_wconf 81' lang='lat' dir='ltr'>sponsaliorum.</span> <span class='ocrx_word' id='word_1_71' title='bbox 1234 1189 1455 1264; x_wconf 78' lang='lat' dir='ltr'>consummari</span> <span class='ocrx_word' id='word_1_72' title='bbox 1477 1186 1544 1262; x_wconf 82' lang='lat' dir='ltr'>non</span> <span class='ocrx_word' id='word_1_73' title='bbox 1560 1193 1692 1279; x_wconf 85' lang='lat' dir='ltr'>debeat,</span> <span class='ocrx_word' id='word_1_74' title='bbox 1710 1191 1793 1263; x_wconf 89' lang='lat' dir='ltr'>illud</span> <span class='ocrx_word' id='word_1_75' title='bbox 1814 1196 1848 1264; x_wconf 90' lang='lat' dir='ltr'>in</span> <span class='ocrx_word' id='word_1_76' title='bbox 1862 1192 1971 1267; x_wconf 88' lang='lat' dir='ltr'>lucem</span> <span class='ocrx_word' id='word_1_77' title='bbox 1986 1217 2070 1285; x_wconf 82' lang='lat' dir='ltr'>pro-</span> 
     </span>
     <span class='ocr_line' id='line_1_8' title="bbox 299 1261 2067 1462; baseline -0.001 -94"><span class='ocrx_word' id='word_1_78' title='bbox 299 1289 303 1296; x_wconf 72' lang='grc'>’</span> <span class='ocrx_word' id='word_1_79' title='bbox 380 1261 572 1404; x_wconf 52' lang='grc' dir='ltr'><em>·]ΡἭο”</em></span> <span class='ocrx_word' id='word_1_80' title='bbox 644 1290 784 1373; x_wconf 83' lang='lat' dir='ltr'>Causae,</span> <span class='ocrx_word' id='word_1_81' title='bbox 815 1312 955 1382; x_wconf 89' lang='lat' dir='ltr'>propter</span> <span class='ocrx_word' id='word_1_82' title='bbox 979 1286 1211 1381; x_wconf 82' lang='lat' dir='ltr'>quassponsa.</span> <span class='ocrx_word' id='word_1_83' title='bbox 1234 1294 1393 1362; x_wconf 89' lang='lat' dir='ltr'>dueatur..</span> <span class='ocrx_word' id='word_1_84' title='bbox 1444 1287 1514 1365; x_wconf 85' lang='lat' dir='ltr'>Ubi</span> <span class='ocrx_word' id='word_1_85' title='bbox 1541 1292 1652 1385; x_wconf 85' lang='lat' dir='ltr'>majus</span> <span class='ocrx_word' id='word_1_86' title='bbox 1673 1290 1884 1386; x_wconf 74' lang='lat' dir='ltr'>periculum,</span> <span class='ocrx_word' id='word_1_87' title='bbox 1917 1289 1967 1366; x_wconf 88' lang='lat' dir='ltr'>ibi</span> <span class='ocrx_word' id='word_1_88' title='bbox 1990 1291 2067 1462; x_wconf 54' lang='lat' dir='ltr'>{se-</span> 
     </span>
     <span class='ocr_line' id='line_1_9' title="bbox 529 1384 2065 1483; baseline 0.001 -17.873"><span class='ocrx_word' id='word_1_89' title='bbox 529 1385 538 1404; x_wconf 80' lang='grc'><strong><em>’</em></strong></span> <span class='ocrx_word' id='word_1_90' title='bbox 605 1423 619 1433; x_wconf 89' lang='grc'><em>·</em></span> <span class='ocrx_word' id='word_1_91' title='bbox 638 1389 682 1463; x_wconf 86' lang='lat' dir='ltr'>lia</span> <span class='ocrx_word' id='word_1_92' title='bbox 699 1392 846 1464; x_wconf 85' lang='lat' dir='ltr'>instituta</span> <span class='ocrx_word' id='word_1_93' title='bbox 867 1392 904 1464; x_wconf 78' lang='grc' dir='ltr'>δι</span> <span class='ocrx_word' id='word_1_94' title='bbox 920 1393 1126 1471; x_wconf 57' lang='lat' dir='ltr'>innodabo,</span> <span class='ocrx_word' id='word_1_95' title='bbox 1149 1411 1211 1478; x_wconf 87' lang='lat' dir='ltr'>po·</span> <span class='ocrx_word' id='word_1_96' title='bbox 1234 1389 1311 1460; x_wconf 82' lang='lat' dir='ltr'>niue</span> <span class='ocrx_word' id='word_1_97' title='bbox 1333 1384 1592 1483; x_wconf 79' lang='lat' dir='ltr'>consedendum,</span> <span class='ocrx_word' id='word_1_98' title='bbox 1623 1390 1731 1476; x_wconf 90' lang='lat' dir='ltr'>iuquit</span> <span class='ocrx_word' id='word_1_99' title='bbox 1758 1394 1969 1462; x_wconf 85' lang='lat' dir='ltr'>innocentius</span> <span class='ocrx_word' id='word_1_100' title='bbox 2015 1390 2065 1467; x_wconf 85' lang='lat' dir='ltr'>V.-</span> 
     </span>
    </p>

    <p class='ocr_par' dir='ltr' id='par_1_3' title="bbox 278 1470 2087 1979">
     <span class='ocr_line' id='line_1_10' title="bbox 278 1470 2087 1584; baseline 0.003 -27"><span class='ocrx_word' id='word_1_101' title='bbox 278 1470 293 1564; x_wconf 56' lang='grc'>,’</span> <span class='ocrx_word' id='word_1_102' title='bbox 381 1484 540 1559; x_wconf 80' lang='lat' dir='ltr'>tissimum</span> <span class='ocrx_word' id='word_1_103' title='bbox 556 1508 624 1562; x_wconf 76' lang='lat' dir='ltr'>toea</span> <span class='ocrx_word' id='word_1_104' title='bbox 645 1491 975 1566; x_wconf 78' lang='lat' dir='ltr'>animadvertuntur:</span> <span class='ocrx_word' id='word_1_105' title='bbox 1010 1484 1060 1584; x_wconf 89' lang='lat'>1.)</span> <span class='ocrx_word' id='word_1_106' title='bbox 1082 1482 1210 1583; x_wconf 81' lang='lat' dir='ltr'>Canju·</span> <span class='ocrx_word' id='word_1_107' title='bbox 1234 1511 1305 1575; x_wconf 89' lang='lat' dir='ltr'>cap.</span> <span class='ocrx_word' id='word_1_108' title='bbox 1324 1483 1558 1559; x_wconf 71' lang='lat' dir='ltr'>llldeelett.</span> <span class='ocrx_word' id='word_1_109' title='bbox 1578 1488 1613 1555; x_wconf 91' lang='lat' dir='ltr'>in</span> <span class='ocrx_word' id='word_1_110' title='bbox 1632 1495 1665 1561; x_wconf 87' lang='lat'>6.</span> <span class='ocrx_word' id='word_1_111' title='bbox 1717 1481 2087 1578; x_wconf 65' lang='lat' dir='ltr'>tanqaentsponsao</span> 
     </span>
     <span class='ocr_line' id='line_1_11' title="bbox 321 1579 2067 1681; baseline 0.001 -24"><span class='ocrx_word' id='word_1_112' title='bbox 321 1659 326 1666; x_wconf 82' lang='grc'><em>,</em></span> <span class='ocrx_word' id='word_1_113' title='bbox 378 1585 613 1681; x_wconf 80' lang='lat' dir='ltr'>giidignites.</span> <span class='ocrx_word' id='word_1_114' title='bbox 668 1588 963 1681; x_wconf 84' lang='lat' dir='ltr'>Quemadmodum</span> <span class='ocrx_word' id='word_1_115' title='bbox 991 1587 1025 1656; x_wconf 91' lang='lat' dir='ltr'>iu</span> <span class='ocrx_word' id='word_1_116' title='bbox 1053 1581 1211 1657; x_wconf 87' lang='lat' dir='ltr'>naturali·</span> <span class='ocrx_word' id='word_1_117' title='bbox 1235 1586 1371 1678; x_wconf 82' lang='lat' dir='ltr'>ingenio</span> <span class='ocrx_word' id='word_1_118' title='bbox 1391 1593 1425 1656; x_wconf 66' lang='lat' dir='ltr'>dt</span> <span class='ocrx_word' id='word_1_119' title='bbox 1446 1583 1594 1656; x_wconf 88' lang='lat' dir='ltr'>moribus</span> <span class='ocrx_word' id='word_1_120' title='bbox 1611 1591 1680 1672; x_wconf 84' lang='lat' dir='ltr'>ejus</span> <span class='ocrx_word' id='word_1_121' title='bbox 1694 1579 1888 1678; x_wconf 83' lang='lat' dir='ltr'>adsuescat,</span> <span class='ocrx_word' id='word_1_122' title='bbox 1912 1611 2067 1675; x_wconf 78' lang='lat' dir='ltr'>cumque</span> 
     </span>
     <span class='ocr_line' id='line_1_12' title="bbox 380 1677 2066 1774; baseline 0.003 -20"><span class='ocrx_word' id='word_1_123' title='bbox 380 1685 441 1754; x_wconf 88' lang='lat' dir='ltr'>bus</span> <span class='ocrx_word' id='word_1_124' title='bbox 473 1707 540 1755; x_wconf 88' lang='lat' dir='ltr'>non</span> <span class='ocrx_word' id='word_1_125' title='bbox 562 1709 601 1757; x_wconf 87' lang='lat' dir='ltr'>ex</span> <span class='ocrx_word' id='word_1_126' title='bbox 621 1684 772 1774; x_wconf 89' lang='lat' dir='ltr'>quolibet</span> <span class='ocrx_word' id='word_1_127' title='bbox 794 1680 832 1754; x_wconf 84' lang='lat' dir='ltr'>fit</span> <span class='ocrx_word' id='word_1_128' title='bbox 860 1679 1056 1772; x_wconf 88' lang='lat' dir='ltr'>quodlibet,</span> <span class='ocrx_word' id='word_1_129' title='bbox 1090 1677 1143 1755; x_wconf 87' lang='lat' dir='ltr'>sed</span> <span class='ocrx_word' id='word_1_130' title='bbox 1167 1684 1209 1754; x_wconf 88' lang='lat' dir='ltr'>ad</span> <span class='ocrx_word' id='word_1_131' title='bbox 1236 1682 1271 1753; x_wconf 88' lang='lat' dir='ltr'>in</span> <span class='ocrx_word' id='word_1_132' title='bbox 1285 1703 1486 1770; x_wconf 88' lang='lat' dir='ltr'>perpetuum</span> <span class='ocrx_word' id='word_1_133' title='bbox 1503 1685 1549 1754; x_wconf 91' lang='lat' dir='ltr'>est</span> <span class='ocrx_word' id='word_1_134' title='bbox 1568 1684 1727 1754; x_wconf 68' lang='lat' dir='ltr'>vittatus.</span> <span class='ocrx_word' id='word_1_135' title='bbox 1777 1688 1919 1772; x_wconf 84' lang='lat' dir='ltr'>Propter</span> <span class='ocrx_word' id='word_1_136' title='bbox 1931 1688 2066 1758; x_wconf 73' lang='lat' dir='ltr'>uadem</span> 
     </span>
     <span class='ocr_line' id='line_1_13' title="bbox 379 1774 2068 1879; baseline 0.004 -28"><span class='ocrx_word' id='word_1_137' title='bbox 379 1784 631 1872; x_wconf 66' lang='lat' dir='ltr'>generationem</span> <span class='ocrx_word' id='word_1_138' title='bbox 664 1784 881 1872; x_wconf 86' lang='lat' dir='ltr'>requiruntur</span> <span class='ocrx_word' id='word_1_139' title='bbox 908 1782 1046 1877; x_wconf 71' lang='lat' dir='ltr'>pruma</span> <span class='ocrx_word' id='word_1_140' title='bbox 1074 1779 1212 1879; x_wconf 83' lang='lat' dir='ltr'>dispost·</span> <span class='ocrx_word' id='word_1_141' title='bbox 1236 1776 1345 1851; x_wconf 87' lang='lat' dir='ltr'>causas</span> <span class='ocrx_word' id='word_1_142' title='bbox 1364 1774 1522 1868; x_wconf 71' lang='lat' dir='ltr'>sponsalia</span> <span class='ocrx_word' id='word_1_143' title='bbox 1539 1777 1647 1850; x_wconf 86' lang='lat' dir='ltr'>adbuc</span> <span class='ocrx_word' id='word_1_144' title='bbox 1664 1779 1763 1853; x_wconf 90' lang='lat' dir='ltr'>hodie</span> <span class='ocrx_word' id='word_1_145' title='bbox 1778 1784 1898 1863; x_wconf 84' lang='lat' dir='ltr'>arcrito</span> <span class='ocrx_word' id='word_1_146' title='bbox 1919 1785 2068 1857; x_wconf 84' lang='lat' dir='ltr'>retinen-</span> 
     </span>
     <span class='ocr_line' id='line_1_14' title="bbox 368 1872 2069 1979; baseline 0.004 -30"><span class='ocrx_word' id='word_1_147' title='bbox 368 1881 505 1962; x_wconf 67' lang='lat' dir='ltr'>,tronea</span> <span class='ocrx_word' id='word_1_148' title='bbox 530 1878 574 1950; x_wconf 82' lang='lat' dir='ltr'>stc</span> <span class='ocrx_word' id='word_1_149' title='bbox 595 1880 722 1970; x_wconf 83' lang='lat' dir='ltr'>placuit</span> <span class='ocrx_word' id='word_1_150' title='bbox 741 1877 949 1966; x_wconf 82' lang='lat' dir='ltr'>majoribus,</span> <span class='ocrx_word' id='word_1_151' title='bbox 974 1903 1042 1950; x_wconf 91' lang='lat' dir='ltr'>non</span> <span class='ocrx_word' id='word_1_152' title='bbox 1072 1904 1113 1952; x_wconf 84' lang='lat' dir='ltr'>et</span> <span class='ocrx_word' id='word_1_153' title='bbox 1141 1880 1214 1966; x_wconf 90' lang='lat' dir='ltr'>qui·</span> <span class='ocrx_word' id='word_1_154' title='bbox 1236 1899 1310 1962; x_wconf 87' lang='lat' dir='ltr'>tur,</span> <span class='ocrx_word' id='word_1_155' title='bbox 1341 1881 1430 1968; x_wconf 88' lang='lat' dir='ltr'>quod</span> <span class='ocrx_word' id='word_1_156' title='bbox 1460 1882 1511 1965; x_wconf 89' lang='lat'>4.)</span> <span class='ocrx_word' id='word_1_157' title='bbox 1534 1878 1635 1949; x_wconf 88' lang='lat' dir='ltr'>etiam</span> <span class='ocrx_word' id='word_1_158' title='bbox 1652 1872 1765 1952; x_wconf 89' lang='lat' dir='ltr'>suadet</span> <span class='ocrx_word' id='word_1_159' title='bbox 1784 1902 1896 1953; x_wconf 84' lang='lat' dir='ltr'>eorum</span> <span class='ocrx_word' id='word_1_160' title='bbox 1917 1882 2069 1979; x_wconf 77' lang='lat' dir='ltr'>antiqni-</span> 
     </span>
    </p>
   </div>
   <div class='ocr_carea' id='block_1_3' title="bbox 259 1969 2068 2072">
    <p class='ocr_par' dir='ltr' id='par_1_4' title="bbox 259 1969 2068 2072">
     <span class='ocr_line' id='line_1_15' title="bbox 259 1969 2068 2072; baseline 0.004 -25"><span class='ocrx_word' id='word_1_161' title='bbox 259 1972 277 1982; x_wconf 76' lang='grc'>”</span> <span class='ocrx_word' id='word_1_162' title='bbox 381 1974 493 2047; x_wconf 73' lang='lat' dir='ltr'>luania</span> <span class='ocrx_word' id='word_1_163' title='bbox 508 1977 782 2049; x_wconf 76' lang='lat' dir='ltr'>contrahentibus</span> <span class='ocrx_word' id='word_1_164' title='bbox 796 1978 912 2064; x_wconf 85' lang='lat' dir='ltr'>quovis</span> <span class='ocrx_word' id='word_1_165' title='bbox 929 1979 1029 2065; x_wconf 85' lang='lat' dir='ltr'>mode</span> <span class='ocrx_word' id='word_1_166' title='bbox 1043 1969 1074 2048; x_wconf 91' lang='lat' dir='ltr'>se</span> <span class='ocrx_word' id='word_1_167' title='bbox 1090 1975 1213 2048; x_wconf 87' lang='lat' dir='ltr'>haben·</span> <span class='ocrx_word' id='word_1_168' title='bbox 1237 1986 1302 2048; x_wconf 88' lang='lat' dir='ltr'>tas.</span> <span class='ocrx_word' id='word_1_169' title='bbox 1353 1982 1392 2047; x_wconf 83' lang='lat' dir='ltr'>ln</span> <span class='ocrx_word' id='word_1_170' title='bbox 1415 1973 1543 2064; x_wconf 90' lang='lat' dir='ltr'>populo</span> <span class='ocrx_word' id='word_1_171' title='bbox 1561 1977 1625 2045; x_wconf 85' lang='lat' dir='ltr'>Dei</span> <span class='ocrx_word' id='word_1_172' title='bbox 1640 1999 1803 2065; x_wconf 84' lang='lat' dir='ltr'>perpetuo</span> <span class='ocrx_word' id='word_1_173' title='bbox 1816 1975 1874 2050; x_wconf 90' lang='lat' dir='ltr'>usu</span> <span class='ocrx_word' id='word_1_174' title='bbox 1890 2002 2068 2072; x_wconf 78' lang='lat' dir='ltr'>receptam</span> 
     </span>
    </p>
   </div>
   <div class='ocr_carea' id='block_1_4' title="bbox 304 2068 2068 2566">
    <p class='ocr_par' dir='ltr' id='par_1_5' title="bbox 333 2068 2068 2373">
     <span class='ocr_line' id='line_1_16' title="bbox 356 2068 2068 2164; baseline 0.005 -20"><span class='ocrx_word' id='word_1_175' title='bbox 356 2153 359 2158; x_wconf 47' lang='grc'><em>,</em></span> <span class='ocrx_word' id='word_1_176' title='bbox 383 2075 471 2144; x_wconf 87' lang='lat' dir='ltr'>tibus</span> <span class='ocrx_word' id='word_1_177' title='bbox 492 2076 623 2163; x_wconf 88' lang='lat' dir='ltr'>nuptias</span> <span class='ocrx_word' id='word_1_178' title='bbox 636 2072 790 2154; x_wconf 83' lang='lat' dir='ltr'>confieri,</span> <span class='ocrx_word' id='word_1_179' title='bbox 814 2069 870 2146; x_wconf 87' lang='lat' dir='ltr'>sed</span> <span class='ocrx_word' id='word_1_180' title='bbox 884 2093 946 2164; x_wconf 80' lang='lat' dir='ltr'>per</span> <span class='ocrx_word' id='word_1_181' title='bbox 964 2068 1123 2162; x_wconf 71' lang='lat' dir='ltr'>sponsalia</span> <span class='ocrx_word' id='word_1_182' title='bbox 1139 2096 1210 2146; x_wconf 83' lang='lat' dir='ltr'>tan·</span> <span class='ocrx_word' id='word_1_183' title='bbox 1235 2070 1300 2145; x_wconf 85' lang='lat' dir='ltr'>suit</span> <span class='ocrx_word' id='word_1_184' title='bbox 1323 2074 1447 2162; x_wconf 86' lang='lat' dir='ltr'>nuptiis</span> <span class='ocrx_word' id='word_1_185' title='bbox 1468 2074 1671 2163; x_wconf 76' lang='lat' dir='ltr'>premittete</span> <span class='ocrx_word' id='word_1_186' title='bbox 1699 2071 1865 2164; x_wconf 79' lang='lat' dir='ltr'>sponsalia.</span> <span class='ocrx_word' id='word_1_187' title='bbox 1915 2084 2068 2152; x_wconf 80' lang='lat' dir='ltr'>Rucanua</span> 
     </span>
     <span class='ocr_line' id='line_1_17' title="bbox 333 2163 2067 2269; baseline 0.005 -27"><span class='ocrx_word' id='word_1_188' title='bbox 333 2243 335 2248; x_wconf 81' lang='grc'><em>,</em></span> <span class='ocrx_word' id='word_1_189' title='bbox 353 2163 356 2170; x_wconf 72' lang='grc'><strong>’</strong></span> <span class='ocrx_word' id='word_1_190' title='bbox 379 2197 480 2262; x_wconf 86' lang='lat' dir='ltr'>quarn</span> <span class='ocrx_word' id='word_1_191' title='bbox 511 2169 630 2269; x_wconf 80' lang='lat' dir='ltr'>causas</span> <span class='ocrx_word' id='word_1_192' title='bbox 662 2170 915 2252; x_wconf 76' lang='lat' dir='ltr'>antecedentes,</span> <span class='ocrx_word' id='word_1_193' title='bbox 940 2167 1147 2267; x_wconf 61' lang='lat' dir='ltr'>disponentes</span> <span class='ocrx_word' id='word_1_194' title='bbox 1171 2196 1210 2242; x_wconf 88' lang='lat' dir='ltr'>ac</span> <span class='ocrx_word' id='word_1_195' title='bbox 1235 2172 1269 2241; x_wconf 87' lang='lat' dir='ltr'>ia</span> <span class='ocrx_word' id='word_1_196' title='bbox 1282 2172 1380 2242; x_wconf 83' lang='lat' dir='ltr'>instit.</span> <span class='ocrx_word' id='word_1_197' title='bbox 1398 2194 1475 2262; x_wconf 90' lang='lat' dir='ltr'>pag.</span> <span class='ocrx_word' id='word_1_198' title='bbox 1493 2193 1569 2242; x_wconf 87' lang='lat' dir='ltr'>tto.</span> <span class='ocrx_word' id='word_1_199' title='bbox 1584 2172 1650 2243; x_wconf 87' lang='lat' dir='ltr'>huc</span> <span class='ocrx_word' id='word_1_200' title='bbox 1665 2170 1769 2245; x_wconf 84' lang='lat' dir='ltr'>refert</span> <span class='ocrx_word' id='word_1_201' title='bbox 1787 2172 1899 2268; x_wconf 78' lang='lat' dir='ltr'>legent</span> <span class='ocrx_word' id='word_1_202' title='bbox 1914 2179 2067 2251; x_wconf 80' lang='lat' dir='ltr'>divinem</span> 
     </span>
     <span class='ocr_line' id='line_1_18' title="bbox 423 2264 2068 2373; baseline 0.002 -29"><span class='ocrx_word' id='word_1_203' title='bbox 423 2282 611 2365; x_wconf 66' lang='lat' dir='ltr'>atterentes</span> <span class='ocrx_word' id='word_1_204' title='bbox 639 2295 757 2343; x_wconf 87' lang='lat' dir='ltr'>eorum</span> <span class='ocrx_word' id='word_1_205' title='bbox 780 2270 907 2341; x_wconf 82' lang='lat' dir='ltr'>animos</span> <span class='ocrx_word' id='word_1_206' title='bbox 928 2272 1021 2358; x_wconf 85' lang='lat' dir='ltr'>prius</span> <span class='ocrx_word' id='word_1_207' title='bbox 1044 2280 1080 2343; x_wconf 78' lang='lat' dir='ltr'>te</span> <span class='ocrx_word' id='word_1_208' title='bbox 1101 2270 1211 2343; x_wconf 88' lang='lat' dir='ltr'>conci·</span> <span class='ocrx_word' id='word_1_209' title='bbox 1236 2272 1338 2339; x_wconf 85' lang='lat' dir='ltr'>Dent.</span> <span class='ocrx_word' id='word_1_210' title='bbox 1356 2267 1461 2339; x_wconf 88' lang='grc' dir='ltr'>ΧΧΙ..</span> <span class='ocrx_word' id='word_1_211' title='bbox 1477 2289 1531 2340; x_wconf 90' lang='grc' dir='ltr'>ιι.</span> <span class='ocrx_word' id='word_1_212' title='bbox 1583 2264 1628 2341; x_wconf 86' lang='lat' dir='ltr'>Si</span> <span class='ocrx_word' id='word_1_213' title='bbox 1642 2269 1769 2344; x_wconf 83' lang='lat' dir='ltr'>videris</span> <span class='ocrx_word' id='word_1_214' title='bbox 1782 2273 1817 2344; x_wconf 86' lang='lat' dir='ltr'>in</span> <span class='ocrx_word' id='word_1_215' title='bbox 1833 2297 1968 2348; x_wconf 85' lang='lat' dir='ltr'>nuntero</span> <span class='ocrx_word' id='word_1_216' title='bbox 1985 2297 2068 2373; x_wconf 60' lang='lat' dir='ltr'>cap</span> 
     </span>
    </p>

    <p class='ocr_par' dir='ltr' id='par_1_6' title="bbox 304 2294 2065 2566">
     <span class='ocr_line' id='line_1_19' title="bbox 304 2294 2065 2463; baseline 0.006 -24"><span class='ocrx_word' id='word_1_217' title='bbox 304 2419 307 2424; x_wconf 87' lang='lat'><em>-</em></span> <span class='ocrx_word' id='word_1_218' title='bbox 377 2294 454 2439; x_wconf 72' lang='lat' dir='ltr'>libri</span> <span class='ocrx_word' id='word_1_219' title='bbox 476 2378 510 2442; x_wconf 74' lang='grc' dir='ltr'>δι</span> <span class='ocrx_word' id='word_1_220' title='bbox 527 2368 703 2458; x_wconf 82' lang='lat' dir='ltr'>explorari.</span> <span class='ocrx_word' id='word_1_221' title='bbox 756 2369 893 2441; x_wconf 87' lang='lat' dir='ltr'>Rationi</span> <span class='ocrx_word' id='word_1_222' title='bbox 913 2369 1001 2438; x_wconf 88' lang='lat' dir='ltr'>enim</span> <span class='ocrx_word' id='word_1_223' title='bbox 1019 2377 1055 2441; x_wconf 77' lang='grc' dir='ltr'>δι</span> <span class='ocrx_word' id='word_1_224' title='bbox 1077 2369 1212 2458; x_wconf 73' lang='lat' dir='ltr'>equita</span> <span class='ocrx_word' id='word_1_225' title='bbox 1235 2365 1382 2440; x_wconf 87' lang='lat' dir='ltr'>tinorum</span> <span class='ocrx_word' id='word_1_226' title='bbox 1401 2363 1570 2461; x_wconf 76' lang='lat' dir='ltr'>nuntiarem</span> <span class='ocrx_word' id='word_1_227' title='bbox 1587 2366 1763 2463; x_wconf 78' lang='lat' dir='ltr'>pulcram,</span> <span class='ocrx_word' id='word_1_228' title='bbox 1792 2368 1833 2444; x_wconf 71' lang='lat' dir='ltr'>sd</span> <span class='ocrx_word' id='word_1_229' title='bbox 1846 2374 2065 2456; x_wconf 81' lang='lat' dir='ltr'>adamaveris</span> 
     </span>
     <span class='ocr_line' id='line_1_20' title="bbox 380 2461 2065 2566; baseline 0.008 -30"><span class='ocrx_word' id='word_1_230' title='bbox 380 2468 408 2536; x_wconf 90' lang='lat' dir='ltr'>ti</span> <span class='ocrx_word' id='word_1_231' title='bbox 436 2462 688 2544; x_wconf 85' lang='lat' dir='ltr'>consentaneum</span> <span class='ocrx_word' id='word_1_232' title='bbox 718 2469 790 2548; x_wconf 82' lang='lat' dir='ltr'>est,</span> <span class='ocrx_word' id='word_1_233' title='bbox 816 2466 901 2535; x_wconf 90' lang='lat' dir='ltr'>tanti</span> <span class='ocrx_word' id='word_1_234' title='bbox 921 2467 1082 2538; x_wconf 80' lang='lat' dir='ltr'>momenti</span> <span class='ocrx_word' id='word_1_235' title='bbox 1105 2488 1209 2556; x_wconf 89' lang='lat' dir='ltr'>nego·</span> <span class='ocrx_word' id='word_1_236' title='bbox 1235 2486 1329 2553; x_wconf 84' lang='lat' dir='ltr'>cam,</span> <span class='ocrx_word' id='word_1_237' title='bbox 1357 2461 1565 2559; x_wconf 83' lang='lat' dir='ltr'>uolucrisque</span> <span class='ocrx_word' id='word_1_238' title='bbox 1577 2488 1650 2537; x_wconf 82' lang='lat' dir='ltr'>carn</span> <span class='ocrx_word' id='word_1_239' title='bbox 1666 2465 1784 2541; x_wconf 77' lang='lat' dir='ltr'>scabere</span> <span class='ocrx_word' id='word_1_240' title='bbox 1799 2494 1949 2545; x_wconf 85' lang='lat' dir='ltr'>uxorem.</span> <span class='ocrx_word' id='word_1_241' title='bbox 1960 2501 1993 2548; x_wconf 79' lang='lat' dir='ltr'>e.</span> <span class='ocrx_word' id='word_1_242' title='bbox 2008 2496 2019 2546; x_wconf 88' lang='grc' dir='ltr'><strong><em>ι</em></strong></span> <span class='ocrx_word' id='word_1_243' title='bbox 2027 2497 2065 2566; x_wconf 84' lang='grc'>3.</span> 
     </span>
    </p>
   </div>
   <div class='ocr_carea' id='block_1_5' title="bbox 252 2558 2099 2662">
    <p class='ocr_par' dir='ltr' id='par_1_7' title="bbox 252 2558 2099 2662">
     <span class='ocr_line' id='line_1_21' title="bbox 252 2558 2099 2662; baseline 0.009 -31"><span class='ocrx_word' id='word_1_244' title='bbox 252 2563 256 2570; x_wconf 81' lang='lat'>&#39;</span> <span class='ocrx_word' id='word_1_245' title='bbox 379 2564 466 2634; x_wconf 86' lang='lat' dir='ltr'>tium</span> <span class='ocrx_word' id='word_1_246' title='bbox 486 2588 526 2635; x_wconf 89' lang='lat' dir='ltr'>ac</span> <span class='ocrx_word' id='word_1_247' title='bbox 545 2560 800 2635; x_wconf 82' lang='lat' dir='ltr'>indissolubilem</span> <span class='ocrx_word' id='word_1_248' title='bbox 824 2560 914 2633; x_wconf 85' lang='lat' dir='ltr'>illam</span> <span class='ocrx_word' id='word_1_249' title='bbox 940 2565 1209 2660; x_wconf 76' lang='lat' dir='ltr'>cpujunstionem</span> <span class='ocrx_word' id='word_1_250' title='bbox 1234 2558 1303 2635; x_wconf 84' lang='lat' dir='ltr'>Per</span> <span class='ocrx_word' id='word_1_251' title='bbox 1319 2559 1456 2657; x_wconf 85' lang='lat' dir='ltr'>mensem</span> <span class='ocrx_word' id='word_1_252' title='bbox 1467 2564 1564 2658; x_wconf 83' lang='lat' dir='ltr'>prius</span> <span class='ocrx_word' id='word_1_253' title='bbox 1576 2562 1699 2654; x_wconf 84' lang='lat' dir='ltr'>defleat</span> <span class='ocrx_word' id='word_1_254' title='bbox 1711 2567 1905 2661; x_wconf 50' lang='lat' dir='ltr'>patrenus&amp;</span> <span class='ocrx_word' id='word_1_255' title='bbox 1919 2584 2063 2647; x_wconf 76' lang='lat' dir='ltr'>manen</span> <span class='ocrx_word' id='word_1_256' title='bbox 2095 2653 2099 2662; x_wconf 60' lang='grc'>,</span> 
     </span>
    </p>
   </div>
   <div class='ocr_carea' id='block_1_6' title="bbox 295 2657 2097 3446">
    <p class='ocr_par' dir='ltr' id='par_1_8' title="bbox 295 2657 2097 3446">
     <span class='ocr_line' id='line_1_22' title="bbox 382 2657 2065 2758; baseline 0.001 -29"><span class='ocrx_word' id='word_1_257' title='bbox 382 2684 451 2730; x_wconf 82' lang='grc' dir='ltr'><strong><em>ηοιι</em></strong></span> <span class='ocrx_word' id='word_1_258' title='bbox 466 2684 532 2731; x_wconf 89' lang='lat' dir='ltr'>uno</span> <span class='ocrx_word' id='word_1_259' title='bbox 547 2664 653 2733; x_wconf 86' lang='lat' dir='ltr'>statim</span> <span class='ocrx_word' id='word_1_260' title='bbox 669 2661 830 2749; x_wconf 85' lang='lat' dir='ltr'>temporis</span> <span class='ocrx_word' id='word_1_261' title='bbox 842 2659 1001 2739; x_wconf 87' lang='lat' dir='ltr'>articulo,</span> <span class='ocrx_word' id='word_1_262' title='bbox 1027 2657 1080 2731; x_wconf 92' lang='lat' dir='ltr'>sed</span> <span class='ocrx_word' id='word_1_263' title='bbox 1097 2663 1210 2732; x_wconf 85' lang='lat' dir='ltr'>distin·</span> <span class='ocrx_word' id='word_1_264' title='bbox 1226 2658 1338 2755; x_wconf 84' lang='lat' dir='ltr'>snam.</span> <span class='ocrx_word' id='word_1_265' title='bbox 1389 2664 1451 2732; x_wconf 88' lang='lat' dir='ltr'>Sed</span> <span class='ocrx_word' id='word_1_266' title='bbox 1478 2659 1619 2749; x_wconf 83' lang='lat' dir='ltr'>quilibet</span> <span class='ocrx_word' id='word_1_267' title='bbox 1641 2665 1756 2744; x_wconf 83' lang='lat' dir='ltr'>videt,</span> <span class='ocrx_word' id='word_1_268' title='bbox 1790 2689 2000 2758; x_wconf 69' lang='lat' dir='ltr'>praeceptum</span> <span class='ocrx_word' id='word_1_269' title='bbox 2018 2671 2065 2743; x_wconf 78' lang='lat' dir='ltr'>il.</span> 
     </span>
     <span class='ocr_line' id='line_1_23' title="bbox 295 2754 2061 2858; baseline 0.008 -28"><span class='ocrx_word' id='word_1_270' title='bbox 295 2813 312 2846; x_wconf 87' lang='lat'>·.</span> <span class='ocrx_word' id='word_1_271' title='bbox 384 2762 445 2830; x_wconf 77' lang='lat' dir='ltr'>ctis</span> <span class='ocrx_word' id='word_1_272' title='bbox 460 2759 666 2846; x_wconf 81' lang='lat' dir='ltr'>temporibus</span> <span class='ocrx_word' id='word_1_273' title='bbox 679 2781 717 2830; x_wconf 86' lang='lat' dir='ltr'>ac</span> <span class='ocrx_word' id='word_1_274' title='bbox 732 2758 824 2830; x_wconf 88' lang='lat' dir='ltr'>velut</span> <span class='ocrx_word' id='word_1_275' title='bbox 842 2757 1001 2848; x_wconf 76' lang='lat' dir='ltr'>gradibus</span> <span class='ocrx_word' id='word_1_276' title='bbox 1021 2756 1155 2845; x_wconf 85' lang='lat' dir='ltr'>perfici,</span> <span class='ocrx_word' id='word_1_277' title='bbox 1173 2779 1210 2830; x_wconf 90' lang='lat' dir='ltr'>ut</span> <span class='ocrx_word' id='word_1_278' title='bbox 1234 2758 1293 2832; x_wconf 90' lang='lat' dir='ltr'>lud</span> <span class='ocrx_word' id='word_1_279' title='bbox 1312 2757 1375 2831; x_wconf 84' lang='lat' dir='ltr'>esse</span> <span class='ocrx_word' id='word_1_280' title='bbox 1396 2754 1535 2847; x_wconf 85' lang='lat' dir='ltr'>speciale</span> <span class='ocrx_word' id='word_1_281' title='bbox 1556 2784 1757 2833; x_wconf 84' lang='lat' dir='ltr'>concernens</span> <span class='ocrx_word' id='word_1_282' title='bbox 1782 2772 1995 2858; x_wconf 75' lang='lat' dir='ltr'>peregrinam</span> <span class='ocrx_word' id='word_1_283' title='bbox 2015 2785 2061 2845; x_wconf 72' lang='lat' dir='ltr'>&#39;dt</span> 
     </span>
     <span class='ocr_line' id='line_1_24' title="bbox 383 2851 2065 2965; baseline 0.01 -40"><span class='ocrx_word' id='word_1_284' title='bbox 383 2853 449 2927; x_wconf 85' lang='lat' dir='ltr'>bac</span> <span class='ocrx_word' id='word_1_285' title='bbox 468 2860 566 2943; x_wconf 74' lang='lat' dir='ltr'>pauo</span> <span class='ocrx_word' id='word_1_286' title='bbox 584 2853 692 2948; x_wconf 86' lang='lat' dir='ltr'>sponsi</span> <span class='ocrx_word' id='word_1_287' title='bbox 711 2865 745 2931; x_wconf 71' lang='grc' dir='ltr'>ει</span> <span class='ocrx_word' id='word_1_288' title='bbox 767 2851 889 2945; x_wconf 76' lang='lat' dir='ltr'>sponse</span> <span class='ocrx_word' id='word_1_289' title='bbox 907 2856 1008 2925; x_wconf 85' lang='lat' dir='ltr'>animi</span> <span class='ocrx_word' id='word_1_290' title='bbox 1025 2858 1117 2945; x_wconf 89' lang='lat' dir='ltr'>ptius</span> <span class='ocrx_word' id='word_1_291' title='bbox 1133 2881 1209 2929; x_wconf 89' lang='lat' dir='ltr'>con·</span> <span class='ocrx_word' id='word_1_292' title='bbox 1235 2859 1428 2945; x_wconf 69' lang='lat' dir='ltr'>captivamt</span> <span class='ocrx_word' id='word_1_293' title='bbox 1455 2857 1559 2930; x_wconf 81' lang='lat' dir='ltr'>voluit</span> <span class='ocrx_word' id='word_1_294' title='bbox 1581 2862 1670 2930; x_wconf 88' lang='lat' dir='ltr'>enirn</span> <span class='ocrx_word' id='word_1_295' title='bbox 1694 2866 1785 2932; x_wconf 90' lang='lat' dir='ltr'>Deus</span> <span class='ocrx_word' id='word_1_296' title='bbox 1797 2888 1865 2964; x_wconf 70' lang='lat' dir='ltr'>per</span> <span class='ocrx_word' id='word_1_297' title='bbox 1893 2866 1975 2965; x_wconf 80' lang='lat' dir='ltr'>r&#39;flas</span> <span class='ocrx_word' id='word_1_298' title='bbox 2006 2867 2065 2940; x_wconf 89' lang='lat' dir='ltr'>de·</span> 
     </span>
     <span class='ocr_line' id='line_1_25' title="bbox 385 2951 2068 3052; baseline 0.009 -28"><span class='ocrx_word' id='word_1_299' title='bbox 385 2953 560 3037; x_wconf 75' lang='lat' dir='ltr'>cillentur,</span> <span class='ocrx_word' id='word_1_300' title='bbox 582 2981 680 3041; x_wconf 90' lang='lat' dir='ltr'>quam</span> <span class='ocrx_word' id='word_1_301' title='bbox 700 2975 844 3042; x_wconf 81' lang='lat' dir='ltr'>corpore</span> <span class='ocrx_word' id='word_1_302' title='bbox 860 2960 1130 3044; x_wconf 81' lang='lat' dir='ltr'>conjungantur,</span> <span class='ocrx_word' id='word_1_303' title='bbox 1149 2978 1211 3025; x_wconf 84' lang='lat' dir='ltr'>nec</span> <span class='ocrx_word' id='word_1_304' title='bbox 1228 2952 1588 3047; x_wconf 82' lang='lat' dir='ltr'>sorettitatee‚ctiniuus</span> <span class='ocrx_word' id='word_1_305' title='bbox 1602 2951 1724 3028; x_wconf 87' lang='lat' dir='ltr'>scilicet</span> <span class='ocrx_word' id='word_1_306' title='bbox 1737 2954 1982 3052; x_wconf 81' lang='lat' dir='ltr'>detonsionem,</span> <span class='ocrx_word' id='word_1_307' title='bbox 2000 2991 2068 3038; x_wconf 89' lang='lat' dir='ltr'>un-</span> 
     </span>
     <span class='ocr_line' id='line_1_26' title="bbox 387 3049 2063 3151; baseline 0.007 -27"><span class='ocrx_word' id='word_1_308' title='bbox 387 3051 488 3124; x_wconf 87' lang='lat' dir='ltr'>uilcm</span> <span class='ocrx_word' id='word_1_309' title='bbox 511 3050 632 3124; x_wconf 86' lang='lat' dir='ltr'>babeat</span> <span class='ocrx_word' id='word_1_310' title='bbox 648 3052 791 3124; x_wconf 83' lang='lat' dir='ltr'>ararittn</span> <span class='ocrx_word' id='word_1_311' title='bbox 810 3049 950 3130; x_wconf 88' lang='lat' dir='ltr'>datam,</span> <span class='ocrx_word' id='word_1_312' title='bbox 976 3072 1075 3144; x_wconf 86' lang='lat' dir='ltr'>quant</span> <span class='ocrx_word' id='word_1_313' title='bbox 1096 3049 1210 3148; x_wconf 77' lang='lat' dir='ltr'>snspi·</span> <span class='ocrx_word' id='word_1_314' title='bbox 1235 3056 1352 3144; x_wconf 83' lang='lat' dir='ltr'>guium</span> <span class='ocrx_word' id='word_1_315' title='bbox 1385 3054 1628 3151; x_wconf 64' lang='lat' dir='ltr'>nutritionem.</span> <span class='ocrx_word' id='word_1_316' title='bbox 1663 3056 1800 3129; x_wconf 84' lang='lat' dir='ltr'>vestium</span> <span class='ocrx_word' id='word_1_317' title='bbox 1822 3062 2063 3151; x_wconf 78' lang='lat' dir='ltr'>depastionem</span> 
     </span>
     <span class='ocr_line' id='line_1_27' title="bbox 385 3145 2097 3247; baseline 0.008 -26"><span class='ocrx_word' id='word_1_318' title='bbox 385 3145 629 3247; x_wconf 79' lang='lat' dir='ltr'>eouitspousut</span> <span class='ocrx_word' id='word_1_319' title='bbox 647 3145 813 3227; x_wconf 77' lang='lat' dir='ltr'>dilatarat</span> <span class='ocrx_word' id='word_1_320' title='bbox 840 3174 912 3237; x_wconf 81' lang='lat' dir='ltr'>cap.</span> <span class='ocrx_word' id='word_1_321' title='bbox 936 3151 1130 3222; x_wconf 72' lang='lat' dir='ltr'>iristitntum.</span> <span class='ocrx_word' id='word_1_322' title='bbox 1153 3171 1209 3234; x_wconf 81' lang='lat'>27.</span> <span class='ocrx_word' id='word_1_323' title='bbox 1235 3174 1272 3219; x_wconf 85' lang='lat' dir='ltr'>ar</span> <span class='ocrx_word' id='word_1_324' title='bbox 1291 3151 1447 3226; x_wconf 84' lang='lat' dir='ltr'>menstrui</span> <span class='ocrx_word' id='word_1_325' title='bbox 1459 3146 1566 3220; x_wconf 68' lang='lat' dir='ltr'>lucius</span> <span class='ocrx_word' id='word_1_326' title='bbox 1584 3161 1618 3223; x_wconf 80' lang='lat' dir='ltr'>dc</span> <span class='ocrx_word' id='word_1_327' title='bbox 1631 3150 1750 3226; x_wconf 77' lang='lat' dir='ltr'>lindius</span> <span class='ocrx_word' id='word_1_328' title='bbox 1765 3160 2065 3245; x_wconf 62' lang='lat' dir='ltr'>continuationem</span> <span class='ocrx_word' id='word_1_329' title='bbox 2089 3181 2097 3194; x_wconf 82' lang='lat'><strong><em>‘</em></strong></span> 
     </span>
     <span class='ocr_line' id='line_1_28' title="bbox 385 3243 2063 3345; baseline 0.008 -28"><span class='ocrx_word' id='word_1_330' title='bbox 385 3249 496 3335; x_wconf 75' lang='lat' dir='ltr'>quast.</span> <span class='ocrx_word' id='word_1_331' title='bbox 518 3273 547 3319; x_wconf 89' lang='lat'>2.</span> <span class='ocrx_word' id='word_1_332' title='bbox 564 3273 603 3320; x_wconf 83' lang='lat' dir='ltr'>ex</span> <span class='ocrx_word' id='word_1_333' title='bbox 625 3248 818 3338; x_wconf 80' lang='lat' dir='ltr'>Augustino.</span> <span class='ocrx_word' id='word_1_334' title='bbox 872 3257 921 3331; x_wconf 87' lang='lat'>2.)</span> <span class='ocrx_word' id='word_1_335' title='bbox 948 3243 1094 3319; x_wconf 85' lang='lat' dir='ltr'>Publica</span> <span class='ocrx_word' id='word_1_336' title='bbox 1112 3246 1210 3320; x_wconf 85' lang='lat' dir='ltr'>bone·</span> <span class='ocrx_word' id='word_1_337' title='bbox 1236 3244 1412 3318; x_wconf 82' lang='lat' dir='ltr'>libidinem</span> <span class='ocrx_word' id='word_1_338' title='bbox 1432 3249 1615 3333; x_wconf 76' lang='lat' dir='ltr'>amatoris,</span> <span class='ocrx_word' id='word_1_339' title='bbox 1640 3275 1705 3336; x_wconf 88' lang='lat' dir='ltr'>qna</span> <span class='ocrx_word' id='word_1_340' title='bbox 1733 3252 1823 3325; x_wconf 86' lang='lat' dir='ltr'>illam</span> <span class='ocrx_word' id='word_1_341' title='bbox 1854 3259 2063 3345; x_wconf 87' lang='lat' dir='ltr'>deperibat,</span> 
     </span>
     <span class='ocr_line' id='line_1_29' title="bbox 380 3342 2063 3446; baseline 0.007 -30"><span class='ocrx_word' id='word_1_342' title='bbox 380 3348 463 3446; x_wconf 83' lang='lat' dir='ltr'>stoc.</span> <span class='ocrx_word' id='word_1_343' title='bbox 517 3349 787 3434; x_wconf 74' lang='lat' dir='ltr'>luterJiciendum</span> <span class='ocrx_word' id='word_1_344' title='bbox 810 3342 944 3429; x_wconf 84' lang='lat' dir='ltr'>aliquod</span> <span class='ocrx_word' id='word_1_345' title='bbox 971 3364 1102 3432; x_wconf 81' lang='lat' dir='ltr'>tempus</span> <span class='ocrx_word' id='word_1_346' title='bbox 1124 3349 1211 3417; x_wconf 89' lang='lat' dir='ltr'>inter</span> <span class='ocrx_word' id='word_1_347' title='bbox 1234 3342 1350 3440; x_wconf 82' lang='lat' dir='ltr'>rursus</span> <span class='ocrx_word' id='word_1_348' title='bbox 1364 3346 1554 3442; x_wconf 77' lang='lat' dir='ltr'>exstingui,</span> <span class='ocrx_word' id='word_1_349' title='bbox 1581 3352 2063 3443; x_wconf 84' lang='lat' dir='ltr'>utFagiusinparaph.chald.</span> 
     </span>
    </p>
   </div>
   <div class='ocr_carea' id='block_1_7' title="bbox 233 3438 2067 3536">
    <p class='ocr_par' dir='ltr' id='par_1_9' title="bbox 233 3438 2067 3536">
     <span class='ocr_line' id='line_1_30' title="bbox 233 3438 2067 3536; baseline 0.008 -23"><span class='ocrx_word' id='word_1_350' title='bbox 233 3515 253 3536; x_wconf 57' lang='grc'>,</span> <span class='ocrx_word' id='word_1_351' title='bbox 387 3438 546 3532; x_wconf 84' lang='lat' dir='ltr'>sponsalia</span> <span class='ocrx_word' id='word_1_352' title='bbox 573 3439 766 3532; x_wconf 70' lang='lat' dir='ltr'>&amp;nuptiae</span> <span class='ocrx_word' id='word_1_353' title='bbox 793 3440 973 3529; x_wconf 66' lang='lat' dir='ltr'>maioribus</span> <span class='ocrx_word' id='word_1_354' title='bbox 998 3439 1103 3515; x_wconf 83' lang='lat' dir='ltr'>visum</span> <span class='ocrx_word' id='word_1_355' title='bbox 1124 3441 1214 3525; x_wconf 84' lang='lat' dir='ltr'>suit,</span> <span class='ocrx_word' id='word_1_356' title='bbox 1238 3440 1583 3517; x_wconf 83' lang='lat' dir='ltr'>exRabbiuoBachai</span> <span class='ocrx_word' id='word_1_357' title='bbox 1610 3453 1700 3519; x_wconf 74' lang='lat' dir='ltr'>reste</span> <span class='ocrx_word' id='word_1_358' title='bbox 1724 3472 1849 3522; x_wconf 86' lang='lat' dir='ltr'>monet.</span> <span class='ocrx_word' id='word_1_359' title='bbox 1915 3458 2067 3530; x_wconf 78' lang='lat' dir='ltr'>Adduci-</span> 
     </span>
    </p>
   </div>
   <div class='ocr_carea' id='block_1_8' title="bbox 253 3535 2067 5225">
    <p class='ocr_par' dir='ltr' id='par_1_10' title="bbox 253 3535 2067 5225">
     <span class='ocr_line' id='line_1_31' title="bbox 386 3535 2064 3645; baseline 0.017 -45"><span class='ocrx_word' id='word_1_360' title='bbox 386 3567 429 3613; x_wconf 65' lang='lat' dir='ltr'>ne</span> <span class='ocrx_word' id='word_1_361' title='bbox 448 3539 656 3632; x_wconf 77' lang='lat' dir='ltr'>stipulatione</span> <span class='ocrx_word' id='word_1_362' title='bbox 673 3552 708 3615; x_wconf 91' lang='lat'>&amp;</span> <span class='ocrx_word' id='word_1_363' title='bbox 723 3535 938 3627; x_wconf 82' lang='lat' dir='ltr'>promiilione</span> <span class='ocrx_word' id='word_1_364' title='bbox 952 3538 1039 3612; x_wconf 79' lang='lat' dir='ltr'>facta</span> <span class='ocrx_word' id='word_1_365' title='bbox 1058 3565 1152 3614; x_wconf 77' lang='lat' dir='ltr'>casco</span> <span class='ocrx_word' id='word_1_366' title='bbox 1166 3562 1213 3613; x_wconf 85' lang='lat' dir='ltr'>at·</span> <span class='ocrx_word' id='word_1_367' title='bbox 1238 3566 1311 3614; x_wconf 86' lang='lat' dir='ltr'>mus</span> <span class='ocrx_word' id='word_1_368' title='bbox 1334 3544 1437 3631; x_wconf 86' lang='lat' dir='ltr'>igitur</span> <span class='ocrx_word' id='word_1_369' title='bbox 1460 3542 1521 3612; x_wconf 89' lang='lat' dir='ltr'>alia</span> <span class='ocrx_word' id='word_1_370' title='bbox 1541 3545 1714 3632; x_wconf 84' lang='lat' dir='ltr'>exempla:</span> <span class='ocrx_word' id='word_1_371' title='bbox 1749 3544 1865 3620; x_wconf 84' lang='lat' dir='ltr'>Graes.</span> <span class='ocrx_word' id='word_1_372' title='bbox 1887 3550 1981 3626; x_wconf 88' lang='lat' dir='ltr'>XIX.</span> <span class='ocrx_word' id='word_1_373' title='bbox 1994 3576 2064 3645; x_wconf 80' lang='lat'>⁰14.</span> 
     </span>
     <span class='ocr_line' id='line_1_32' title="bbox 386 3635 2063 3746; baseline 0.02 -51"><span class='ocrx_word' id='word_1_374' title='bbox 386 3664 451 3727; x_wconf 63' lang='lat' dir='ltr'>que</span> <span class='ocrx_word' id='word_1_375' title='bbox 473 3637 591 3715; x_wconf 56' lang='lat' dir='ltr'>effrem</span> <span class='ocrx_word' id='word_1_376' title='bbox 604 3638 748 3711; x_wconf 65' lang='lat' dir='ltr'>hundans</span> <span class='ocrx_word' id='word_1_377' title='bbox 761 3641 890 3726; x_wconf 85' lang='lat' dir='ltr'>impetu</span> <span class='ocrx_word' id='word_1_378' title='bbox 905 3645 1064 3729; x_wconf 83' lang='lat' dir='ltr'>conjuges</span> <span class='ocrx_word' id='word_1_379' title='bbox 1076 3644 1116 3711; x_wconf 88' lang='lat' dir='ltr'>ad</span> <span class='ocrx_word' id='word_1_380' title='bbox 1135 3665 1216 3713; x_wconf 90' lang='lat' dir='ltr'>con.</span> <span class='ocrx_word' id='word_1_381' title='bbox 1239 3635 1403 3736; x_wconf 75' lang='lat' dir='ltr'>Egreffus</span> <span class='ocrx_word' id='word_1_382' title='bbox 1429 3636 1517 3712; x_wconf 81' lang='lat' dir='ltr'>Lora</span> <span class='ocrx_word' id='word_1_383' title='bbox 1534 3640 1663 3714; x_wconf 84' lang='lat' dir='ltr'>locutus</span> <span class='ocrx_word' id='word_1_384' title='bbox 1678 3647 1721 3742; x_wconf 74' lang='lat' dir='ltr'>cst</span> <span class='ocrx_word' id='word_1_385' title='bbox 1737 3646 1783 3715; x_wconf 86' lang='lat' dir='ltr'>od</span> <span class='ocrx_word' id='word_1_386' title='bbox 1802 3672 1941 3742; x_wconf 80' lang='lat' dir='ltr'>generos</span> <span class='ocrx_word' id='word_1_387' title='bbox 1952 3651 2063 3746; x_wconf 65' lang='lat' dir='ltr'>filos,</span> 
     </span>
     <span class='ocr_line' id='line_1_33' title="bbox 387 3733 2063 3840; baseline 0.01 -32"><span class='ocrx_word' id='word_1_388' title='bbox 387 3736 539 3809; x_wconf 86' lang='lat' dir='ltr'>cubitum</span> <span class='ocrx_word' id='word_1_389' title='bbox 561 3755 822 3826; x_wconf 84' lang='lat' dir='ltr'>prorumperent</span> <span class='ocrx_word' id='word_1_390' title='bbox 837 3733 1012 3806; x_wconf 85' lang='lat' dir='ltr'>bortestatis</span> <span class='ocrx_word' id='word_1_391' title='bbox 1032 3737 1153 3818; x_wconf 87' lang='lat' dir='ltr'>obliti,</span> <span class='ocrx_word' id='word_1_392' title='bbox 1179 3747 1214 3812; x_wconf 82' lang='lat' dir='ltr'>dt</span> <span class='ocrx_word' id='word_1_393' title='bbox 1238 3739 1296 3831; x_wconf 74' lang='lat' dir='ltr'>qui</span> <span class='ocrx_word' id='word_1_394' title='bbox 1316 3741 1483 3833; x_wconf 84' lang='lat' dir='ltr'>accepturi</span> <span class='ocrx_word' id='word_1_395' title='bbox 1502 3742 1802 3837; x_wconf 78' lang='lat' dir='ltr'>erantfiiiosejus.</span> <span class='ocrx_word' id='word_1_396' title='bbox 1855 3752 1943 3840; x_wconf 80' lang='lat' dir='ltr'>Ergo</span> <span class='ocrx_word' id='word_1_397' title='bbox 1961 3753 2063 3825; x_wconf 84' lang='lat' dir='ltr'>Lothi</span> 
     </span>
     <span class='ocr_line' id='line_1_34' title="bbox 387 3829 2065 3925; baseline 0.01 -21"><span class='ocrx_word' id='word_1_398' title='bbox 387 3834 563 3906; x_wconf 84' lang='lat' dir='ltr'>bestiarum</span> <span class='ocrx_word' id='word_1_399' title='bbox 585 3860 678 3906; x_wconf 88' lang='lat' dir='ltr'>more</span> <span class='ocrx_word' id='word_1_400' title='bbox 707 3829 843 3905; x_wconf 87' lang='lat' dir='ltr'>sensuali</span> <span class='ocrx_word' id='word_1_401' title='bbox 858 3835 1033 3921; x_wconf 69' lang='lat' dir='ltr'>adpetitui</span> <span class='ocrx_word' id='word_1_402' title='bbox 1056 3832 1212 3908; x_wconf 87' lang='lat' dir='ltr'>obsecuti.</span> <span class='ocrx_word' id='word_1_403' title='bbox 1238 3834 1313 3905; x_wconf 84' lang='lat' dir='ltr'>filiae</span> <span class='ocrx_word' id='word_1_404' title='bbox 1338 3859 1434 3908; x_wconf 88' lang='lat' dir='ltr'>erant</span> <span class='ocrx_word' id='word_1_405' title='bbox 1454 3834 1672 3925; x_wconf 76' lang='lat' dir='ltr'>desponsata,</span> <span class='ocrx_word' id='word_1_406' title='bbox 1699 3847 1844 3914; x_wconf 80' lang='lat' dir='ltr'>standum</span> <span class='ocrx_word' id='word_1_407' title='bbox 1864 3865 1973 3919; x_wconf 83' lang='lat' dir='ltr'>tamen</span> <span class='ocrx_word' id='word_1_408' title='bbox 1994 3876 2065 3921; x_wconf 87' lang='lat' dir='ltr'>ma·</span> 
     </span>
     <span class='ocr_line' id='line_1_35' title="bbox 388 3929 2062 4039; baseline 0.012 -38"><span class='ocrx_word' id='word_1_409' title='bbox 388 3931 512 4002; x_wconf 75' lang='lat' dir='ltr'>Tobiae</span> <span class='ocrx_word' id='word_1_410' title='bbox 539 3935 574 4001; x_wconf 91' lang='lat' dir='ltr'>in</span> <span class='ocrx_word' id='word_1_411' title='bbox 603 3929 678 4019; x_wconf 83' lang='lat' dir='ltr'>ipsis</span> <span class='ocrx_word' id='word_1_412' title='bbox 707 3932 831 4019; x_wconf 84' lang='lat' dir='ltr'>nuptiis</span> <span class='ocrx_word' id='word_1_413' title='bbox 854 3943 920 4002; x_wconf 82' lang='lat' dir='ltr'>tres</span> <span class='ocrx_word' id='word_1_414' title='bbox 945 3936 1069 4019; x_wconf 84' lang='lat' dir='ltr'>primas</span> <span class='ocrx_word' id='word_1_415' title='bbox 1101 3939 1213 4005; x_wconf 67' lang='lat' dir='ltr'>troctas</span> <span class='ocrx_word' id='word_1_416' title='bbox 1239 3934 1308 4002; x_wconf 82' lang='lat' dir='ltr'>ritis</span> <span class='ocrx_word' id='word_1_417' title='bbox 1330 3937 1469 4007; x_wconf 80' lang='lat' dir='ltr'>tradita.</span> <span class='ocrx_word' id='word_1_418' title='bbox 1493 3936 1657 4010; x_wconf 73' lang='lat' dir='ltr'>cxxix.</span> <span class='ocrx_word' id='word_1_419' title='bbox 1682 3965 1738 4013; x_wconf 86' lang='lat'>20.</span> <span class='ocrx_word' id='word_1_420' title='bbox 1766 3934 1888 4039; x_wconf 73' lang='lat' dir='ltr'>¹,Jacob</span> <span class='ocrx_word' id='word_1_421' title='bbox 1910 3971 1977 4018; x_wconf 89' lang='lat' dir='ltr'>non</span> <span class='ocrx_word' id='word_1_422' title='bbox 2003 3938 2062 4022; x_wconf 83' lang='lat' dir='ltr'>nili</span> 
     </span>
     <span class='ocr_line' id='line_1_36' title="bbox 388 4027 2064 4137; baseline 0.013 -40"><span class='ocrx_word' id='word_1_423' title='bbox 388 4028 543 4115; x_wconf 85' lang='lat' dir='ltr'>precibus</span> <span class='ocrx_word' id='word_1_424' title='bbox 566 4032 701 4117; x_wconf 73' lang='lat' dir='ltr'>potius,</span> <span class='ocrx_word' id='word_1_425' title='bbox 727 4054 826 4116; x_wconf 87' lang='lat' dir='ltr'>quam</span> <span class='ocrx_word' id='word_1_426' title='bbox 851 4034 996 4119; x_wconf 86' lang='lat' dir='ltr'>conjugii</span> <span class='ocrx_word' id='word_1_427' title='bbox 1026 4027 1097 4101; x_wconf 90' lang='lat' dir='ltr'>usui</span> <span class='ocrx_word' id='word_1_428' title='bbox 1116 4033 1214 4103; x_wconf 87' lang='lat' dir='ltr'>delli·</span> <span class='ocrx_word' id='word_1_429' title='bbox 1239 4027 1410 4118; x_wconf 86' lang='lat' dir='ltr'>septennio</span> <span class='ocrx_word' id='word_1_430' title='bbox 1434 4038 1548 4105; x_wconf 76' lang='lat' dir='ltr'>exodio</span> <span class='ocrx_word' id='word_1_431' title='bbox 1566 4034 1720 4122; x_wconf 78' lang='lat' dir='ltr'>promissa</span> <span class='ocrx_word' id='word_1_432' title='bbox 1748 4039 1804 4110; x_wconf 79' lang='lat' dir='ltr'>tbi</span> <span class='ocrx_word' id='word_1_433' title='bbox 1830 4043 1979 4118; x_wconf 82' lang='lat' dir='ltr'>Racltele</span> <span class='ocrx_word' id='word_1_434' title='bbox 1999 4072 2064 4137; x_wconf 87' lang='lat' dir='ltr'>po-</span> 
     </span>
     <span class='ocr_line' id='line_1_37' title="bbox 253 4119 2063 4242; baseline 0.014 -49"><span class='ocrx_word' id='word_1_435' title='bbox 253 4119 287 4192; x_wconf 84' lang='grc'>’,</span> <span class='ocrx_word' id='word_1_436' title='bbox 387 4150 469 4208; x_wconf 83' lang='lat' dir='ltr'>aare</span> <span class='ocrx_word' id='word_1_437' title='bbox 490 4124 606 4198; x_wconf 87' lang='lat' dir='ltr'>voluit.</span> <span class='ocrx_word' id='word_1_438' title='bbox 622 4124 711 4199; x_wconf 85' lang='lat' dir='ltr'>Tob.</span> <span class='ocrx_word' id='word_1_439' title='bbox 728 4123 830 4205; x_wconf 86' lang='lat' dir='ltr'>Vlll.</span> <span class='ocrx_word' id='word_1_440' title='bbox 856 4151 890 4214; x_wconf 83' lang='lat'>4.</span> <span class='ocrx_word' id='word_1_441' title='bbox 940 4123 1077 4224; x_wconf 81' lang='lat' dir='ltr'>Surge,</span> <span class='ocrx_word' id='word_1_442' title='bbox 1108 4132 1214 4218; x_wconf 84' lang='lat' dir='ltr'>inquit</span> <span class='ocrx_word' id='word_1_443' title='bbox 1239 4131 1317 4199; x_wconf 89' lang='lat' dir='ltr'>titus</span> <span class='ocrx_word' id='word_1_444' title='bbox 1333 4132 1389 4201; x_wconf 86' lang='lat' dir='ltr'>est.</span> <span class='ocrx_word' id='word_1_445' title='bbox 1415 4134 1513 4202; x_wconf 85' lang='lat' dir='ltr'>Dent.</span> <span class='ocrx_word' id='word_1_446' title='bbox 1531 4131 1605 4204; x_wconf 87' lang='lat' dir='ltr'>XX.</span> <span class='ocrx_word' id='word_1_447' title='bbox 1622 4159 1653 4223; x_wconf 83' lang='lat'>7.</span> <span class='ocrx_word' id='word_1_448' title='bbox 1715 4134 2063 4242; x_wconf 72' lang='lat' dir='ltr'>Quiseflitomo‚qui</span> 
     </span>
     <span class='ocr_line' id='line_1_38' title="bbox 390 4218 2060 4336; baseline 0.013 -38"><span class='ocrx_word' id='word_1_449' title='bbox 390 4224 514 4298; x_wconf 81' lang='lat' dir='ltr'>Tobios</span> <span class='ocrx_word' id='word_1_450' title='bbox 532 4230 572 4297; x_wconf 90' lang='lat' dir='ltr'>ad</span> <span class='ocrx_word' id='word_1_451' title='bbox 592 4218 831 4313; x_wconf 76' lang='lat' dir='ltr'>sponsaar,·&amp;</span> <span class='ocrx_word' id='word_1_452' title='bbox 850 4223 1060 4321; x_wconf 77' lang='lat' dir='ltr'>deprecentur</span> <span class='ocrx_word' id='word_1_453' title='bbox 1076 4223 1213 4314; x_wconf 85' lang='lat' dir='ltr'>Deum,</span> <span class='ocrx_word' id='word_1_454' title='bbox 1239 4224 1414 4326; x_wconf 67' lang='lat' dir='ltr'>despeirolii</span> <span class='ocrx_word' id='word_1_455' title='bbox 1438 4252 1599 4314; x_wconf 71' lang='lat' dir='ltr'>uxorem,</span> <span class='ocrx_word' id='word_1_456' title='bbox 1637 4230 1678 4306; x_wconf 64' lang='lat' dir='ltr'>ss</span> <span class='ocrx_word' id='word_1_457' title='bbox 1706 4259 1772 4308; x_wconf 79' lang='lat' dir='ltr'>nou</span> <span class='ocrx_word' id='word_1_458' title='bbox 1808 4228 1934 4336; x_wconf 70' lang='lat' dir='ltr'>decepit</span> <span class='ocrx_word' id='word_1_459' title='bbox 1956 4243 2060 4317; x_wconf 74' lang='lat' dir='ltr'>euml</span> 
     </span>
     <span class='ocr_line' id='line_1_39' title="bbox 388 4311 2061 4429; baseline 0.014 -35"><span class='ocrx_word' id='word_1_460' title='bbox 388 4325 468 4421; x_wconf 84' lang='lat' dir='ltr'>qnia</span> <span class='ocrx_word' id='word_1_461' title='bbox 494 4321 548 4396; x_wconf 88' lang='lat' dir='ltr'>bis</span> <span class='ocrx_word' id='word_1_462' title='bbox 580 4320 690 4396; x_wconf 86' lang='lat' dir='ltr'>tribus</span> <span class='ocrx_word' id='word_1_463' title='bbox 724 4320 873 4395; x_wconf 70' lang='lat' dir='ltr'>nudibus</span> <span class='ocrx_word' id='word_1_464' title='bbox 905 4320 980 4395; x_wconf 78' lang='lat' dir='ltr'>Deo</span> <span class='ocrx_word' id='word_1_465' title='bbox 1010 4328 1212 4421; x_wconf 84' lang='lat' dir='ltr'>jungintne,</span> <span class='ocrx_word' id='word_1_466' title='bbox 1238 4311 1338 4424; x_wconf 46' lang='lat' dir='ltr'>unp}</span> <span class='ocrx_word' id='word_1_467' title='bbox 1358 4312 1417 4397; x_wconf 62' lang='lat'>8⁸7.</span> <span class='ocrx_word' id='word_1_468' title='bbox 1470 4333 1559 4417; x_wconf 82' lang='lat' dir='ltr'>Erga</span> <span class='ocrx_word' id='word_1_469' title='bbox 1580 4330 1759 4406; x_wconf 84' lang='lat' dir='ltr'>intercessu</span> <span class='ocrx_word' id='word_1_470' title='bbox 1783 4360 1913 4426; x_wconf 71' lang='lat' dir='ltr'>tenipus</span> <span class='ocrx_word' id='word_1_471' title='bbox 1927 4342 2061 4429; x_wconf 83' lang='lat' dir='ltr'>aliquod</span> 
     </span>
     <span class='ocr_line' id='line_1_40' title="bbox 388 4419 2060 4534; baseline 0.015 -38"><span class='ocrx_word' id='word_1_472' title='bbox 388 4423 491 4496; x_wconf 83' lang='lat' dir='ltr'>tertia</span> <span class='ocrx_word' id='word_1_473' title='bbox 511 4432 621 4494; x_wconf 79' lang='lat' dir='ltr'>autern</span> <span class='ocrx_word' id='word_1_474' title='bbox 654 4419 825 4495; x_wconf 79' lang='lat' dir='ltr'>transatio</span> <span class='ocrx_word' id='word_1_475' title='bbox 849 4420 938 4494; x_wconf 70' lang='lat' dir='ltr'>node</span> <span class='ocrx_word' id='word_1_476' title='bbox 959 4425 995 4494; x_wconf 86' lang='lat' dir='ltr'>in</span> <span class='ocrx_word' id='word_1_477' title='bbox 1018 4429 1126 4524; x_wconf 85' lang='lat' dir='ltr'>nostro</span> <span class='ocrx_word' id='word_1_478' title='bbox 1148 4427 1213 4497; x_wconf 86' lang='lat' dir='ltr'>eei·</span> <span class='ocrx_word' id='word_1_479' title='bbox 1238 4439 1324 4509; x_wconf 87' lang='lat' dir='ltr'>inter</span> <span class='ocrx_word' id='word_1_480' title='bbox 1342 4437 1452 4509; x_wconf 86' lang='lat' dir='ltr'>uxoris</span> <span class='ocrx_word' id='word_1_481' title='bbox 1471 4432 1752 4523; x_wconf 81' lang='lat' dir='ltr'>desponsationem</span> <span class='ocrx_word' id='word_1_482' title='bbox 1775 4454 1808 4515; x_wconf 78' lang='lat' dir='ltr'>dt</span> <span class='ocrx_word' id='word_1_483' title='bbox 1832 4450 2060 4534; x_wconf 80' lang='lat' dir='ltr'>acceptionem</span> 
     </span>
     <span class='ocr_line' id='line_1_41' title="bbox 390 4515 2067 4636; baseline 0.015 -42"><span class='ocrx_word' id='word_1_484' title='bbox 390 4546 463 4594; x_wconf 82' lang='lat' dir='ltr'>mus</span> <span class='ocrx_word' id='word_1_485' title='bbox 489 4522 712 4614; x_wconf 65' lang='lat' dir='ltr'>conjugique.</span> <span class='ocrx_word' id='word_1_486' title='bbox 740 4546 770 4611; x_wconf 85' lang='lat'>5.</span> <span class='ocrx_word' id='word_1_487' title='bbox 821 4515 912 4592; x_wconf 75' lang='lat' dir='ltr'>Filii</span> <span class='ocrx_word' id='word_1_488' title='bbox 944 4524 1064 4619; x_wconf 68' lang='lat' dir='ltr'>quippe</span> <span class='ocrx_word' id='word_1_489' title='bbox 1080 4522 1213 4619; x_wconf 70' lang='lat' dir='ltr'>suesso-</span> <span class='ocrx_word' id='word_1_490' title='bbox 1237 4533 1304 4605; x_wconf 80' lang='lat' dir='ltr'>live</span> <span class='ocrx_word' id='word_1_491' title='bbox 1330 4538 1567 4613; x_wconf 85' lang='lat' dir='ltr'>traditionem,</span> <span class='ocrx_word' id='word_1_492' title='bbox 1591 4540 1620 4606; x_wconf 82' lang='lat' dir='ltr'>id</span> <span class='ocrx_word' id='word_1_493' title='bbox 1650 4542 1717 4624; x_wconf 74' lang='lat' dir='ltr'>est,</span> <span class='ocrx_word' id='word_1_494' title='bbox 1749 4543 1835 4612; x_wconf 86' lang='lat' dir='ltr'>inter</span> <span class='ocrx_word' id='word_1_495' title='bbox 1864 4535 2067 4636; x_wconf 79' lang='lat' dir='ltr'>conjugium-</span> 
     </span>
     <span class='ocr_line' id='line_1_42' title="bbox 388 4614 2058 4739; baseline 0.014 -46"><span class='ocrx_word' id='word_1_496' title='bbox 388 4614 602 4715; x_wconf 72' lang='lat' dir='ltr'>canescebat,</span> <span class='ocrx_word' id='word_1_497' title='bbox 629 4615 669 4690; x_wconf 67' lang='lat' dir='ltr'>ss</span> <span class='ocrx_word' id='word_1_498' title='bbox 684 4642 748 4690; x_wconf 78' lang='lat' dir='ltr'>etan</span> <span class='ocrx_word' id='word_1_499' title='bbox 766 4615 933 4717; x_wconf 75' lang='lat' dir='ltr'>poffumus</span> <span class='ocrx_word' id='word_1_500' title='bbox 949 4624 999 4695; x_wconf 81' lang='lat' dir='ltr'>ita</span> <span class='ocrx_word' id='word_1_501' title='bbox 1028 4625 1211 4718; x_wconf 80' lang='lat' dir='ltr'>cocejungi,</span> <span class='ocrx_word' id='word_1_502' title='bbox 1237 4632 1427 4704; x_wconf 86' lang='lat' dir='ltr'>inchoatum</span> <span class='ocrx_word' id='word_1_503' title='bbox 1443 4631 1507 4701; x_wconf 84' lang='lat' dir='ltr'>live</span> <span class='ocrx_word' id='word_1_504' title='bbox 1522 4633 1724 4720; x_wconf 83' lang='lat' dir='ltr'>promissum,</span> <span class='ocrx_word' id='word_1_505' title='bbox 1742 4638 2058 4739; x_wconf 67' lang='lat' dir='ltr'>&amp;ctttrsunnnatum0</span> 
     </span>
     <span class='ocr_line' id='line_1_43' title="bbox 380 4715 2060 4836; baseline 0.013 -46"><span class='ocrx_word' id='word_1_506' title='bbox 380 4720 469 4821; x_wconf 80' lang='lat' dir='ltr'>ficut</span> <span class='ocrx_word' id='word_1_507' title='bbox 482 4726 613 4813; x_wconf 61' lang='lat' dir='ltr'>gentes,</span> <span class='ocrx_word' id='word_1_508' title='bbox 638 4739 709 4813; x_wconf 81' lang='lat' dir='ltr'>qua</span> <span class='ocrx_word' id='word_1_509' title='bbox 722 4720 883 4811; x_wconf 83' lang='lat' dir='ltr'>ignorant</span> <span class='ocrx_word' id='word_1_510' title='bbox 900 4715 1023 4796; x_wconf 87' lang='lat' dir='ltr'>Deum.-</span> <span class='ocrx_word' id='word_1_511' title='bbox 1076 4731 1111 4794; x_wconf 85' lang='lat' dir='ltr'>ln</span> <span class='ocrx_word' id='word_1_512' title='bbox 1128 4748 1212 4815; x_wconf 82' lang='lat' dir='ltr'>gtae·</span> <span class='ocrx_word' id='word_1_513' title='bbox 1237 4738 1382 4803; x_wconf 77' lang='lat' dir='ltr'>cxxu.</span> <span class='ocrx_word' id='word_1_514' title='bbox 1400 4757 1453 4820; x_wconf 82' lang='lat'>23.</span> <span class='ocrx_word' id='word_1_515' title='bbox 1475 4727 1518 4801; x_wconf 75' lang='lat' dir='ltr'>St</span> <span class='ocrx_word' id='word_1_516' title='bbox 1536 4731 1677 4825; x_wconf 78' lang='lat' dir='ltr'>puellam</span> <span class='ocrx_word' id='word_1_517' title='bbox 1697 4738 1862 4828; x_wconf 76' lang='lat' dir='ltr'>uirginem</span> <span class='ocrx_word' id='word_1_518' title='bbox 1883 4739 2060 4836; x_wconf 68' lang='lat' dir='ltr'>desponde.</span> 
     </span>
     <span class='ocr_line' id='line_1_44' title="bbox 386 4818 2059 4931; baseline 0.014 -40"><span class='ocrx_word' id='word_1_519' title='bbox 386 4845 426 4891; x_wconf 84' lang='lat' dir='ltr'>ca</span> <span class='ocrx_word' id='word_1_520' title='bbox 447 4838 558 4889; x_wconf 85' lang='lat' dir='ltr'>tamen</span> <span class='ocrx_word' id='word_1_521' title='bbox 573 4819 716 4891; x_wconf 85' lang='lat' dir='ltr'>editione</span> <span class='ocrx_word' id='word_1_522' title='bbox 738 4818 846 4888; x_wconf 77' lang='lat' dir='ltr'>isthec</span> <span class='ocrx_word' id='word_1_523' title='bbox 862 4843 930 4889; x_wconf 88' lang='lat' dir='ltr'>non</span> <span class='ocrx_word' id='word_1_524' title='bbox 950 4818 1124 4892; x_wconf 77' lang='lat' dir='ltr'>habentur.</span> <span class='ocrx_word' id='word_1_525' title='bbox 1168 4832 1213 4907; x_wconf 72' lang='lat'>3.)</span> <span class='ocrx_word' id='word_1_526' title='bbox 1235 4830 1286 4901; x_wconf 83' lang='lat' dir='ltr'>rit</span> <span class='ocrx_word' id='word_1_527' title='bbox 1302 4831 1370 4916; x_wconf 82' lang='lat' dir='ltr'>uir,</span> <span class='ocrx_word' id='word_1_528' title='bbox 1398 4825 1438 4901; x_wconf 67' lang='lat' dir='ltr'>ss</span> <span class='ocrx_word' id='word_1_529' title='bbox 1458 4831 1620 4905; x_wconf 76' lang='lat' dir='ltr'>intecurrit</span> <span class='ocrx_word' id='word_1_530' title='bbox 1638 4856 1710 4904; x_wconf 87' lang='lat' dir='ltr'>eant</span> <span class='ocrx_word' id='word_1_531' title='bbox 1732 4836 1912 4931; x_wconf 79' lang='lat' dir='ltr'>aliquisita</span> <span class='ocrx_word' id='word_1_532' title='bbox 1936 4842 2059 4915; x_wconf 77' lang='lat' dir='ltr'>ciuita-</span> 
     </span>
     <span class='ocr_line' id='line_1_45' title="bbox 386 4911 2059 5015; baseline 0.014 -24"><span class='ocrx_word' id='word_1_533' title='bbox 386 4914 577 5015; x_wconf 76' lang='lat' dir='ltr'>Neceffilas·</span> <span class='ocrx_word' id='word_1_534' title='bbox 625 4919 704 4986; x_wconf 81' lang='lat' dir='ltr'>Non</span> <span class='ocrx_word' id='word_1_535' title='bbox 729 4916 809 4986; x_wconf 89' lang='lat' dir='ltr'>utile</span> <span class='ocrx_word' id='word_1_536' title='bbox 828 4911 950 4999; x_wconf 72' lang='lat' dir='ltr'>s⁰luma</span> <span class='ocrx_word' id='word_1_537' title='bbox 980 4915 1087 5012; x_wconf 83' lang='lat' dir='ltr'>sed&amp;</span> <span class='ocrx_word' id='word_1_538' title='bbox 1103 4917 1212 4990; x_wconf 77' lang='lat' dir='ltr'>neces·</span> <span class='ocrx_word' id='word_1_539' title='bbox 1236 4937 1284 5012; x_wconf 82' lang='lat' dir='ltr'>te,</span> <span class='ocrx_word' id='word_1_540' title='bbox 1318 4924 1359 5000; x_wconf 63' lang='lat' dir='ltr'>ss</span> <span class='ocrx_word' id='word_1_541' title='bbox 1379 4928 1587 5001; x_wconf 77' lang='lat' dir='ltr'>concubuerit</span> <span class='ocrx_word' id='word_1_542' title='bbox 1608 4955 1680 5002; x_wconf 86' lang='lat' dir='ltr'>cnm</span> <span class='ocrx_word' id='word_1_543' title='bbox 1702 4958 1764 5012; x_wconf 86' lang='lat' dir='ltr'>ca.</span> <span class='ocrx_word' id='word_1_544' title='bbox 1790 4934 1903 5009; x_wconf 83' lang='lat' dir='ltr'>educet</span> <span class='ocrx_word' id='word_1_545' title='bbox 1930 4950 2059 5014; x_wconf 82' lang='lat' dir='ltr'>utrun-</span> 
     </span>
     <span class='ocr_line' id='line_1_46' title="bbox 386 5009 2058 5126; baseline 0.016 -38"><span class='ocrx_word' id='word_1_546' title='bbox 386 5011 506 5088; x_wconf 87' lang='lat' dir='ltr'>sarium</span> <span class='ocrx_word' id='word_1_547' title='bbox 524 5011 588 5084; x_wconf 88' lang='lat' dir='ltr'>suit</span> <span class='ocrx_word' id='word_1_548' title='bbox 612 5009 714 5083; x_wconf 80' lang='lat' dir='ltr'>vistim</span> <span class='ocrx_word' id='word_1_549' title='bbox 733 5060 743 5090; x_wconf 63' lang='lat' dir='ltr'>s</span> <span class='ocrx_word' id='word_1_550' title='bbox 770 5009 924 5100; x_wconf 79' lang='lat' dir='ltr'>sponsalia</span> <span class='ocrx_word' id='word_1_551' title='bbox 942 5020 1072 5107; x_wconf 87' lang='lat' dir='ltr'>nuptias</span> <span class='ocrx_word' id='word_1_552' title='bbox 1088 5044 1210 5106; x_wconf 82' lang='lat' dir='ltr'>prace—</span> <span class='ocrx_word' id='word_1_553' title='bbox 1234 5039 1411 5120; x_wconf 75' lang='lat' dir='ltr'>atterutro</span> <span class='ocrx_word' id='word_1_554' title='bbox 1427 5041 1587 5125; x_wconf 77' lang='lat' dir='ltr'>poetam,</span> <span class='ocrx_word' id='word_1_555' title='bbox 1614 5028 1654 5101; x_wconf 61' lang='lat' dir='ltr'>sd</span> <span class='ocrx_word' id='word_1_556' title='bbox 1670 5031 1843 5126; x_wconf 80' lang='lat' dir='ltr'>lapidibus</span> <span class='ocrx_word' id='word_1_557' title='bbox 1868 5035 2058 5114; x_wconf 71' lang='lat' dir='ltr'>obruuntur.</span> 
     </span>
     <span class='ocr_line' id='line_1_47' title="bbox 382 5115 2061 5225; baseline 0.014 -37"><span class='ocrx_word' id='word_1_558' title='bbox 382 5117 480 5200; x_wconf 85' lang='lat' dir='ltr'>dete,</span> <span class='ocrx_word' id='word_1_559' title='bbox 511 5135 549 5192; x_wconf 81' lang='lat' dir='ltr'>ut</span> <span class='ocrx_word' id='word_1_560' title='bbox 568 5115 679 5186; x_wconf 86' lang='lat' dir='ltr'>medio</span> <span class='ocrx_word' id='word_1_561' title='bbox 700 5115 860 5202; x_wconf 79' lang='lat' dir='ltr'>ttuaporis</span> <span class='ocrx_word' id='word_1_562' title='bbox 881 5115 1058 5190; x_wconf 86' lang='lat' dir='ltr'>intervallo</span> <span class='ocrx_word' id='word_1_563' title='bbox 1083 5139 1211 5193; x_wconf 85' lang='lat' dir='ltr'>mature</span> <span class='ocrx_word' id='word_1_564' title='bbox 1233 5131 1312 5218; x_wconf 92' lang='lat' dir='ltr'>Jud.</span> <span class='ocrx_word' id='word_1_565' title='bbox 1325 5134 1418 5200; x_wconf 79' lang='lat' dir='ltr'>xlv.</span> <span class='ocrx_word' id='word_1_566' title='bbox 1433 5154 1467 5225; x_wconf 85' lang='lat'>7.</span> <span class='ocrx_word' id='word_1_567' title='bbox 1517 5123 1655 5223; x_wconf 70' lang='lat' dir='ltr'>Sincson</span> <span class='ocrx_word' id='word_1_568' title='bbox 1676 5133 1855 5223; x_wconf 89' lang='lat' dir='ltr'>impetrata</span> <span class='ocrx_word' id='word_1_569' title='bbox 1881 5141 2061 5225; x_wconf 87' lang='lat' dir='ltr'>parentuui</span> 
     </span>
    </p>
   </div>
   <div class='ocr_carea' id='block_1_9' title="bbox 1917 5262 2062 5324">
    <p class='ocr_par' dir='ltr' id='par_1_11' title="bbox 1917 5262 2062 5324">
     <span class='ocr_line' id='line_1_48' title="bbox 1917 5262 2062 5324; baseline 0.034 -17"><span class='ocrx_word' id='word_1_570' title='bbox 1917 5320 1919 5324; x_wconf 23' lang='lat'>¹</span> <span class='ocrx_word' id='word_1_571' title='bbox 1984 5262 2062 5312; x_wconf 84' lang='lat' dir='ltr'>cun·</span> 
     </span>
    </p>
   </div>
   <div class='ocr_carea' id='block_1_10' title="bbox 0 0 2451 5984">
    <p class='ocr_par' dir='ltr' id='par_1_12' title="bbox 0 0 2451 5984">
     <span class='ocr_line' id='line_1_49' title="bbox 0 0 2451 5984; baseline 0 0"><span class='ocrx_word' id='word_1_572' title='bbox 0 0 2451 5984; x_wconf 95' lang='lat' dir='ltr'> </span> 
     </span>
    </p>
   </div>
  </div>
 </body>
</html>
