4884 5984
778 509 781 516 ·
901 489 963 563 or
1015 483 1275 580 auruncus
1323 483 1556 580 corruere
1926 475 2002 570 aa,

368 685 431 794 flu
452 685 605 786 quedem
626 694 722 757 erunt
740 679 871 779 legibus
891 680 1116 783 designanda,
1141 679 1178 754 in
1202 677 1302 755 Hisce
1323 685 1359 755 in
1380 679 1592 757 ecclesiastica
1605 669 2002 776 constitutiooe'illu'sttis·

376 788 499 888 quibus
512 781 658 883 sponsus
683 779 723 856 ss
737 779 867 880 sponsu
889 783 1101 870 conveniunt,
1117 778 1179 875 su·
1203 777 1274 853 limi
1297 784 1458 871 principit
1482 780 1641 874 johannis
1661 775 1831 863 Cesnniri,
1854 777 2000 850 Senoniae

378 889 546 1060 truanni
565 881 606 958 ds
624 881 742 976 dymni
756 881 1031 1053 upoetirnuCris
1051 879 1180 976 nuptiis
1201 881 1295 954 ducit
1315 890 1381 954 dcc.
1404 884 1496 953 recle
1512 884 1660 954 additum
1680 875 1773 949 suit:
1812 877 1866 968 γ.)
1891 877 1998 975 Quod

378 986 446 1060 cele
487 981 586 1057 anelis
609 982 843 1054 conuenienter.
893 987 942 1053 Va
977 984 1044 1050 riue
1071 979 1180 1052 Maxi·
1202 976 1344 1066 quilibet
1375 977 1539 1067 parochus
1564 974 1765 1069 peculiarem
1794 972 1917 1046 librum
1942 973 2000 1044 ha·

377 1111 458 1158 mus
484 1083 544 1155 lib.
570 1088 612 1155 ll.
634 1079 818 1153 memorab·
842 1103 917 1168 cap.
946 1085 971 1152 1.
1003 1133 1006 1138 .
1034 1074 1179 1175 Nuptiis
1203 1075 1285 1148 bere
1304 1072 1441 1158 debeat,
1465 1079 1501 1150 it
1522 1102 1589 1166 quo
1609 1085 1826 1168 conjugunt
1847 1067 1879 1146 se
1897 1095 2001 1162 cupra.

379 1182 565 1257 etiamnum
602 1176 756 1275 auspiciu
791 1179 1074 1274 interponuntur,
1121 1173 1179 1269 qui
1204 1173 1351 1246 latorum
1372 1178 1506 1246 nomine
1522 1201 1560 1248 ec
1576 1178 1665 1248 dieta
1682 1184 1715 1248 δι
1734 1172 1845 1245 locum
1864 1191 1999 1244 contra·
2037 1241 2039 1246 .

377 1281 537 1378 numnis
551 1275 704 1376 auspiciu
716 1287 825 1373 petere
842 1276 1020 1376 definiet,
1036 1271 1110 1372 ipso
1126 1284 1179 1344 tu·
1203 1275 1249 1344 cti
1264 1275 1464 1344 matrimonii
1484 1273 1667 1356 describat,
1693 1273 1914 1360 eumdemque
1928 1266 2000 1341 sue-

379 1405 456 1454 enen
478 1378 611 1452 nomine
631 1378 752 1450 veteris
771 1373 1017 1476 consuetudinis
1036 1373 1178 1475 uestigia
1203 1366 1317 1442 cessuri
1334 1365 1391 1440 suu
1410 1373 1583 1459 relinquat.
1636 1374 1729 1443 ldetn
1754 1372 1909 1442 statutum
1935 1365 1998 1438 fuit

380 1476 598 1579 usurpantur.
1184 1471 1239 1539 ‘in
1262 1469 1405 1541 concilio
1427 1473 1625 1543 Tridentino
1647 1466 1713 1542 sels.
1732 1473 1854 1568 XXlll.
1877 1489 1949 1556 eap.
1968 1474 1997 1538 l.

367 1609 370 1614 ·
458 1588 489 1671 ς.
516 1575 768 1650 CCCClell.
821 1579 859 1644 ln
879 1571 1183 1662 constitutione-ec·
1200 1570 1299 1639 ddem
1318 1567 1419 1638 etiam
1437 1564 1631 1642 observatur
1646 1563 1839 1640 inecclesrit
1861 1565 1999 1658 Tiguri-

377 1675 558 1748 elefiatlica
577 1670 732 1742 electuris
757 1673 899 1761 Auguffi
927 1667 986 1742 sub
1009 1667 1115 1740 titolo
1139 1672 1182 1740 de
1203 1667 1274 1744 nir.
1300 1684 1336 1735 ut
1350 1667 1474 1737 conssu
1487 1692 1528 1740 ex
1544 1661 1664 1757 scripto
1679 1665 1886 1738 Levateride
1904 1659 1997 1736 ritib.

379 1771 531 1846 articulis
548 1768 759 1861 generalibus
773 1772 882 1859 capite
901 1775 995 1840 istil.
1011 1763 1074 1840 sul.
1098 1787 1179 1854 529.
1202 1757 1319 1836 eccles.
1335 1766 1454 1853 Tigna.
1474 1789 1547 1855 cap.
1569 1773 1659 1839 xvi.
1679 1787 1713 1854 p.
1737 1775 1789 1845 ¹8.
1907 1747 1940 1812 θ

375 1867 569 1942 salutariter
590 1867 808 1956 precipitur:
846 1871 891 1953 r.)
911 1867 1015 1958 Quod
1037 1861 1179 1938 ecclefiae
1247 1872 1298 1955 ·§.
1317 1863 1563 1936 CCCCleV.
1616 1859 1741 1956 Conui·

380 1970 557 2048 minister,
577 1989 679 2052 aquo
697 1964 1119 2036 trinundinadenuneietio
1144 1969 1179 2035 dc
1202 1960 1255 2035 vii
1281 1958 1449 2055 nuptialis
1483 1961 1660 2037 celebratio
1694 1963 1741 2036 est
1795 1963 1998 2058 enneacru-

379 2064 555 2156 capitana·
576 2086 746 2136 novorum
773 2069 956 2152 conjugum
975 2062 1180 2149 requiritur,
1202 2063 1285 2130 ritus
1308 2057 1487 2146 politicus,
1518 2086 1587 2150 quo
1607 2065 1741 2154 pe'reth
1788 2045 1897 2127 siml*
1908 2123 1913 2134 ,
1928 2042 1997 2106 “l“

378 2163 518 2250 abipsa
534 2156 734 2248 desponsatis
755 2156 1101 2248 personnae-earum
1122 2181 1181 2248 pt·
1202 2153 1415 2230 ecclesiastica
1433 2157 1662 2233 bencdidlione
1682 2184 1741 2233 cu·
1825 2121 1940 2196 mm

362 2259 561 2339 -rennbra,
586 2257 785 2342 tutoribus,
814 2261 964 2348 cognatis
983 2267 1049 2332 dte.
1080 2260 1179 2329 adcu-
1202 2257 1316 2347 gnati,
1341 2257 1443 2328 vicini
1461 2267 1504 2332 dt<
1520 2262 1619 2331 amici
1636 2253 1744 2332 solen·
1821 2309 1824 2316 -

379 2351 1178 2542 trinrll‘snntnnttrt
1203 2354 1825 2545 tinternensis,
1835 2347 1999 2526 abitt

676 2505 679 2514 .
855 2519 860 2528 ,
1124 2509 1127 2514 ,
1166 2492 1182 2507 .
1734 2501 1746 2536 ,

377 2545 517 2637 torum,
546 2578 588 2625 an
608 2548 869 2640 alterutra-part
890 2551 1032 2623 aliorum
1051 2546 1180 2639 sponsa·
1205 2545 1327 2636 sponset
1341 2551 1376 2620 iu
1396 2553 1535 2626 domum
1555 2548 1661 2642 spunli
1684 2553 1842 2644 conjrrngi
1863 2547 2000 2622 consue·
2091 2577 2093 2582 ·

380 2651 506 2724 liuruua
527 2649 686 2740 ligamine
707 2648 939 2729 st-deviudia,
958 2675 1006 2720 an
1029 2645 1181 2737 prohibi·
1205 2647 1274 2726 vit,
1307 2668 1369 2732 per
1390 2671 1490 2746 quam
1518 2646 1632 2740 sponsa
1653 2653 1686 2721 in
1706 2645 1890 2744 poffionem
1910 2645 2000 2736 quali

381 2769 420 2821 tu
444 2749 590 2838 quodam
618 2742 911 2835 consanguinitatis
929 2745 983 2817 vel
1006 2745 1180 2817 adfinitatis
1206 2743 1316 2815 mariti
1336 2747 1499 2827 traditur,
1532 2769 1569 2820 ut
1591 2746 1791 2820 cohabitatio
1816 2745 2001 2836 conjugalia

381 2851 495 2940 gradu
516 2840 548 2918 se
568 2847 763 2936 contingant
772 2877 791 2924 ·‚·
805 2871 847 2915 an
867 2847 903 2914 iu
923 2841 1062 2934 publicu
1074 2841 1182 2914 eccle·
1206 2843 1244 2916 δι
1263 2844 1413 2914 omniurn
1442 2867 1555 2916 retum
1586 2849 1777 2918 communio
1797 2845 1885 2916 inter
1913 2839 2001 2934 ipstr

367 2943 438 3018 -sioe
454 2953 623 3018 cuutmtu
647 2938 736 3014 sacra
759 2941 952 3015 eucharistia
972 2939 1019 3012 us
1042 2937 1180 3028 suerint,
1204 2939 1431 3025 consequatur.
1497 2943 1663 3016 festivitas
1686 2944 1743 3019 illa
1756 2942 1913 3015 convivii
1936 2963 2001 3014 nu·

382 3043 530 3132 denique
543 3041 566 3112 st
581 3039 693 3113 adhuc
708 3042 854 3127 juniores
871 3037 950 3123 srnt,
974 3063 1015 3110 an
1029 3038 1181 3126 cateche-
1204 3035 1315 3127 ptialit
1335 3039 1455 3112 ttietito
1479 3035 1690 3114 observatur:
1731 3045 1934 3138 r.)0Proptet
1950 3040 2001 3115 ti·

383 3137 434 3216 sn
453 3163 494 3212 ee
514 3137 729 3211 firndamentu
749 3141 913 3210 doctrina.
931 3135 1113 3210 christiane
1129 3161 1182 3208 re·
1205 3145 1260 3208 tus
1277 3133 1376 3231 lrujur
1389 3135 1641 3232 antiquitatem,
1670 3163 1743 3228 que
1764 3162 1805 3211 ex
1826 3141 1947 3213 veteris
1964 3149 2002 3215 dc

381 3241 438 3312 cte
458 3239 657 3309 didicerint?
682 3233 806 3322 absque
826 3258 969 3324 quorum
990 3236 1181 3324 cognitione
1205 3236 1285 3305 novi
1297 3236 1490 3308 testamenti
1504 3235 1666 3326 scriptura
1676 3235 1746 3334 jam
1766 3257 1842 3312 unte
1863 3235 1926 3308 suit
1941 3239 2001 3310 de·

372 3357 446 3410 -uee
480 3335 691 3408 denunciatio
724 3355 788 3402 nec
826 3330 995 3420 copulatio
1026 3333 1179 3414 cuiquam
1205 3333 1396 3404 monstrata.
1445 3337 1500 3424 2.)
1520 3339 1662 3426 Propter
1679 3335 1832 3429 conjugii
1846 3335 2002 3428 dignitu-

379 3427 597 3507 eousereoda.
647 3435 694 3515 2.)
704 3430 808 3528 Quod
827 3431 1021 3520 conjugium
1032 3424 1179 3518 ipsorum
1205 3439 1288 3513 tem,
1324 3453 1396 3517 quae
1416 3431 1576 3517 requirit,
1603 3456 1646 3505 ne
1667 3433 1916 3519 conjunctiones
1937 3430 2000 3504 sunt

381 3527 492 3610 tribus
513 3530 674 3602 dillindtir
698 3524 826 3598 vicibus
850 3552 918 3598 nun
941 3523 1051 3599 solum
1078 3528 1113 3596 in
1140 3550 1181 3598 eo
1205 3524 1342 3598 occulte
1357 3529 1395 3598 dr
1412 3525 1629 3604 clandestina.
1663 3533 1716 3621 3.)
1733 3534 1874 3619 Propter
1883 3528 2001 3628 pulte·-

379 3627 478 3712 luco,
503 3626 539 3696 in
555 3650 623 3713 quo
637 3622 769 3713 sponsus
789 3635 823 3698 dc
842 3620 960 3713 sponsu
972 3629 1112 3716 degunt,
1126 3619 1181 3696 sed
1204 3623 1279 3696 e'am
1294 3623 1500 3723 nontaceri.
1526 3623 1840 3726 4'.)0bperpetuum
1852 3629 2000 3704 omnium

379 3719 437 3798 sed
455 3725 556 3806 &um
578 3727 612 3794 in
633 3747 698 3806 eo,
736 3724 769 3791 in
791 3745 858 3808 quo
882 3723 935 3794 uel
959 3745 1103 3811 uterque
1127 3720 1180 3794 vel
1203 3723 1354 3819 gentium
1365 3719 1645 3817 consuetudinem.
1682 3725 1860 3824 Lycurgus
1875 3731 1907 3800 in
1924 3728 2001 3821 phi·

378 3821 544 3896 alteruter
566 3816 714 3910 ipsorum
743 3841 837 3890 natur
863 3829 899 3894 &
925 3824 1082 3892 educatur
1109 3823 1180 3900 est,
1205 3823 1293 3893 tidiis
1318 3820 1425 3891 voluit
1442 3847 1575 3897 coenate
1598 3821 1750 3916 sponsum
1769 3822 2002 3918 cum'spousa,

380 3917 527 3994 eedefiae
557 3943 577 3992 e
606 3914 762 4009 suggestu
789 3919 1080 4003 denunciandum,-
1095 3925 1179 4002 eiua·
1194 3937 1248 3990 ‘ne
1270 3917 1336 3991 stne
1350 3911 1547 3995 solennitate
1562 3927 1795 4016 ingrederetur
1808 3948 1913 4016 nupta
1928 3925 2001 4000 thr·

382 4021 529 4105 demque
547 4017 703 4104 precibus
730 4018 1042 4085 commendandum.
1096 4021 1180 4084 ltern
1205 4014 1330 4087 samum
1344 4019 1466 4092 mariti.
1494 4019 1688 4094 Plutarchus
1701 4024 1733 4093 io
1742 4027 1848 4109 lycut
1877 4027 2001 4114 apae

381 4119 474 4204 quud
498 4115 720 4186 testimonium
749 4109 1016 4199 proclamationis
1034 4135 1054 4182 a
1073 4115 1181 4198 pasto-
1204 4109 1425 4209 Athenienses
1456 4116 1533 4209 lege
1565 4121 1816 4207 imperabantur
1840 4049 2001 4212 sapone

381 4237 423 4288 re
446 4210 537 4284 illiur
557 4211 644 4291 loci,
669 4235 710 4280 ex
735 4231 802 4296 quo
820 4202 955 4295 sponsus
984 4209 1046 4281 vel·
1068 4205 1181 4297 sponsa
1203 4214 1415 4298 nuptiarum,
1442 4235 1514 4285 tunt
1532 4219 1671 4290 deorum
1690 4216 1888 4310 nuptialium
1904 4222 2003 4294 into.

322 4359 325 4364 -
381 4333 531 4400 peregre
548 4311 748 4388 adveniunt,
775 4307 1010 4391 requirendum
1035 4303 1084 4378 st.
1128 4309 1181 4396 3.)
1204 4314 1408 4396 candetum,
1435 4333 1505 4382 tum
1524 4317 1699 4387 testimonii
1722 4311 1804 4389 taus
1817 4367 1828 4390 .
1895 4319 2001 4396 Athe·

382 4409 489 4502 Quod
500 4405 669 4496 copulatio
684 4427 847 4476 novorum
858 4411 1043 4493 conjugum
1056 4427 1180 4492 nequa·
1204 4431 1292 4477 naeus
1310 4405 1369 4478 lib.
1389 4413 1431 4480 V.
1481 4408 1607 4483 Hisce
1626 4405 1753 4513 trufis,
1777 4415 1825 4484 ait
1846 4416 2001 4492 Demost-

382 4507 541 4596 quentin
564 4506 701 4592 privatis
725 4500 848 4580 adibus
867 4524 923 4571 aut
944 4497 1005 4572 sub
1021 4504 1097 4585 dio,
1126 4497 1180 4574 sed
1205 4503 1305 4575 benet
1325 4508 1361 4574 in
1377 4527 1461 4579 orat.
1480 4509 1514 4579 in
1534 4509 1764 4586 Oenutut.'&
1786 4512 1925 4608 nuptias
1950 4541 2001 4593 ce-

382 4607 419 4676 ia
443 4601 573 4689 templo
594 4625 714 4680 eoram,
730 4597 814 4670 facie
831 4596 973 4671 ecclesie
993 4608 1029 4672 &
1051 4600 1085 4670 in
1102 4622 1181 4671 cun·
1204 4599 1393 4689 lebrumur,
1422 4599 1464 4678 di
1480 4610 1631 4682 maxime
1651 4607 1846 4706 necessarios
1872 4612 2001 4692 inuitu-

382 4722 487 4774 uentu
512 4721 714 4792 ,agnatorum
742 4697 778 4767 srt
807 4699 1019 4787 peregerim
1056 4695 1113 4768 ubi
1133 4720 1179 4770 ta·
1204 4724 1299 4784 mus,
1330 4701 1503 4796 quodnon
1528 4707 1612 4780 leuis
1626 4722 1686 4782 'rer
1704 4721 1849 4806 agutur,
1868 4707 1932 4806 sed
1950 4720 2003 4792 ω’.
2054 4787 2056 4792 ⁸

379 4823 463 4872 rnen
482 4793 573 4872 casua
595 4792 790 4869 necessitatis
806 4797 896 4866 reste
913 4797 1088 4884 excipitur.
1131 4807 1179 4886 4.)
1204 4809 1242 4870 tu
1253 4797 1409 4895 sororum
1435 4799 1477 4876 ss
1488 4805 1648 4902 filiarum
1669 4808 1790 4882 ulienae
1804 4807 1894 4906 fidei
1914 4839 2004 4892 cnm.

384 4897 490 4996 Quod
509 4895 620 4967 nullus
635 4921 676 4968 ex
692 4890 835 4966 ecclesie
855 4893 1011 4964 ministris
1029 4897 1180 4984 peregri·
1204 4898 1373 4984 mittitur,
1397 4922 1469 4995 quae
1485 4915 1524 4976 ut
1539 4905 1576 4977 in
1601 4916 1674 4979 luto
1696 4907 1888 4996 collocetur,
1907 4913 2005 5010 sarm.

380 5019 442 5068 nas
472 4990 627 5083 personas
654 4998 693 5064 ad
730 4987 884 5068 diaeresin
922 4987 976 5061 vel
1005 4995 1178 5080 paraeciam
1203 5018 1260 5069 mu
1288 5019 1370 5070 curu
1394 5002 1619 5092 providemus.
1702 5011 1761 5078 Sed
1792 5009 2005 5092 meninerint

377 5091 473 5168 suam
491 5093 640 5180 minime.
648 5091 854 5190 pertinentes
873 5087 1031 5181 copulate
1046 5089 1176 5195 debeat.
1200 5098 1350 5265 corgitu
1366 5098 1934 5198 nuptiateaillios,quacTob.v11.
1952 5138 2006 5214 tp.

1294 5219 1348 5265 nn
1375 5219 1397 5266 2.
1969 5227 2007 5295 ἃ
