4884 5984
333 477 339 486 ”
410 493 525 606 ‘322'
559 459 844 588 tocusrbtur.
894 507 1048 583 curu.
1098 509 1277 582 usust.
1293 511 1337 583 u.
1385 509 1497 625 snt,
1512 514 1556 583 ιι.
1604 511 1756 588 ronst.
1805 513 2007 636 secant.
2091 519 2092 524 ι

456 710 513 785 trel
551 712 668 808 quinto
700 709 865 810 sextaque
908 707 1121 807 generatione
1148 708 1256 782 nullus
1280 717 1390 781 tomen
1430 710 1680 807 propinquitate
1711 736 1778 786 non
1817 712 1897 786 lieet
1933 713 2077 809 occipere

457 812 605 908 amplius
631 813 787 908 conjugio
822 816 1017 907 copuletur,
1058 807 1117 882 ubi
1145 820 1255 881 autern
1279 832 1418 880 uxorem
1443 809 1585 883 alterius
1610 817 1682 910 post
1711 812 1837 886 obitum
1863 816 1944 908 ejus.
2001 817 2075 884 Hoc

453 914 529 1012 post
552 909 763 984 interditlurn
780 909 913 1004 sotium
933 910 1047 1005 fuerit
1073 909 1254 992 inuentum,
1279 910 1450 982 decretum
1473 910 1628 992 Fabiani,
1652 935 1689 982 ut
1712 938 1788 983 cum
1811 910 1948 998 reliquis
1971 913 2074 999 polle·

449 1009 637 1110 separetur.
665 1010 763 1107 vlt.)
782 1011 885 1104 Quod
902 1012 936 1079 in
953 1007 1096 1082 concilio
1113 1005 1256 1102 Lugdu·
1278 1008 1406 1078 riorum
1422 1006 1615 1096 pontificum
1634 1014 1773 1082 decretis
1787 1001 1989 1083 adfinitatem
2006 1033 2071 1080 noo

454 1112 545 1203 nenfi
560 1114 783 1188 circoonnum
805 1131 884 1200 579.
899 1103 1001 1195 usque
1019 1104 1108 1205 odse
1131 1109 1251 1180 tinuurn
1278 1106 1409 1194 minus,
1432 1131 1531 1194 quom
1562 1104 1879 1201 consanguinitatem
1906 1115 1948 1179 od
1975 1103 2070 1196 septi·

452 1211 599 1308 gradum
616 1207 801 1299 prohibitio
817 1210 1005 1279 extenditur
1027 1231 1055 1278 c.
1076 1133 1175 1280 uselli
1193 1233 1249 1297 ις.
1273 1220 1367 1274 ιιιιιιιι
1389 1199 1491 1290 usque
1510 1213 1653 1295 gradum
1674 1204 1926 1280 extendentibus
1941 1207 2066 1278 Gratu-

453 1313 564 1398 quast.
599 1334 631 1380 ι.
697 1302 797 1379 Mitti
830 1329 874 1378 ex
909 1302 1251 1478 smpimimffl
1272 1317 1334 1373 n'tss
1357 1304 1535 1375 conciliare
1550 1305 1668 1393 pollue,
1693 1305 1835 1397 explicat
1856 1305 1940 1376 illud
1960 1309 2003 1376 de
2016 1300 2066 1400 se⁴

444 1407 631 1507 sanguinis
670 1402 770 1502 usque
805 1404 853 1477 od
885 1405 1068 1501 septimum
1103 1430 1148 1502 gr
1193 1430 1249 1479 urn
1275 1401 1382 1473 cundo
1406 1425 1522 1497 genere
1547 1406 1767 1503 adfinitatis,
1798 1408 1840 1477 de
1862 1403 1989 1476 duobus
2013 1402 2065 1476 sci·

450 1531 574 1582 nxorer
591 1505 734 1592 ducant,
761 1528 860 1600 neque
871 1505 943 1605 stne
960 1503 1179 1581 beneditiiane
1188 1504 1249 1601 sa·
1271 1499 1350 1572 licet
1368 1498 1552 1585 sororibus,
1578 1506 1631 1577 uel
1647 1501 1794 1593 personis
1812 1505 1900 1575 inter
1909 1499 1945 1576 se
1956 1499 2066 1575 odfini·

451 1606 615 1686 cerdatir,
637 1599 705 1678 &a
760 1605 853 1676 ldem
876 1606 1031 1676 llotutum
1048 1608 1083 1679 in
1103 1606 1248 1677 concilio
1273 1606 1554 1689 toteconjunttis,
1580 1600 1700 1676 utsunt
1714 1627 1831 1676 uxores
1843 1606 1988 1674 duorum
2003 1597 2064 1676 fro·

448 1704 637 1804 Meldenfi,
662 1699 831 1778 referente
863 1709 966 1777 lrone
992 1705 1070 1778 libr.
1097 1711 1173 1775 vlt.
1212 1713 1247 1778 ει
1273 1720 1382 1779 ιιιιιιι,
1410 1698 1432 1770 ti
1449 1706 1628 1795 contigerit
1644 1729 1742 1774 unam
1758 1699 1984 1775 ertumolicui
2000 1725 2065 1774 ιιιι-

447 1809 607 1880 Grotiono
637 1826 667 1876 c.
696 1799 736 1873 de
761 1801 951 1901 adfinitate.
984 1824 1040 1889 35.
1072 1805 1183 1891 quast.
1213 1827 1245 1874 2.
1272 1800 1430 1870 trimonio
1456 1804 1630 1889 copulari,
1655 1804 1726 1891 poll
1752 1823 1895 1875 mortem
1922 1806 1992 1890 ejus
2014 1801 2062 1872 vir

374 1941 378 1948 ·
444 1929 529 1998 quos
555 1899 786 1978 Cabilonenfir
806 1910 841 1975 de
864 1897 1093 1992 Lugdunensis
1114 1896 1244 1973 concilii
1269 1921 1338 1968 non
1354 1896 1483 1986 poterit
1506 1899 1649 1974 odfinem
1673 1897 1881 1989 superstitem
1899 1899 1935 1969 in
1955 1905 2062 1986 ettnju⁴

445 2027 587 2078 conones
612 2002 790 2073 Gratianus
824 1998 867 2071 fic
897 1998 1074 2072 conciliste
1108 2001 1245 2081 nititur,
1270 2020 1349 2088 gem
1376 2000 1525 2083 ducere,
1544 1999 1603 2071 nist
1627 2004 1662 2071 in
1686 2003 1801 2087 quinto
1821 1999 1930 2089 gradu
1952 1995 2063 2070 odfini·

297 2117 305 2130 “
442 2107 533 2195 quod
552 2105 675 2194 grodus
695 2100 900 2191 cognationis
918 2095 1137 2170 divcrfimode
1152 2123 1243 2169 com·
1269 2096 1342 2164 totis
1362 2099 1593 2186 inveniuntur,
1617 2105 1706 2171 unde
1728 2101 1785 2187 qui
1809 2120 1989 2172 nouercam
2008 2092 2061 2168 oli⁴

444 2223 618 2293 putentur.
670 2194 889 2294 Cebilpnensc
917 2219 1049 2288 putrem
1071 2198 1106 2266 in
1130 2197 1243 2291 primo
1266 2193 1359 2282 eujus
1389 2195 1423 2264 in
1456 2222 1593 2270 uxorem
1625 2200 1781 2279 duxerit,
1820 2196 1893 2284 post
1921 2218 2061 2266 mortem
2090 2243 2093 2286 ς

441 2303 571 2395 gradu,
595 2295 680 2370 filios
710 2299 745 2368 in
768 2293 913 2393 secundo
949 2296 1056 2385 ponit.
1106 2299 1244 2388 Lugdu·
1266 2300 1337 2378 ejus
1360 2316 1496 2365 uxorem
1521 2300 1669 2387 priuigni
1691 2299 1813 2368 ducere
1838 2318 1906 2364 non
1929 2298 2058 2382 poterit.
2089 2313 2092 2378 ζ

442 2399 543 2472 nense
556 2396 705 2495 primunt
722 2399 864 2487 gradum
880 2389 1140 2482 filiosodpellst,
1165 2421 1241 2467 cum
1266 2390 1374 2480 Julius
1396 2415 1504 2482 popo,
1536 2401 1592 2483 qui
1616 2391 1728 2467 sedere
1749 2395 1854 2480 coepit
1874 2416 1964 2464 enno
1980 2416 2056 2484 237.
2089 2423 2092 2540 p

440 2500 532 2572 enim
562 2517 656 2586 poter
686 2505 721 2567 δι
748 2492 834 2564 filius
858 2491 918 2563 suut
944 2517 1009 2562 uno
1037 2512 1136 2572 coro,
1162 2495 1240 2565 inde
1266 2512 1296 2561 c.
1312 2486 1462 2564 Nullum.
1483 2521 1493 2570 ι
1505 2520 1537 2584 5.
1557 2496 1666 2581 quest.
1686 2520 1717 2566 ι.
1733 2497 1773 2565 od
1783 2488 1966 2588 septimum
2006 2512 2055 2564 ro·
2091 2555 2092 2562 ,

440 2599 530 2669 inter
556 2618 613 2667 eos
634 2616 701 2663 non
722 2593 770 2663 est
792 2596 916 2682 grodus
941 2592 1173 2680 cognationis,
1199 2618 1239 2664 ex
1264 2587 1343 2659 dum
1361 2591 1623 2675 prohibitionem
1642 2595 1769 2681 primus
1785 2594 1946 2664 extendit.
2011 2587 2054 2682 ul*
2070 2583 2092 2678 'l

345 2709 349 2717 “
438 2715 510 2785 quo
523 2692 588 2777 fit,
612 2712 649 2762 ut
663 2692 787 2761 eodem
801 2683 948 2779 perlbnae
961 2685 1138 2759 secundum
1155 2688 1239 2762 hone
1264 2687 1333 2758 sum
1360 2691 1521 2780 (inquit)
1549 2716 1584 2764 nn
1597 2701 1750 2787 ‘utroque
1774 2687 1864 2786 sexu
1891 2688 2053 2786 permitti·

439 2789 666 2866 diuerfitstem
682 2790 894 2866 inveniantur
916 2789 953 2858 in
978 2782 1087 2873 serto,
1116 2790 1169 2861 vel
1190 2784 1238 2864 se·
1262 2810 1335 2858 mus
1357 2810 1401 2858 ex
1421 2792 1673 2888 propinquitate
1695 2791 1754 2885 jui
1777 2790 1981 2884 ¹sanguinis,
2003 2783 2049 2862 uel

435 2893 546 2985 ptimo
567 2890 687 2986 grodu.
1261 2885 1398 2972 uxoris,
1412 2897 1509 2984 usque
1524 2891 1560 2962 in
1570 2889 1752 2985 septimum
1767 2890 1898 2984 generis
1909 2886 2047 2984 gradiar

595 3060 601 3072 ,
798 2986 835 3074 s.
852 2988 1106 3061 CCCXXXlll.
1137 2981 1236 3059 Hisce
1260 3009 1383 3058 uxores
1396 2986 1527 3073 ducere,
1547 2990 1599 3062 uel
1614 2990 1724 3087 incesti
1741 2989 1874 3061 erraculu
1887 2985 2045 3086 copulari.

431 3061 494 3124 “Ex
516 3059 639 3202 fimus?-
716 3083 914 3173 synodorum
940 3088 1159 3190 posteriorum
1183 3111 1234 3157 co·
1260 3083 1429 3160 Praetereo
1441 3111 1563 3186 quoque
1576 3088 1659 3160 illud
1671 3080 1871 3183 adjecimus,
1896 3087 2046 3183 quottion

434 3161 500 3205 Μ
543 3158 606 3201 Μ’
624 3155 662 3198 '⁸‘
717 3181 1232 3272 nonibosconformcsluntpon·
1250 3187 1339 3283 ficut
1362 3209 1429 3257 non
1457 3187 1535 3260 licet
1564 3191 1716 3282 cuiquam
1738 3187 1917 3285 christiano
1936 3181 2047 3283 desero
2084 3223 2087 3228 ·

433 3288 562 3363 tificum
588 3285 835 3357 constitutiones
855 3335 864 3365 ,
893 3307 965 3367 que
990 3285 1104 3352 itidem
1133 3278 1232 3367 utone
1257 3282 1567 3380 consanguinitate,
1583 3288 1744 3382 „pretione
1760 3311 1816 3357 nec
1829 3286 1912 3358 sicet
1926 3288 1964 3357 de
1977 3309 2047 3357 ton·

433 3397 476 3464 ed
505 3384 680 3482 septimum
707 3387 850 3471 gradum
874 3382 1133 3466 prohibitionem
1161 3403 1232 3449 ton·
1248 3383 1486 3478 sanguinitate
1507 3388 1627 3458 uxoris
1641 3387 1715 3481 suu
1736 3389 1907 3479 rortjugnn
1937 3385 2051 3458 ducere

431 3476 509 3561 clem
531 3489 760 3557 extenderunt.
830 3479 978 3549 Calixtus
1005 3479 1097 3563 epill.
1120 3485 1161 3549 ll.
1189 3485 1230 3547 ed
1253 3494 1390 3576 propter
1408 3487 1526 3558 carreis
1542 3488 1714 3557 unitateut.
1768 3491 1863 3555 Hunc
1878 3485 1962 3576 Julii
1976 3507 2051 3556 con⁴

429 3585 576 3680 episcop.
592 3580 747 3665 Galloni
766 3571 847 3646 sedit
862 3578 949 3645 circo
966 3601 1089 3646 onnum
1106 3577 1229 3647 chniu
1255 3584 1457 3656 stitutionem
1477 3580 1576 3656 secuti
1602 3583 1676 3655 sunt
1697 3584 1820 3671 reliqui
1849 3580 2049 3672 pontifices,

429 3710 516 3774 2¹9·
548 3685 591 3752 nd
627 3679 715 3771 leger
748 3674 886 3745 diuinus
921 3667 962 3745 θ’
995 3674 1230 3769 imperatorios
1255 3685 1461 3771 Gregorius,
1497 3686 1554 3770 qui
1581 3681 1692 3755 sedere
1718 3684 1821 3768 coepit
1849 3706 1940 3751 anno
1968 3703 2047 3771 ²90·

429 3778 693 3871 prohibitionem
722 3776 818 3844 turice
850 3794 994 3843 reuocet.
1021 3798 1050 3843 c.
1081 3767 1229 3866 Conjuu-
1252 3780 1286 3847 in
1310 3778 1451 3852 concilio
1475 3780 1637 3852 Meldenst
1655 3790 1688 3852 &
1703 3778 1844 3851 habetur
1865 3804 1893 3851 c.
1919 3773 2047 3850 Deod·

430 3878 562 3952 tliouer.
585 3899 602 3959 ς
608 3892 639 3959 5.
656 3874 767 3960 quest.
791 3897 821 3942 2.
877 3866 1130 3965 Conjunrlioues
1150 3896 1228 3943 con·
1244 3875 1393 3974 finitate.
1418 3900 1470 3968 35.
1487 3882 1597 3967 quest.
1621 3906 1652 3951 2.
1708 3874 1762 3950 De
1779 3879 2046 3971 urlfirritateoon·

419 3974 687 4075 sanguineorum
719 3966 955 4066 probibentur,
987 3965 1122 4062 quare?
1147 3973 1226 4064 quio
1243 3972 1495 4070 sanguinitatis
1513 4002 1574 4074 prr
1596 3975 1723 4072 gradus
1741 3966 1956 4071 cognationis
1968 3977 2047 4074 plo·

426 4075 490 4151 stat
510 4073 637 4146 divittae
646 4065 814 4166 [oculique
829 4067 1005 4159 proludunt
1023 4069 1129 4164 leget,
1150 4067 1222 4141 &a
1249 4074 1318 4145 cuit
1343 4073 1439 4171 “sque
1458 4076 1505 4149 ad
1514 4073 1695 4172 septimam
1715 4079 1963 4169 generationem
1989 4073 2044 4149 ob·

423 4199 480 4251 eor
509 4183 619 4247 autem
651 4165 912 4264 consanguineos
943 4168 1103 4250 dicimur,
1144 4191 1225 4262 quos
1240 4168 1387 4267 seruare.
1441 4181 1533 4247 ldem
1553 4178 1757 4267 Gregorius,
1784 4201 1861 4250 cum
1881 4182 1922 4246 od
1945 4178 2044 4248 inter·

298 4289 306 4304 ²
425 4276 552 4352 diuinet
568 4268 608 4345 si
617 4271 915 4366 imperatorumue
925 4265 1154 4339 Rauennaruut
1169 4281 1218 4337 at·
1246 4296 1361 4363 rogate
1386 4276 1571 4361 Augustini,
1592 4275 1835 4348 Contusriensts
1861 4276 1895 4345 in
1926 4273 2044 4366 Anglir

422 4403 483 4478 qne
520 4369 715 4447 Graecorum
749 4368 837 4460 leges
868 4363 1130 4460 consanguineos
1160 4365 1218 4436 od·
1244 4367 1497 4460 episcopi3crp.
1522 4379 1578 4443 Vl.
1601 4374 1911 4465 (quodltebeturc.
1946 4368 2042 4470 Qun?
2084 4429 2092 4468 4

415 4478 566 4578 pellunt,
596 4464 638 4542 Εἴ
661 4470 697 4540 in
713 4464 895 4538 terentesn
911 4463 1111 4560 ,suscipiunt
1164 4470 1220 4535 Fr·
1244 4468 1334 4539 dant.
1369 4492 1425 4556 ιςι.
1456 4474 1565 4556 quan.
1592 4481 1634 4559 ι.)
1671 4476 1705 4540 in
1736 4471 1821 4542 hunc
1851 4467 2042 4544 sententium
2087 4471 2092 4558 ¹3

422 4580 563 4652 bianus,
602 4571 660 4656 qni
703 4565 815 4634 sedere
849 4568 953 4652 coepit
989 4589 1076 4635 enno
1116 4571 1219 4653 1236.
1245 4564 1433 4654 scripsisset:
1467 4564 1630 4665 Quodam
1651 4568 1708 4641 lex
1727 4568 1886 4642 Rosulano
1905 4571 2041 4664 permit·

421 4682 578 4774 quartum
592 4663 766 4736 adfinitatis
782 4666 924 4754 grsduru
943 4661 1149 4762 prohibete.
1164 4656 1219 4732 De
1245 4667 1305 4750 tit,
1332 4668 1448 4763 utstue
1463 4669 1614 4761 fratris,
1633 4671 1696 4761 pue
1711 4667 1863 4762 sororis,
1880 4667 1942 4763 seu
1963 4668 2042 4742 duo-
2078 4741 2080 4746 .

294 4779 297 4784 .
416 4767 627 4875 propinquis,
653 4785 707 4849 ις.
725 4765 834 4849 quen.
856 4786 889 4832 2.
934 4755 989 4830 De
1011 4762 1219 4856 propinquis,
1243 4788 1318 4840 rum
1336 4764 1492 4856 fratrum
1514 4758 1777 4862 gersonitarum,
1810 4763 2040 4864 sentinarum

421 4874 480 4974 qui
503 4869 550 4943 ar
573 4862 784 4962 adfinitatem
806 4882 868 4955 per
893 4860 1002 4931 vinens
1026 4856 1067 4932 ss
1080 4884 1218 4931 uxorein
1235 4860 1393 4958 sororum
1417 4865 1518 4962 filius
1553 4864 1593 4938 st
1616 4868 1700 4963 filia
1727 4867 1958 4961 insistuntur,
1982 4863 2043 4964 sed

423 4961 744 5059 nminur‚defuntla
760 4960 1036 5043 uxore,ueluira
1051 4960 1218 5054 inquirito
1242 4965 1468 5056 experimento
1500 4964 1679 5037 didicimus
1704 4991 1749 5038 eu
1783 4966 1850 5039 tali
1880 4967 2041 5063 conjugio

420 5070 633 5173 generatione
663 5064 937 5159 conjunguntur,
968 5060 1004 5129 in
1039 5071 1162 5153 quarta
1186 5059 1218 5156 st
1234 5059 1386 5157 sobolem
1419 5087 1484 5135 non
1518 5061 1602 5159 ruffe
1625 5057 1848 5160 subcrescere,
1876 5066 1965 5139 unde
1992 5091 2043 5141 ne·
2089 5141 2092 5166 ι

419 5171 548 5256 inuenti
558 5164 714 5266 suerint,
740 5183 806 5235 '³⁰²³
814 5155 1035 5258 separentur,
1062 5159 1098 5232 in
1115 5159 1217 5233 tertia
1240 5157 1318 5260 ceste
1334 5165 1395 5263 est,
1416 5176 1453 5237 ut
1473 5167 1508 5237 in
1527 5176 1668 5262 quarto,
1694 5165 1748 5238 uel
1769 5168 1888 5263 quium
1906 5173 2047 5264 genero·
2089 5179 2092 5266 ,¹

1959 5266 2049 5342 tione
2091 5271 2092 5346 ἶ
