4884 5984
899 514 986 597 aa
1036 514 1307 593 conntnnrn.
1379 460 1388 485 '
1611 626 1620 639 ἱ
1882 518 1925 609 ι,

348 705 495 796 biliam,
518 704 560 782 &-
570 730 633 805 per
643 708 801 809 ustionem
816 729 882 781 non
902 710 1110 799 tentationes,
1135 712 1203 788 lcoc
1232 708 1415 809 diligentia
1440 711 1495 786 uel
1519 710 1661 810 reprimi
1687 712 1742 787 uel
1765 710 1929 814 restingui

348 808 378 879 ed
403 809 677 883 incontinentiam
709 805 750 882 ὅ
768 809 916 903 flagitia
940 810 1087 907 intelligi
1102 866 1110 895 ,
1137 813 1190 885 uel
1215 812 1328 909 repuli
1354 834 1420 884 non
1445 811 1598 911 pofflnt,¹
1616 809 1681 907 sed
1704 814 1805 886 initio
1831 836 1929 909 peut·

348 917 360 978 t
369 903 552 1004 sttseufies,
577 907 635 1002 qui
654 910 787 979 omnino
802 910 947 982 decreuit
963 922 1023 983 out
1031 910 1124 1002 sor··
1138 921 1242 996 trent,
1274 910 1479 985 uoluntatem
1497 902 1675 1007 occupent,
1713 936 1771 985 cor
1791 912 1929 1003 influm-

348 1006 434 1078 icori
459 1019 520 1077 out
543 1004 679 1085 nubere,
715 1009 747 1080 is
764 1002 841 1079 leue
858 1008 970 1100 socii,
1001 1010 1113 1103 finu·
1138 1020 1249 1094 nteut,
1280 1004 1722 1103 cogitationes'cumpinum
1759 1005 1800 1082 il
1820 1022 1929 1083 totum

348 1115 395 1189 at,
408 1104 488 1198 quio
503 1104 673 1203 meliuscss
688 1104 917 1202 nuberequam
930 1110 999 1187 uri,
1011 1108 1048 1179 id
1058 1109 1110 1206 esi,
1136 1132 1256 1204 carpus
1276 1108 1472 1187 irtccndont,
1501 1119 1539 1183 ut
1558 1131 1614 1179 cor
1633 1106 1687 1179 uel
1702 1106 1802 1203 pleno
1824 1106 1929 1205 offena
2041 1111 2052 1137 ⁷

348 1203 510 1279 inuitari.
578 1208 678 1292 Relp.
700 1230 761 1295 pet
781 1207 934 1306 mo‘puosr
953 1230 1021 1279 non
1041 1209 1113 1294 qui·
1128 1205 1174 1302 su
1195 1205 1249 1279 vel
1274 1226 1356 1286 caco
1381 1202 1422 1277 il
1444 1206 1589 1300 inquieto
1616 1207 1740 1301 impetu
1769 1205 1929 1281 libidini·

347 1326 402 1375 enn
421 1298 578 1392 intelligit
599 1304 763 1392 apostolus
780 1305 907 1393 primos
926 1304 1113 1378 tentationis
1135 1308 1245 1404 aeJluct
1262 1300 1305 1377 bi
1319 1303 1458 1388 ardeat,
1484 1314 1554 1377 tum
1568 1316 1692 1378 centnm
1715 1307 1778 1403 est,
1806 1316 1837 1378 te
1859 1327 1928 1379 nou

348 1425 361 1470 c
385 1395 606 1472 solicitationis
625 1404 666 1472 ad
693 1400 865 1473 libidinem
888 1425 1022 1482 motsss,
1056 1400 1255 1493 quitatem
1281 1401 1404 1474 donum
1430 1402 1651 1475 continentia.
1723 1400 1778 1497 Et
1802 1402 1864 1475 lsoc
1885 1405 1930 1501 ιβ

348 1497 478 1569 retibus
503 1523 541 1568 ac
573 1500 660 1591 lutto
687 1495 841 1571 adversus
867 1523 1001 1573 carnem
1025 1496 1114 1571 fusili
1137 1503 1221 1599 ustio
1238 1497 1300 1595 seu
1329 1500 1470 1573 tentatio
1495 1500 1560 1572 illa.
1572 1498 1708 1596 satanae
1729 1524 1792 1597 per
1815 1501 1933 1573 incon·

349 1600 463 1686 egotio
487 1593 631 1679 stnpttati
650 1622 687 1667 ae
709 1595 849 1684 reprimi
872 1596 1024 1685 potsunt.
1055 1621 1114 1678 ne·
1137 1600 1342 1678 timentium,
1375 1620 1473 1692 quom
1494 1597 1625 1672 Paulus
1643 1598 1787 1671 remedio
1813 1599 1930 1671 couiu'·

350 1717 393 1766 ue
409 1715 519 1764 tamen
540 1693 696 1788 intelligit
712 1693 786 1765 illae
805 1698 1017 1781 tentationes,
1040 1720 1113 1785 quen
1136 1698 1191 1791 gii
1212 1696 1475 1797 restinguendam
1499 1695 1557 1796 effe
1577 1697 1688 1780 docet,
1719 1720 1758 1768 nr
1779 1696 1833 1768 uel
1853 1718 1930 1771 cor·

351 1797 499 1862 ominum
526 1790 687 1872 vineunt,
722 1802 758 1865 ἃ
778 1794 813 1867 in
835 1814 987 1866 exterum
1007 1788 1114 1880 lapsus
1135 1820 1199 1891 pus
1207 1795 1440 1889 fornicatione
1453 1797 1505 1868 uel
1514 1793 1662 1892 spiritus
1680 1796 1804 1893 uflioue
1820 1793 1930 1888 inqui·

352 1890 560 1978 recipiunt,
601 1886 656 1961 led
675 1892 822 1967 tedium
846 1890 980 1979 aliquod
1009 1913 1114 1989 return·
1137 1904 1242 1966 netur.
1295 1899 1336 1965 Et
1357 1895 1493 1981 postea:
1539 1892 1691 1993 Ustiomes
1709 1890 1796 1977 illae,
1824 1913 1931 1985 quon·
2025 1960 2028 1967 2

348 1990 425 2058 ionis
446 2008 568 2077 gertus,
592 1986 746 2062 videlicet
764 1990 928 2078 impetum
949 2011 988 2059 ae
1009 1989 1111 2062 vehe·
1136 1991 1180 2063 do
1199 1991 1282 2081 adeo
1305 1991 1498 2085 impotentes
1508 1988 1609 2084 stent,
1633 1986 1742 2085 ipsam
1759 1988 1930 2084 conscien-

348 2088 485 2158 rentiam
500 2086 710 2165 nafeunun,
731 2089 790 2174 qui
806 2110 872 2157 non
890 2088 924 2155 in
941 2081 1114 2175 superficie
1138 2092 1222 2163 tiam
1245 2086 1407 2183 souciout
1428 2142 1436 2171 ,
1492 2089 1735 2185 inuocationem
1762 2085 1927 2171 turbant,

348 2205 458 2254 tntum
482 2203 665 2272 pungunt,
699 2207 738 2256 ac
762 2182 881 2256 levites
906 2185 1015 2255 excuti
1040 2180 1115 2274 pos·
1138 2186 1300 2259 exercitia
1311 2186 1722 2281 pictatisinterrumpunt,
1741 2184 1930 2281 impediunt

348 2305 420 2369 snt,
454 2277 508 2353 sed
538 2285 596 2368 qui
619 2281 771 2352 incendio
796 2285 939 2367 quodam
965 2305 1023 2351 tor
1054 2304 1116 2370 pe·
1143 2281 1183 2357 &³
1205 2283 1393 2368 maculant,
1426 2295 1464 2355 ut
1483 2282 1580 2355 tauto
1603 2307 1670 2354 nou
1685 2270 1784 2380 poffit
1805 2281 1929 2379 ubsque

348 2399 474 2458 etrant‚
496 2382 642 2449 adurunt
657 2404 695 2451 ac
709 2377 975 2468 depopulantur,
1001 2380 1114 2463 idest,
1138 2381 1349 2483 distrallione
1377 2382 1512 2457 domino
1539 2381 1715 2454 adimere.
1765 2378 1930 2451 Probatur
1970 2472 1972 2477 Ι

348 2479 498 2550 nteriorea
523 2472 671 2548 flamines
697 2486 732 2549 oc
762 2478 915 2549 intendit
939 2472 1115 2557 libidinis,
1137 2492 1249 2553 anoenr
1269 2475 1340 2550 hcc
1357 2480 1532 2566 explicatio
1558 2480 1687 2563 nostru,
1717 2474 1769 2575 1.)
1788 2502 1833 2551 too
1851 2472 1935 2573 ipstt'

348 2576 458 2663 nando
479 2594 517 2646 nt
535 2583 637 2663 potita
661 2570 826 2663 loquitur:
1137 2575 1296 2651 vocabuli
1298 2576 1563 2745 pgnificatione.
1615 2576 1788 2665 mapinius
1804 2600 1871 2647 non
1888 2571 1929 2644 fi·
2055 2654 2058 2659 ,

389 2732 406 2750 .
451 2735 467 2751 .
508 2689 525 2750 4
566 2697 610 2796 est
634 2694 745 2766 moth}
759 2694 906 2783 flamma
931 2691 1099 2773 mappas,
1137 2672 1277 2770 gnificat
1313 2676 1479 2755 ornieati,
1514 2671 1569 2746 sed
1591 2671 1664 2759 nri,
1695 2674 1828 2758 ardere,
1857 2670 1932 2763 flu·

348 2840 428 2893 ent:
462 2815 595 2893 Vulnus
613 2817 681 2889 ulit
698 2818 791 2909 uenis
807 2814 942 2930 &cetto
961 2818 1114 2914 carpitur
1137 2873 1328 2945 ammte
1340 2893 1380 2943 ω
1390 2864 1609 2939 succendente
1625 2869 1723 2939 Μ.
1736 2862 1928 2943 zpmiffl·

654 3036 661 3052 ,
797 2982 809 3052 ζ
847 2938 940 3023 'gm'
1143 2995 1197 3046 12·
1225 2974 1327 3059 Apoc.
1346 2964 1372 3037 Ι.
1395 2987 1449 3052 15.
1478 2990 1550 3057 cap.
1565 2962 1627 3036 111.
1649 2980 1703 3050 ιε.
1752 2970 1790 3033 ln
1807 2960 1935 3055 fignia-

407 3033 543 3136 Q¹⁴⁰i⁸⁶
566 3062 678 3135 ”¹⁰8⁸
696 3047 882 3150 Plimmiln
919 3042 1016 3148 fam
1041 3057 1113 3107 ma·
1138 3069 1269 3140 canone
1292 3062 1520 3153 metaphorica
1540 3059 1717 3151 usurpatur
1737 3058 1929 3136 zCot.X1.
2044 3074 2052 3095 ¹

696 3160 755 3230 ΕΠ
778 3139 893 3236 ‘illua‘
917 3156 1021 3228 lgm
1140 3188 1198 3259 29·
1245 3158 1332 3259 Quis
1341 3159 1608 3257 scandalizatur
1622 3156 1662 3232 &
1674 3179 1735 3254 rgo
1751 3180 1933 3243 namuror.

348 3251 503 3329 tduotabo
531 3255 594 3327 bac
618 3255 661 3330 de
680 3280 718 3330 te
746 3255 858 3330 locutu
879 3255 1057 3350 egregium
1075 3276 1116 3327 εἰ
1139 3262 1184 3335 ob
1204 3265 1376 3335 ardentem
1392 3255 1516 3331 scilicet
1532 3256 1643 3343 zelum
1663 3258 1779 3347 glotiae
1794 3258 1930 3340 divine,

348 3354 519 3429 {hemnitio
555 3374 640 3441 part.
674 3353 732 3427 ΙΙΙ.
766 3379 870 3428 enam.
906 3357 949 3427 de
981 3352 1114 3442 couitsg.
1139 3356 1206 3445 quo
1222 3359 1453 3429 accommodat
1468 3356 1652 3446 Gregorius
1667 3353 1782 3425 homil.
1798 3350 1876 3423 Xll.
1893 3352 1930 3421 itt

348 3452 500 3527 ceoelib.
526 3476 598 3541 cap.
626 3454 686 3524 lv.
718 3473 750 3542 p.
774 3474 830 3542 37.
867 3470 869 3474 ·
899 3451 978 3524 Non
996 3450 1115 3548 statim
1142 3452 1353 3528 Ezechielem
1362 3453 1487 3525 fultum
1495 3448 1743 3542 propheticum,
1753 3450 1841 3536 quod
1850 3452 1932 3519 lize-

349 3553 455 3634 titur,
481 3551 539 3645 qui
555 3549 697 3623 colorem
706 3547 830 3645 sentit,
849 3548 912 3644 scd
930 3550 1064 3645 mondo
1080 3549 1116 3621 in
1140 3551 1228 3625 cbiel
1246 3575 1319 3641 cap.
1340 3550 1405 3623 IV.
1424 3548 1558 3622 iubetur
1570 3545 1700 3646 sumere
1716 3544 1929 3641 sartaginem

348 3649 401 3722 ito
413 3647 526 3722 carlile
539 3647 749 3721 titillationis
759 3646 1117 3745 concupiscentiaeocu-
1132 3652 1283 3746 saccom
1307 3647 1348 3723 li
1370 3672 1489 3743 ponere
1510 3646 1603 3719 illam
1628 3646 1732 3746 instar
1752 3646 1840 3717 muri
1852 3640 1930 3737 ser.
2021 3656 2024 3665 '

348 3749 390 3862 tis
399 3746 475 3844 suit
490 3758 522 3820 tc
532 3758 687 3842 pungunt
704 3744 744 3821 Εἰ
757 3750 867 3849 esium
882 3747 1026 3842 aliquem
1038 3742 1117 3842 sen·
1139 3751 1189 3823 rei
1205 3751 1292 3822 inter
1302 3745 1342 3845 se
1359 3744 1584 3841 &civitatem
1603 3742 1767 3840 depiHom
1787 3743 1824 3815 in
1843 3740 1932 3814 late·

1130 2790 1267 2869 grone,
1299 2771 1497 2860 metaphora
1519 2770 1562 2841 ab
1584 2765 1663 2861 igne
1687 2768 1855 2858 corporali
1877 2772 1991 2863 in-¹
2215 2754 2218 2761 ’

348 3872 392 3926 ts,
418 3869 482 3918 nan
491 3845 610 3945 statim
625 3845 791 3919 exclames
811 3857 842 3918 te
859 3846 934 3925 uri,
952 3842 1017 3941 scd
1034 3843 1116 3929 dili·
1139 3871 1175 3921 re
1197 3844 1239 3921 ὅ
1251 3845 1430 3945 obfirmare
1443 3844 1572 3938 faciem
1581 3838 1684 3938 fitam
1704 3838 1863 3937 adperfief
1882 3844 1932 3914 ci..
2079 3924 2087 3933 Ι

349 3946 459 4029 natio,
496 3953 636 4030 conatu,
668 3941 782 4023 lulla,
820 3943 1040 4041 temperantia
1074 3940 1118 4025 td
1133 3950 1289 4024 nitatem.
1353 3941 1455 4041 Ipse,
1483 3944 1614 4033 inquit,
1648 3949 1712 4039 apo
1740 3941 1815 4013 olus
1829 3939 1933 4035 finum

349 4045 477 4118 ratione
492 4040 636 4137 sortiter
654 4046 834 4140 depugnes,
868 4045 1021 4116 timorem
1046 4033 1118 4110 Dei
1138 4066 1221 4128 cor,
1258 4041 1346 4139 quod
1371 4043 1561 4116 amianarum
1590 4040 1666 4112 zelo
1710 4039 1931 4119 accenderat.

348 4140 526 4217 't'amorem
543 4165 630 4216 uerte
638 4142 814 4239 pudicitia
832 4161 994 4239 opponas,
1009 4136 1117 4233 impu·
1131 4142 1346 4240 sartaginem
1356 4141 1505 4233 facerat,
1532 4140 1643 4235 inquo
1662 4160 1774 4210 umore
1789 4137 1930 4225 uirtutis

348 4264 387 4315 at
408 4242 631 4336 cogitationes
652 4241 838 4338 praecidos,
869 4252 981 4335 mrpes
1009 4245 1118 4311 motus
1139 4248 1258 4314 contro
1285 4240 1373 4313 uitia
1407 4237 1557 4311 ardebat.
1632 4232 1749 4329 Ephes.
1777 4238 1842 4312 Vl.
1878 4238 1931 4311 16.

348 4338 513 4438 eprimot,
552 4340 729 4439 accostones
751 4341 836 4413 nites
862 4336 902 4412 θ’
920 4335 1023 4413 robur
1042 4336 1118 4434 rest·
1140 4337 1256 4412 setauae
1267 4340 1464 4413 tentationes
1480 4358 1643 4411 vocantur
1657 4336 1706 4410 ud
1714 4335 1801 4413 Clau
1812 4364 1933 4415 uttan·

348 4437 473 4511 trndia
498 4436 634 4511 domimo
657 4437 723 4513 tibi
744 4437 824 4510 dori
841 4449 945 4532 petas.
1012 4429 1116 4531 Quod
1139 4436 1295 4540 pennino,
1320 4439 1396 4524 quia
1419 4430 1541 4506 scilieet
1562 4433 1933 4525 animant-vulnerant,

348 4539 355 4606 i
388 4535 455 4609 lsoc
481 4535 664 4631 diligentia
683 4538 835 4629 flammae
862 4533 1019 4608 libidinis
1036 4527 1115 4627 pos·
1138 4537 1253 4626 ignens
1273 4535 1467 4606 interiorem
1484 4532 1520 4602 in
1535 4552 1575 4603 ea
1592 4532 1736 4604 excitant
1754 4534 1789 4606 dt
1803 4535 1933 4605 dane-

348 4634 406 4711 uut
426 4634 581 4729 reprimi,
617 4635 730 4749 repelli
752 4633 805 4708 uel
825 4632 1001 4734 restingui,
1033 4651 1116 4701 non·
1139 4634 1209 4703 lunt
1230 4627 1444 4703 inflammant.
1494 4624 1653 4701 Petrues.
1673 4629 1775 4733 Epist,
1789 4627 1855 4705 lv.
1875 4653 1931 4706 tn.

348 4734 408 4808 'um
435 4731 571 4805 loborat
597 4736 742 4833 ustione,
770 4727 834 4828 sed
859 4733 920 4804 icoc
942 4725 1048 4825 ipsum
1074 4728 1117 4843 ep
1141 4724 1372 4802 tribulationes
1399 4750 1438 4800 ae
1462 4719 1705 4819 persecutiones
1731 4750 1832 4805 voert
1861 4730 1934 4806 md·

348 4834 452 4906 'onum
478 4831 713 4916 continentia,
755 4829 842 4924 quod
870 4851 908 4902 eo
934 4828 1116 4923 diligentia
1141 4853 1248 4919 punse.
1301 4831 1353 4901 Ut
1372 4826 1462 4905 euim
1486 4825 1579 4895 estus
1596 4828 1744 4917 corpori,
1759 4828 1804 4899 ita
1825 4825 1933 4901 tribu·

348 4957 367 5005 n
389 4928 477 5005 lulla
497 4950 519 5001 a
541 4928 725 5025 petmtibus
750 4928 939 5024 accipitur,
973 4923 1122 5021 infusci·
1142 4926 1278 5001 tationes
1297 4948 1335 4997 ae
1356 4918 1599 5015 persecutiones
1618 4925 1710 4995 cerni
1731 4919 1811 4997 sunt
1825 4924 1931 4999 nsole·

348 5040 441 5114 atur,
465 5028 631 5103 excolitur
650 5026 691 5101 θ’
707 5025 928 5123 conseruntur.
980 5023 1023 5098 Si
1039 5046 1117 5099 uero
1142 5025 1215 5094 lle:
1251 5040 1289 5094 ut
1306 5044 1425 5095 autum
1441 5016 1711 5111 exploratnrper
1734 5023 1862 5115 ignem,
1888 5021 1934 5095 lie

348 5132 478 5205 lammae
501 5126 657 5204 libidinis
681 5138 752 5201 tom
768 5124 853 5224 sunt
874 5122 1050 5209 ardentes,
1080 5132 1118 5197 ut
1141 5110 1224 5291 fidzs
1244 5141 1307 5212 pet
1323 5141 1461 5211 stuetut
1478 5126 1514 5199 tt
1540 5115 1807 5206 uibuletionetu,
1831 5143 1934 5236 quatu

1243 5238 1267 5297 2
1819 5237 1945 5299 milk·
