4884 5984
350 533 424 624 ne
474 527 625 605 tocvs
651 493 776 600 nuos.
820 523 920 597 cuo.
936 527 979 594 v.
1030 515 1231 589 nunna.
1282 514 1390 588 unt.
1405 513 1450 582 11.
1507 511 1621 586 auus
1637 518 1664 590 ι.
1716 511 1882 590 secut

355 721 524 799 imario
548 719 716 798 levitico.
767 719 915 790 Primam
936 715 1020 805 petit
1038 731 1082 783 ex
1117 707 1248 807 rofino
1267 701 1462 785 nataralia,
1502 730 1574 778 arn
1589 703 1816 801 judicialibus
1837 691 1981 784 ac'ce‘rt·

355 821 773 922 aarusndionsttatrtev.
788 823 860 887 ΧΧ.
875 809 1050 900 pror-ofin.
1102 827 1160 874 on·
1184 801 1389 876 monialibus
1401 802 1531 902 ssmiles
1549 824 1652 900 panae
1673 803 1854 880 addantur.
1909 803 1987 882 Cinl

351 925 489 1021 ingiam
510 923 546 993 in
558 921 671 1017 prino
683 914 795 1014 gradu
812 909 1006 1010 adfinitatis
1021 906 1057 976 in
1070 901 1159 974 tinea
1182 903 1287 994 igitur
1310 900 1343 970 h.
1367 899 1389 972 1.
1409 927 1449 974 ex
1469 926 1644 989 poenarum
1671 903 1859 977 divertitute
1887 907 1982 975 evin·

358 1019 447 1098 teda
469 1015 563 1092 Dens
580 1019 681 1113 rennuit
702 1022 828 1091 intorte,
856 1003 898 1082 Θ
909 1001 1083 1100 cortjnngit
1099 996 1161 1070 icoc
1184 998 1509 1090 cereconnurleges
1523 995 1843 1074 iiloseffeforenses?
1864 1005 1982 1094 3.)1.e·

356 1129 624 1220 peccatotorum
650 1110 818 1185 adulterio
846 1101 888 1178 {5
911 1127 982 1176 mot
991 1097 1160 1196 sodomia,
1185 1098 1243 1166 vit.
1257 1101 1382 1166 Xtht.
1397 1120 1453 1186 24·
1479 1100 1521 1168 de
1542 1093 1695 1167 omnibus
1710 1095 1888 1188 prohibitis
1908 1097 1983 1190 gf..

362 1215 529 1318 qnaefitnt
551 1213 722 1308 manifeste
740 1215 856 1278 contra
869 1205 928 1298 jns
948 1209 1092 1278 naturae,
1121 1187 1163 1265 Θ
1185 1192 1281 1264 dibus
1300 1194 1334 1262 in
1357 1218 1480 1283 genere
1502 1196 1759 1282 pronunciatur:
1785 1191 1840 1268 Ne
1853 1189 1988 1293 padua-⁸

363 1315 476 1389 eadent
495 1315 539 1412 esi
553 1311 656 1398 ratio,
675 1307 729 1380 nd
748 1302 862 1400 potins
887 1298 1004 1392 major,
1023 1290 1064 1365 de
1087 1313 1163 1363 con·
1186 1289 1272 1362 mini
1293 1288 1504 1370 inomnibus
1521 1290 1593 1370 itis,
1618 1292 1653 1361 in
1677 1291 1798 1388 quibus
1821 1291 1983 1390 contami.

355 1410 594 1512 sanguinitate
615 1409 650 1479 in
670 1405 780 1502 priato
805 1395 916 1494 gradu
939 1395 974 1466 in
1000 1391 1092 1464 lineo
1113 1409 1161 1460 re·
1186 1398 1277 1460 nata
1290 1384 1374 1484 stent
1396 1386 1562 1488 ¹universa
1583 1400 1711 1483 gentes,
1743 1413 1826 1486 qaas
1845 1413 1908 1488 ego
1926 1391 1982 1488 eji-

366 1513 428 1587 ἔα.
482 1503 595 1602 Neque
609 1505 697 1578 enirn
716 1495 869 1574 dubitari
883 1493 1005 1592 naresi,
1027 1486 1106 1583 quin
1117 1483 1166 1584 stt
1187 1487 1275 1557 ciam
1303 1495 1380 1557 ante
1405 1483 1605 1583 conspetinm
1624 1489 1795 1586 aesinam„
1818 1489 1872 1560 'At
1894 1486 1917 1560 st
1939 1511 1985 1561 tu·

364 1608 489 1698 digitus
507 1614 629 1684 morte,
652 1599 710 1697 qni
733 1594 871 1672 duxerit
895 1599 1033 1664 matrem
1041 1580 1158 1679 satam,
1184 1583 1269 1654 libus
1291 1583 1453 1675 conjugiis
1479 1606 1594 1675 gentes
1625 1580 1699 1656 sunt
1729 1585 1983 1676 contaminate,

355 1709 389 1807 st
401 1683 454 1806 ‘est
470 1704 595 1798 dignen
610 1707 732 1778 morte,
758 1694 816 1788 qni
833 1686 970 1762 duxerit
985 1702 1159 1755 novercam
1185 1683 1299 1768 ntique
1331 1704 1449 1752 eorum
1486 1679 1668 1771 prohibitio
1703 1708 1770 1755 non
1804 1681 1985 1774 pertinebit
2028 1709 2029 1716 ¹

356 1803 469 1900 saturn.
526 1795 657 1870 Deinde
668 1789 812 1867 eamdem
821 1805 952 1883 ponam
968 1779 1089 1852 mortis
1102 1777 1161 1848 lex
1186 1783 1341 1850 duntaxat
1356 1782 1394 1849 ad
1411 1778 1574 1869 populum
1599 1781 1785 1868 Judaeum.
1811 1783 1893 1856 Les.
1908 1785 1981 1856 XX.

358 1899 484 2000 statuit
504 1897 539 1966 in
561 1916 631 1978 ros,
656 1891 714 1985 quoi
723 1891 912 1982 inunguntur
924 1880 1034 1974 ptimo
1050 1875 1162 1973 gradu
1188 1895 1246 1962 23.
1270 1878 1419 1948 additur:
1448 1873 1571 1948 Omnia
1598 1873 1667 1948 itaec
1678 1875 1833 1971 fecerunt
1855 1887 1987 1974 gentes,¹

365 1989 673 2094 consuetuninitatis
700 1987 737 2058 in
766 1982 855 2054 linea
876 1971 1086 2068 transuersa,
1125 1981 1163 2044 nt
1191 1968 1233 2044 ὃ*
1261 1970 1473 2046 aisosninotns
1492 1971 1570 2068 ¹sessu
1590 1995 1657 2048 eos.
1707 1974 1763 2144 ⁴3
1780 1976 1892 2050 verbu
1913 1971 1987 2048 iliu:¹

366 2069 867 2200 mtstsrateraccipitsororem.
904 2070 959 2144 As
972 2065 1163 2166 ionjttginm
1188 2072 1371 2144 inaniuntur
1383 2075 1454 2173 stne
1475 2069 1610 2150 liberis,
1634 2074 1728 2145 diver
1754 2075 1852 2148 mooe
1873 2071 1917 2146 ub
1938 2063 1987 2144 in

366 2193 403 2266 iu
425 2185 572 2284 sectando
591 2181 703 2278 grado
727 2171 1031 2270 consanguinitatis
1060 2170 1096 2240 in
1118 2168 1164 2239 li·
1189 2169 1390 2256 terpretibus
1409 2168 1631 2258 explicantur,
1664 2192 1700 2240 ut
1723 2172 1914 2243 monuimus
1936 2165 1985 2242 su·

366 2309 429 2360 nra
444 2277 656 2380 transuerso,
678 2284 716 2348 ut
740 2273 869 2366 nepotis
883 2292 955 2340 mus
974 2267 1093 2350 amita,
1113 2264 1165 2337 oei
1188 2268 1328 2353 periuss
1368 2267 1555 2338 Beliurtnini
1584 2269 1814 2356 interpretrtio
1838 2269 1986 2340 omnium

367 2393 564 2462 notatustnu,
596 2399 660 2446 non
677 2371 816 2466 restruitur
837 2376 960 2444 morte,
988 2362 1051 2459 sed
1065 2385 1165 2459 piano
1191 2359 1395 2435 molliffima:
1420 2362 1519 2436 liberi
1536 2386 1646 2435 eornm
1668 2387 1736 2452 pon
1760 2361 1991 2460 adscribentur·
2028 2400 2031 2414 ·

365 2481 498 2554 tentore.
553 2473 606 2548 Er
617 2468 777 2570 finaliter
792 2462 983 2561 conjuginm
1006 2463 1042 2533 in
1055 2461 1166 2556 primo
1192 2459 1288 2558 ipstst
1317 2464 1369 2531 vix
1389 2463 1557 2532 conciliari
1573 2465 1696 2548 poterit
1715 2487 1791 2534 cum
1809 2461 1922 2536 verbis
1934 2487 1986 2536 ex·

367 2573 478 2676 gradu
500 2567 711 2666 adfinitatis,
750 2571 788 2635 tot
814 2586 885 2635 cum
910 2583 1016 2632 taxare
1035 2557 1167 2651 fratris
1192 2555 1298 2644 presse
1320 2561 1454 2628 additis:
1511 2555 1669 2630 astabunt
1688 2571 1859 2655 peccatam
1875 2557 1983 2658 suan

368 2667 535 2764 desuntii,
562 2662 603 2738 di
622 2657 811 2755 insecundo
828 2655 956 2755 grado,
980 2667 1018 2730 nt
1038 2657 1166 2753 nepotis
1193 2665 1240 2739 s.)
1253 2661 1300 2726 Ex
1320 2679 1377 2738 eo,
1403 2581 1747 2752 quofspeciespoenae
1773 2655 1848 2731 luce
1863 2681 1984 2732 nutura

368 2793 441 2842 cttsn
465 2787 570 2838 tunore
595 2758 730 2856 patrui,
752 2779 818 2828 non
844 2755 1026 2850 praedantur
1045 2763 1165 2836 rnorte,
1190 2754 1438 2831 nonedam,
1469 2752 1719 2841 haudquaquam
1735 2752 1851 2827 inferri
1870 2757 1986 2858 potest!

361 2863 426 2964 sed
441 2873 578 2938 eastun
588 2856 781 2954 priuatione
796 2853 971 2949 filiosrnn,
993 2851 1105 2950 idest,
1129 2861 1167 2924 ut
1189 2869 1361 2935 peccatum
1377 2844 1483 2937 ipsum
1505 2876 1570 2921 non
1590 2876 1739 2942 pugnare
1754 2877 1831 2923 catu
1846 2861 1921 2940 jnre
1934 2879 1986 2926 ut-

360 2963 438 3064 fisis·
453 2961 501 3033 eis
519 2981 584 3032 non
600 2949 849 3047 adscribantur.
906 2948 990 3047 Qua
1001 2945 1167 3046 panosa·
1190 2965 1291 3025 turae,
1325 2968 1396 3016 tom
1423 2948 1499 3033 quio
1524 2951 1639 3019 notitia
1668 2952 1749 3035 juris
1772 2943 1986 3024 natorulisia'
2018 2999 2021 3008 -

371 3063 418 3134 tis
438 3067 549 3156 aperte
570 3051 715 3133 indicat,
739 3050 899 3142 conjugio
925 3047 983 3121 ilia
1007 3071 1073 3119 uon
1089 3069 1168 3144 pro-
1190 3040 1372 3113 multorum
1396 3042 1574 3132 gentilium
1596 3044 1749 3116 cordibus
1767 3049 1986 3135 opprimiturc

369 3155 478 3230 suiten
491 3151 567 3250 jure
592 3157 739 3230 natnrae,
759 3141 823 3240 sed
841 3150 918 3242 jaso
933 3147 1076 3243 pofitioo
1088 3167 1167 3239 pro·
1190 3136 1261 3226 ipso
1282 3141 1415 3211 interim
1440 3139 1518 3237 jure
1546 3141 1685 3213 naturali
1721 3167 1875 3218 manente
1902 3141 1985 3219 suu

366 3252 446 3346 prio
464 3247 672 3326 laudatorum,
701 3264 766 3314 non
781 3241 867 3315 enim
882 3245 1063 3317 comntnnis
1075 3243 1166 3315 ratio
1190 3258 1288 3324 atque
1312 3240 1461 3328 integro,
1497 3260 1567 3308 tuns
1596 3241 1671 3324 quie
1701 3265 1805 3329 genus
1833 3245 1985 3314 duntaxat

370 3345 461 3442 apud
480 3366 590 3415 ornans
615 3339 762 3413 homines
781 3340 903 3420 ainus,
928 3343 1023 3440 istan
1044 3336 1166 3436 effeju-
1190 3358 1316 3421 ptrue,
1342 3357 1408 3403 non
1427 3356 1538 3407 eutem
1558 3331 1681 3424 species
1702 3361 1741 3409 ex
1765 3346 1839 3428 jure
1865 3364 1983 3412 nature

346 3475 354 3486 ·
364 3446 453 3544 stam
484 3461 612 3534 narrans
639 3437 738 3531 injus
762 3439 925 3512 criminis.
982 3436 1081 3527 Resp.
1110 3434 1165 3530 1.)
1191 3435 1367 3519 dependet.

370 3537 550 3612 Divetsttas
566 3560 741 3625 poenuruat
763 3538 873 3626 arguit
890 3530 1034 3612 diversos
1049 3558 1166 3623 peccu-
1228 3529 1236 3545 '
1267 3532 1294 3619 9.
1315 3529 1452 3600 CCCX.
1472 3530 1536 3621 11.)
1548 3534 1592 3598 Ex
1605 3552 1736 3602 contra·
1796 3532 1913 3605 nil-Ze
1927 3555 1985 3599 can·

371 3657 482 3710 torum
503 3637 645 3728 modus,
674 3657 743 3706 nort
768 3656 878 3705 autem
901 3629 1063 3705 diversum
1090 3632 1172 3720 juris
1195 3627 1321 3696 tiorum
1340 3622 1572 3710 exemplorum
1597 3631 1737 3700 votietr·
1784 3619 1954 3677 erastum

369 3729 522 3822 speeiem.
575 3728 765 3803 Parricida
778 3731 913 3822 gravior
924 3726 1086 3820 infligitur
1099 3747 1171 3814 poe-
1195 3745 1248 3827 te..
1292 3718 1335 3795 Si
1359 3723 1473 3793 omnio
1493 3721 1552 3794 illo
1570 3737 1735 3820 precepta
1784 3694 1983 3774 ‘'muium''

371 3856 431 3909 nr,
456 3826 645 3914 quantilli,
679 3830 736 3914 qui
760 3826 927 3899 homiuem
953 3829 1170 3917 peregrinatu
1194 3815 1291 3916 idm
1305 3819 1497 3905 naturalia,
1506 3817 1734 3917 seripserunt·-

372 3923 553 4005 interficit3
585 3945 724 4010 uterque
751 3946 859 3995 tomen
880 3946 993 3995 contro
1015 3924 1169 4010 quintum
1193 3911 1322 4011 goffint
1343 3919 1442 3988 etiarn
1460 3929 1537 3989 ante
1563 3919 1665 4013 legans
1683 3923 1816 4006 datam,
1840 3917 1989 4017 quemad·

373 4022 522 4113 decalogi
541 4043 765 4107 preceptum,
796 4029 829 4093 dc
849 4018 893 4091 stc
911 4043 1025 4091 eontra
1042 4022 1095 4109 jus
1112 4044 1171 4089 nu·
1198 4013 1330 4085 rnodnm
1352 4014 1533 4108 obligabat
1557 4016 1614 4088 lex
1641 4016 1681 4088 de
1710 4043 1774 4090 non
1802 4017 1989 4106 occidendo,

375 4143 456 4196 tnrae
472 4139 597 4209 peccat.
644 4114 864 4189 Adulterium
879 4141 945 4187 uon
959 4119 1097 4205 punitur
1119 4140 1175 4188 eo·
1198 4135 1264 4183 non
1294 4112 1508 4196 nuncianda,
1541 4138 1605 4185 non
1628 4116 1782 4207 furando
1811 4115 1879 4192 &a
1906 4127 1992 4192 ante·

374 4223 453 4296 dem
480 4218 578 4288 modo
605 4219 693 4302 opud
718 4239 831 4287 omues
858 4214 1017 4302 populos,
1039 4237 1101 4283 nec
1127 4233 1174 4283 tu·
1198 4232 1296 4305 qnam
1314 4210 1371 4282 lex
1387 4234 1408 4281 a
1426 4210 1498 4282 Heo'
1509 4237 1570 4307 per
1584 4211 1703 4309 Mosen
1722 4214 1922 4312 populosw
1936 4217 1992 4290 ῥα.

376 4341 454 4394 men
476 4310 726 4390 infundebat,
751 4313 839 4397 quod
857 4337 925 4382 non
950 4331 1079 4402 pugnet
1099 4334 1175 4380 cnm
1199 4319 1300 4381 retur.
1351 4303 1394 4380 Si
1406 4321 1514 4380 autem
1529 4313 1616 4407 leges
1632 4313 1834 4412 idaesemper
1847 4312 1991 4412 obliga·

378 4425 452 4504 jure
475 4432 608 4481 nature.
661 4414 697 4476 tn
717 4408 747 4478 le
773 4403 956 4480 eMosuica
976 4406 1174 4478 adulterium
1192 4403 1287 4499 sent,
1323 4430 1487 4501 unusquam
1503 4407 1616 4505 sosatii
1638 4414 1708 4483 viri
1735 4410 1775 4487 di
1802 4309 1994 4486 amicilia·

376 4507 577 4602 puniebatur
600 4507 717 4593 cupitis
746 4434 933 4592 dupplicio,
970 4502 1050 4573 farti
1076 4525 1176 4585 puna
1200 4514 1316 4576 contra
1344 4527 1399 4577 eas
1429 4505 1516 4598 leges
1551 4512 1768 4582 matrisnonia
1802 4505 1994 4606 contrascri-

380 4631 445 4679 non
471 4625 542 4674 erut
564 4603 730 4691 capitalis,
765 4624 797 4671 at
821 4627 901 4671 uum
923 4624 1102 4689 propterea
1127 4604 1175 4671 di·
1193 4601 1280 4697 snat.
1331 4599 1503 4675 Habemus
1518 4617 1626 4677 arctant
1653 4608 1805 4705 exeundo
1830 4631 1898 4680 non
1917 4630 1996 4707 pou·

380 4705 520 4775 ecardum
544 4697 666 4777 fuerit,
689 4696 815 4769 fastum
834 4723 899 4766 uon
916 4695 979 4768 effe
996 4706 1067 4783 jure
1084 4720 1177 4769 notu·
1202 4723 1241 4770 ca
1251 4698 1461 4792 sarzanum,
1485 4704 1542 4796 qni
1563 4707 1598 4776 in
1623 4705 1693 4798 lege
1712 4719 1841 4779 notura
1866 4709 1902 4781 in
1921 4727 1996 4805 gru.

379 4825 424 4878 τῖε
449 4793 690 4886 prohibitum?
748 4803 797 4879 2.)
818 4792 1031 4865 Bellormiaus
1054 4791 1121 4882 ipse
1144 4798 1178 4864 in
1201 4795 1301 4869 dibus
1321 4799 1356 4870 in
1377 4796 1529 4871 Leuitico
1540 4804 1723 4898 proisibitis
1742 4805 1907 4880 connubio
1923 4809 1997 4904 jun·

378 4893 464 4983 resp.
484 4898 524 4966 ad
551 4915 705 4979 quartum
729 4914 962 4981 argumentum
986 4916 1049 4980 pso
1071 4894 1178 4961 nonu
1201 4906 1333 4968 xerunt.
1388 4895 1488 4985 Resp.
1511 4904 1553 4988 ι.)
1580 4903 1661 4973 Non
1685 4905 1864 4991 exemplis,
1887 4889 2013 4978 sedit?

378 4991 536 5065 sententio
556 4993 734 5059 adductans
758 4983 919 5074 disputet,
945 5014 989 5061 ex
1007 5010 1176 5083 panarum
1201 4993 1297 5084 gibus
1322 4997 1545 5082 judicandum.
1599 5010 1645 5083 2.)
1661 5006 1734 5074 Nee
1755 5001 1845 5090 leges
1864 5027 1908 5078 ex
1926 5027 2000 5093 prr·

374 5090 539 5192 qualitate
559 5109 625 5160 aon
645 5079 738 5186 poffe
763 5083 896 5182 cadigi,
918 5107 990 5187 qna
1004 5097 1176 5188 praecepta
1201 5095 1235 5163 xi
1262 5090 1494 5183 exemplorum
1524 5094 1743 5186 explicandz,
1774 5099 1828 5173 sed
1851 5099 2002 5193 exemplu

1963 5201 2003 5278 ui

1814 3776 1969 3836 ewrietatt.
