4884 5984
790 477 853 548 DE
902 469 1177 550 POLYGAMIA
1230 473 1540 550 stttvtrtuet.
1909 487 1982 593 30?

337 663 420 758 eiam
443 673 617 772 prohibet.
667 670 819 773 E'xrdee
840 695 934 746 notat
944 671 1081 771 plenam
1097 668 1137 747 ii
1157 671 1249 773 paffe
1273 676 1476 749 renunciare.
1533 667 1637 767 Resp.
1653 695 1716 761 per
1732 669 1981 755 inficiationem,

337 793 489 877 ntegrum
509 776 723 877 potestatem,
751 785 785 846 dr
800 776 934 861 quidem
961 775 1079 857 talem,
1100 796 1136 843 ut
1161 780 1237 863 quia
1265 777 1413 847 conditio
1437 770 1498 861 ipst
1520 767 1637 842 forme
1668 776 1855 844 contradus
1878 796 1982 860 repu-

337 909 361 958 ε
382 885 523 971 quidem
549 875 720 971 fraudare
748 869 812 944 sese
840 875 984 946 invicem
1010 872 1136 965 uolitat
1161 898 1265 964 gnane
1290 899 1357 944 non
1384 874 1490 962 potest
1519 873 1643 960 adjici,
1669 896 1707 942 ac
1735 869 1758 941 st
1787 870 1982 957 adjiciatur,

338 991 480 1073 onJuges
499 1006 530 1048 v.
542 999 573 1063 5.
600 983 675 1068 Jana
701 996 780 1044 vero
799 977 839 1045 de
860 996 1002 1062 utroque
1020 980 1135 1059 conju·
1160 972 1304 1043 liabetur
1325 996 1387 1061 pro
1409 995 1476 1042 non
1497 973 1642 1059 adjetim
1666 978 1732 1057 jam
1761 992 1842 1041 vero
1867 972 1982 1041 condi·

337 1105 363 1172 ge
387 1079 472 1153 illud
498 1074 631 1172 {perdere
649 1071 820 1161 equaliter
836 1076 1045 1162 pradicatur.
1075 1076 1134 1142 Er·
1160 1072 1208 1142 tio
1222 1074 1267 1156 de
1279 1066 1566 1159 superinducenda
1579 1093 1680 1140 uxore
1697 1067 1800 1142 ultera
1812 1094 1980 1161 repugnat

337 1204 368 1272 ra
389 1177 448 1251 hic
471 1201 535 1268 par
552 1178 598 1247 est
618 1176 789 1257 utriusque
812 1173 906 1243 ratio.
958 1177 1008 1246 Ac
1030 1167 1136 1257 probe
1160 1166 1222 1258 ipst
1246 1167 1363 1242 forme
1383 1172 1574 1241 contradas
1590 1167 1792 1259 conjugalis,
1809 1193 1880 1256 quae
1900 1193 1981 1240 con-

337 1281 529 1357 tutandum,
559 1279 648 1365 quod
679 1269 845 1358 apostolus
875 1272 954 1341 dicit
983 1266 1039 1349 deal
1072 1269 1137 1354 urie
1162 1267 1240 1340 listit
1265 1273 1300 1339 in
1333 1270 1505 1340 individua
1528 1270 1673 1338 duorum
1696 1268 1827 1358 copula.
1895 1272 1982 1339 l‘rae-
2070 1350 2076 1356 ¹
2176 1339 2178 1343 ,

337 1373 504 1480 neeriae,
529 1370 652 1446 scilicet
668 1372 856 1448 evitandas,
882 1368 1064 1457 quemlibet
1079 1368 1137 1437 de·
1163 1389 1254 1439 terea
1277 1365 1397 1437 inillis
1420 1369 1578 1438 dutrtaxat
1599 1365 1711 1439 locum
1730 1365 1832 1440 habet
1855 1392 1981 1456 renum

337 1503 404 1550 rere
423 1471 550 1547 habere
571 1470 660 1543 luam
690 1492 848 1547 uxorem,
872 1470 930 1538 ubi
952 1472 987 1539 in
1004 1463 1138 1566 plurali
1163 1469 1283 1547 cirtio,
1310 1488 1381 1555 quae
1403 1461 1476 1536 sunt
1496 1462 1712 1563 nostrijuris.
1765 1470 1868 1556 Atqui
1893 1490 1928 1538 ut
1945 1469 1980 1539 in

337 1579 475 1670 oquitur
510 1576 551 1646 ad
577 1571 800 1645 denotandum
832 1570 973 1655 quodvis
1016 1566 1138 1637 illicita:
1163 1569 1321 1658 conjugio
1349 1589 1432 1634 unua
1457 1568 1616 1639 duntaxat
1637 1563 1798 1641 masculus
1818 1578 1852 1643 de
1872 1566 1983 1642 foemi·

339 1675 567 1750 ammixtionir
588 1694 692 1762 genus
708 1677 743 1741 δι
757 1668 909 1755 quamvis
931 1657 1138 1738 libidinosam
1164 1692 1205 1738 na
1221 1691 1286 1736 una
1304 1662 1547 1753 conjungatur,
1573 1692 1640 1738 non
1656 1668 1703 1740 est
1715 1669 1819 1741 nostri
1840 1673 1981 1758 arbitrii,

337 1775 474 1868 *arpotis
501 1771 735 1861 pollutionem.
785 1771 875 1857 Ergo
902 1770 997 1838 unius
1029 1764 1138 1835 uxoris
1165 1765 1323 1853 sediuris
1352 1764 1469 1834 divini.
1536 1766 1738 1852 Deniquest
1767 1771 1801 1842 ia
1823 1775 1982 1864 conjugio
2019 1819 2022 1824 -

337 1873 394 1949 isus
413 1879 457 1946 ad
471 1867 676 1944 scortationis
688 1868 901 1938 evitationem
918 1862 1052 1953 suffieit,
1063 1863 1139 1949 quia
1165 1869 1277 1939 locum
1301 1858 1440 1933 luberet
1474 1860 1547 1934 talis
1581 1868 1815 1949 renunciatio,
1852 1870 1982 1958 pollent

338 1975 516 2066 qnjugium
537 1993 605 2040 non
621 1963 722 2039 debet
742 1960 805 2039 ess'e
826 1962 971 2036 libidinis
993 1963 1134 2037 incenti—
1158 1971 1318 2055 conjuges
1331 1958 1384 2033 vel
1397 1981 1514 2032 mutuo
1529 1967 1773 2053 utriusque‚vel
1790 1969 1983 2044 alterutrius

337 2099 423 2156 vum,
440 2067 498 2144 sed
525 2068 722 2141 remedium.
774 2070 904 2135 Vanum
931 2067 1073 2154 proinde
1097 2084 1135 2132 ac
1158 2067 1263 2157 partis
1289 2054 1427 2132 diffensu
1449 2055 1514 2135 sese
1537 2064 1683 2137 invicem
1705 2061 1867 2157 separare.
1916 2075 1981 2149 Sed

336 2169 488 2248 'rivolum
509 2169 582 2251 est,
620 2167 709 2253 quod
737 2185 880 2252 propter
901 2164 1035 2236 crebras
1054 2184 1136 2231 uxo·
1161 2158 1365 2260 consequens
1386 2180 1489 2252 negat
1506 2162 1671 2251 apotolus
1697 2192 1729 2238 r.
1746 2192 1798 2245 ro.
1825 2178 1861 2244 δι
1878 2170 1982 2246 Chri.

338 2298 398 2347 um
420 2264 633 2342 infirmitates
662 2262 729 2335 stne
754 2261 943 2354 polygamia
968 2258 1138 2335 scortatio·
1162 2268 1227 2336 stus
1253 2253 1323 2350 ipse
1348 2259 1474 2331 Matth.
1494 2267 1596 2347 xlx,
1615 2274 1649 2338 6.
1706 2268 1910 2358 Augustinus
1938 2275 1982 2346 de

336 2399 397 2446 reru
415 2367 517 2443 vitari
536 2389 605 2439 non
627 2359 716 2454 posse
741 2363 867 2451 impuri
889 2362 1039 2436 homines
1060 2383 1144 2458 gar-⁸
1162 2359 1307 2433 sermon.
1320 2358 1465 2429 Domin
1480 2384 1586 2435 mont.
1614 2357 1697 2436 Non
1717 2368 1979 2467 existimandum

338 2477 423 2546 im,
1124 2457 1131 2464 ’
1161 2463 1227 2562 est,
1254 2455 1338 2533 iilud
1350 2510 1360 2540 ‚
1390 2454 1480 2551 qaod
1508 2461 1562 2533 ait
1591 2464 1784 2564 apostolas,
1810 2470 2004 2560 mutiam„

439 2615 499 2681 Cr
636 2568 676 2655 ·§.
695 2562 865 2643 ΕΕΧΙΙΙἸ
905 2561 984 2648 Ν.)
1024 2560 1136 2631 1Cor.
1162 2584 1228 2634 nort
1247 2555 1367 2632 tabere
1388 2558 1611 2657 corporirsui
1623 2566 1835 2664 potestatem,
1850 2567 1986 2665 sedai*

336 2619 438 2762 *leth
460 2636 508 2771 2
582 2666 660 2740 Vll,
669 2685 703 2749 4.
728 2656 860 2733 lllulier
886 2681 950 2729 uon
967 2657 1066 2731 leuitt
1076 2678 1138 2753 po·
1162 2685 1254 2746 rum,
1282 2652 1324 2730 ii
1343 2665 1480 2741 contra,
1504 2660 1689 2736 intantum
1711 2665 1983 2770 valere‚rrtper‹

434 2739 446 2773 '
582 2762 727 2859 testatem
737 2756 798 2855 sui
820 2753 1055 2854 corporir‚sed
1069 2757 1135 2828 uir.
1164 2762 1315 2833 mittente
1329 2778 1454 2841 uxore,
1474 2780 1546 2853 quer
1562 2761 1736 2837 maritalis
1756 2772 1908 2864 eorporis
1918 2795 1982 2868 po·

336 2855 499 2934 timitiree
520 2871 631 2934 autem
653 2855 693 2933 ii
706 2862 761 2933 uir
787 2858 939 2954 corporis
957 2857 1016 2954 ‚tiri
1040 2867 1135 2953 potr-
1165 2863 1311 2959 testatem
1333 2852 1449 2941 teate,
1472 2859 1571 2958 pofflt
1596 2864 1653 2936 vir
1671 2888 1743 2935 cum
1765 2867 1893 2950 altera,
1910 2894 1986 2966 qaae

336 2958 655 3046 retenimento,
675 2959 739 3057 sed
756 2959 884 3032 earlier.
938 2962 1001 3029 Per
1023 2965 1140 3046 conju·
1164 2983 1222 3032 nec
1239 2957 1353 3030 aliena
1374 2978 1466 3028 uxor
1478 2961 1544 3059 fit,
1571 2986 1627 3036 reec
1650 2966 1761 3035 aviro
1792 2967 1981 3062 dirjrmtla,

336 3063 416 3154 uum
442 3059 516 3130 talis
535 3071 569 3133 3<
586 3085 653 3130 tarn
682 3064 771 3132 areta
793 3058 830 3130 fit
857 3051 1075 3135 consociatio,
1103 3076 1140 3124 ut
1164 3054 1443 3140 corrrumbere,rre
1460 3054 1526 3132 irat
1544 3060 1803 3155 etiem-sumina
1820 3071 1982 3165 oiropee.

336 3157 461 3232 naritus
485 3184 551 3231 non
572 3162 681 3230 minus
701 3163 896 3247 potestatem
911 3152 959 3227 lui
976 3155 1139 3242 corporis,
1166 3154 1440 3250 mittentesaeere
1452 3154 1542 3258 Wfi
1557 3160 1723 3249 uideatur,
1734 3167 1982 3261 quodomnium

336 3261 475 3346 ideoque
504 3255 536 3332 se
570 3281 675 3329 totum
707 3257 839 3329 mulieri
866 3263 1000 3340 tradat,
1040 3278 1139 3343 quam
1157 3255 1278 3356 seusus
1301 3254 1461 3336 excludit.

336 3356 447 3432 nulier
466 3361 618 3447 eorporis
640 3354 685 3427 lui
703 3360 918 3448 potestatem,
938 3360 1087 3442 adeoque
1108 3347 1142 3423 se
1214 3373 1242 3448 §-
1256 3361 1412 3432 ccxlv.
1433 3361 1721 3447 V.)1Tim.111‚2.
1793 3389 1875 3468 5·)''¹
1893 3392 1971 3460 Tim.

335 3478 430 3532 atam
454 3459 528 3530 viro
546 3459 657 3528 tradit.
717 3459 820 3543 Atqui
842 3453 961 3528 mulier
984 3476 1141 3543 propter·
1165 3460 1333 3537 ritmo.
1372 3451 1514 3551 Oportet
1536 3455 1723 3557 episcopum
1836 3464 1960 3548 'rata‘

335 3582 381 3638 aa,
405 3560 496 3644 qaod
524 3580 591 3628 non
616 3553 760 3645 amplius
786 3553 888 3627 habet
910 3556 1059 3641 corporis
1093 3547 1141 3623 sui
1166 3553 1225 3654 effe
1258 3553 1597 3654 irreprehenstbilem,
1623 3564 1722 3636 uerius

335 3655 543 3739 intestatem,
571 3679 637 3726 non
657 3657 766 3743 potest
785 3653 850 3727 fine
872 3653 1048 3740 injustitia,
1071 3651 1142 3723 fur.
1165 3657 1287 3749 rixaris
1301 3655 1472 3727 maritam.
1522 3660 1726 3752 Quicunque
1743 3688 1810 3734 non
1824 3666 1870 3735 cst
1886 3668 1982 3741 unius

335 3780 415 3828 uac
436 3749 626 3844 perfidiam
650 3758 780 3825 tradere
798 3757 871 3824 viro
892 3752 997 3825 alteri.
1053 3758 1143 3839 Ergo
1167 3759 1277 3828 uxoris
1299 3757 1454 3834 maritus,
1480 3753 1537 3829 ille
1564 3783 1631 3829 nou
1653 3763 1700 3832 est
1725 3761 1984 3864 demittam&

335 3857 378 3926 tir
393 3879 435 3926 ex
454 3855 570 3926 cadem
590 3855 727 3924 omnino
747 3856 875 3925 ratione
891 3877 958 3924 non
974 3854 1080 3942 potest
1096 3848 1142 3919 se·
1165 3853 1223 3930 read
1248 3849 1489 3952 dirimetur&
1524 3856 1720 3951 Polygamus
1740 3887 1807 3934 non
1825 3867 1870 3936 est
1888 3871 1984 3940 unius

335 3947 507 4027 'etradere
522 3951 619 4024 alteri
635 3950 791 4024 foeminre.
834 3956 870 4024 ld
892 3975 973 4024 vero
993 3978 1069 4023 tum
1086 3946 1142 4019 fiat
1167 3957 1276 4026 uxoris
1299 3956 1448 4027 maritus.
1509 3960 1601 4049 Ergo
1626 3985 1693 4032 non
1715 3963 1761 4032 est
1786 3961 1987 4044 demtum-

338 4049 588 4143 epotygamia,
611 4076 674 4122 nec
697 4075 819 4140 corpus
848 4053 911 4124 viri
935 4051 1077 4140 amplius
1104 4045 1142 4118 stt
1168 4060 1246 4150 a&
1270 4049 1328 4129 eae*
1354 4051 1605 4154 α’νόαμλκεῷι,
1619 4056 1670 4130 sed
1689 4060 1795 4149 culpa
1816 4088 1854 4136 ae
1873 4068 1987 4138 crimi.

337 4151 538 4242 apotestate
557 4151 653 4221 unius
670 4153 847 4234 uxoris‚ex
864 4176 906 4222 eo
923 4148 1144 4224 manifestum,
1169 4157 1204 4223 ni
1222 4149 1402 4235 obnoxius,
1414 4169 1447 4225 ta
1460 4179 1520 4241 per
1543 4154 1746 4244 consequens
1768 4184 1887 4250 peccat
1906 4192 1986 4239 con·

335 4254 415 4338 quod
436 4246 626 4340 polygamia
648 4253 795 4342 conjugii
824 4249 1003 4339 legibus&
1022 4271 1145 4337 praece·
1170 4274 1221 4321 tra
1248 4252 1400 4340 conjugii
1431 4251 1565 4342 legem,
1589 4260 1666 4344 quia
1688 4263 1814 4333 crimen
1832 4271 1866 4334 dr
1883 4264 1984 4353 culpa

335 4352 391 4437 atie
417 4347 605 4440 apostolicis
632 4372 809 4440 repugnet.
873 4351 976 4441 Quod
1000 4351 1052 4420 vir
1077 4371 1144 4415 nou
1170 4351 1215 4419 est
1245 4348 1327 4437 legis
1359 4347 1497 4435 alicujus
1535 4355 1756 4446 transgreffia.
1807 4363 1987 4450 Excipiunt

335 4445 449 4528 babet,
474 4445 570 4519 alteri
588 4452 712 4520 donare
735 4474 802 4520 non
831 4451 957 4538 potest,
985 4452 1073 4534 quod
1086 4441 1143 4540 se·
1169 4472 1232 4536 per
1254 4444 1486 4519 inversionem.
1555 4446 1639 4524 Cum
1668 4455 1832 4554 episcopie
1851 4458 1892 4536 Εἴ
1908 4460 1986 4535 dia.

335 4546 394 4622 uei
411 4547 596 4633 donatum,
622 4570 688 4619 non
703 4553 805 4649 potest
826 4547 929 4620 alteri
948 4548 1038 4619 dari.
1081 4546 1143 4616 Sed
1168 4545 1262 4620 conis
1274 4541 1472 4640 specialiter
1494 4568 1536 4621 ac
1560 4542 1985 4657 rrorrrinatim·polygamia

335 4649 380 4722 rit
395 4672 468 4720 nnn
484 4645 584 4719 habet
606 4650 803 4736 potestatem
828 4646 873 4718 lui
892 4650 1054 4735 corporis.
1085 4650 1145 4716 Et·
1168 4644 1409 4731 interdicatur,
1433 4671 1478 4720 ex
1493 4671 1531 4721 eo
1547 4652 1739 4751 consequens
1754 4659 1864 4733 uideri
1872 4717 1882 4747 ‚
1897 4663 1987 4758 quod

335 4745 495 4842 q'oalteri
519 4772 592 4818 eam
617 4750 696 4820 dare
720 4749 843 4835 nequit.
895 4751 1090 4835 Excipiuntz
1110 4744 1145 4822 ier
1170 4745 1308 4841 reliquis
1319 4747 1367 4845 fit
1387 4743 1549 4844 concefflm
1570 4777 1700 4845 argum.
1714 4755 1735 4827 1.
1751 4758 1851 4830 taff.
1870 4766 1910 4830 de
1933 4771 1987 4850 ju.

335 4845 501 4922 taatralla
533 4846 785 4919 matrimoniali
827 4843 915 4942 posti
954 4844 999 4918 ab
1043 4844 1143 4919 initio
1171 4846 1236 4916 dic.
1256 4853 1474 4940 curreretur
1495 4873 1594 4920 amun
1615 4854 1830 4948 expluribus
1847 4858 1986 4953 judica·

335 4949 500 5045 utriusque
519 4942 674 5042 consensu
695 4948 863 5042 interponi
879 4945 963 5017 tanc
979 4946 1145 5018 corditio·
1169 4968 1204 5018 re
1228 4953 1345 5027 uetat,
1381 4948 1498 5019 ceteris
1533 4948 1570 5021 id
1603 4955 1806 5028 committere
1839 4958 1984 5035 uidetur.

334 5073 417 5146 rem,
440 5045 533 5145 quod
551 5046 696 5121 moritur
711 5047 796 5120 uelit
819 5047 926 5120 aliurn
944 5044 1147 5143 superindu—
1173 5040 1272 5138 Rrsp.
1302 5048 1345 5123 ¹·)
1369 5048 1573 5119 Deducimur
1592 5078 1828 5142 argumentum
1851 5055 1916 5127 hoc
1943 5063 1985 5130 ad

334 5172 425 5239 rere,
449 5144 659 5226 &uxorem
682 5145 749 5247 sua
772 5150 849 5244 jari
883 5147 946 5222 lrac
979 5150 1015 5221 in
1042 5155 1146 5245 parte
1168 5139 1360 5220 absurdum.
1410 5147 1589 5252 Apostolus
1613 5151 1739 5227 ibidem
1759 5156 1795 5226 in
1819 5152 1984 5249 episcopis

1932 5281 1987 5331 re·
2007 5313 2009 5318 .
