<?xml version="1.0" encoding="UTF-8"?>
<!DOCTYPE html PUBLIC "-//W3C//DTD XHTML 1.0 Transitional//EN"
    "http://www.w3.org/TR/xhtml1/DTD/xhtml1-transitional.dtd">
<html xmlns="http://www.w3.org/1999/xhtml" xml:lang="en" lang="en">
 <head>
  <title>
</title>
<meta http-equiv="Content-Type" content="text/html;charset=utf-8" />
  <meta name='ocr-system' content='tesseract 3.04.00' />
  <meta name='ocr-capabilities' content='ocr_page ocr_carea ocr_par ocr_line ocrx_word'/>
</head>
<body>
  <div class='ocr_page' id='page_1' title='image "./locitheologicic06cottgoog_0400.png"; bbox 0 0 4884 5984; ppageno 0'>
   <div class='ocr_carea' id='block_1_1' title="bbox 537 460 1801 561">
    <p class='ocr_par' dir='ltr' id='par_1_1' title="bbox 537 460 1801 561">
     <span class='ocr_line' id='line_1_1' title="bbox 537 460 1801 561; baseline -0.002 -12"><span class='ocrx_word' id='word_1_1' title='bbox 537 471 625 561; x_wconf 64' lang='lat' dir='ltr'>an·</span> <span class='ocrx_word' id='word_1_2' title='bbox 1079 473 1230 548; x_wconf 76' lang='lat' dir='ltr'>Locvt</span> <span class='ocrx_word' id='word_1_3' title='bbox 1258 474 1383 545; x_wconf 76' lang='lat' dir='ltr'>xxvi.</span> <span class='ocrx_word' id='word_1_4' title='bbox 1433 475 1585 548; x_wconf 79' lang='lat' dir='ltr'>ceevr</span> <span class='ocrx_word' id='word_1_5' title='bbox 1607 479 1667 549; x_wconf 85' lang='lat' dir='ltr'>vr.</span> <span class='ocrx_word' id='word_1_6' title='bbox 1793 460 1801 469; x_wconf 83' lang='grc'><strong>’</strong></span> 
     </span>
    </p>
   </div>
   <div class='ocr_carea' id='block_1_2' title="bbox 374 662 2208 5175">
    <p class='ocr_par' dir='ltr' id='par_1_2' title="bbox 546 662 2180 1160">
     <span class='ocr_line' id='line_1_2' title="bbox 546 662 2180 756; baseline 0.006 -18"><span class='ocrx_word' id='word_1_7' title='bbox 546 662 632 740; x_wconf 83' lang='lat' dir='ltr'>serta</span> <span class='ocrx_word' id='word_1_8' title='bbox 662 664 883 756; x_wconf 79' lang='lat' dir='ltr'>prohibuerit.</span> <span class='ocrx_word' id='word_1_9' title='bbox 900 669 1001 739; x_wconf 89' lang='lat' dir='ltr'>Deut.</span> <span class='ocrx_word' id='word_1_10' title='bbox 1020 666 1112 740; x_wconf 85' lang='lat' dir='ltr'>XXI.</span> <span class='ocrx_word' id='word_1_11' title='bbox 1134 686 1187 753; x_wconf 74' lang='grc' dir='ltr'>ις.</span> <span class='ocrx_word' id='word_1_12' title='bbox 1240 664 1354 740; x_wconf 86' lang='lat' dir='ltr'>Siha·</span> <span class='ocrx_word' id='word_1_13' title='bbox 1376 671 1439 754; x_wconf 79' lang='lat' dir='ltr'>eu,</span> <span class='ocrx_word' id='word_1_14' title='bbox 1467 665 1605 743; x_wconf 87' lang='lat' dir='ltr'>familias</span> <span class='ocrx_word' id='word_1_15' title='bbox 1630 665 1771 743; x_wconf 81' lang='lat' dir='ltr'>illustres</span> <span class='ocrx_word' id='word_1_16' title='bbox 1798 678 1839 744; x_wconf 72' lang='lat' dir='ltr'>br·</span> <span class='ocrx_word' id='word_1_17' title='bbox 1854 667 2041 745; x_wconf 81' lang='lat' dir='ltr'>honoratas</span> <span class='ocrx_word' id='word_1_18' title='bbox 2060 667 2180 747; x_wconf 66' lang='lat' dir='ltr'>anser·</span> 
     </span>
     <span class='ocr_line' id='line_1_3' title="bbox 547 763 2176 865; baseline 0.004 -28"><span class='ocrx_word' id='word_1_19' title='bbox 547 764 655 837; x_wconf 80' lang='lat' dir='ltr'>buerit</span> <span class='ocrx_word' id='word_1_20' title='bbox 673 763 769 835; x_wconf 76' lang='lat' dir='ltr'>horno</span> <span class='ocrx_word' id='word_1_21' title='bbox 794 790 914 838; x_wconf 75' lang='lat' dir='ltr'>uxores</span> <span class='ocrx_word' id='word_1_22' title='bbox 937 767 1043 846; x_wconf 75' lang='lat' dir='ltr'>dicar,</span> <span class='ocrx_word' id='word_1_23' title='bbox 1074 789 1175 838; x_wconf 84' lang='lat' dir='ltr'>annm</span> <span class='ocrx_word' id='word_1_24' title='bbox 1199 765 1354 840; x_wconf 65' lang='lat' dir='ltr'>dilubium</span> <span class='ocrx_word' id='word_1_25' title='bbox 1378 770 1461 842; x_wconf 79' lang='lat' dir='ltr'>eati.</span> <span class='ocrx_word' id='word_1_26' title='bbox 1513 769 1567 865; x_wconf 80' lang='lat'>5.)</span> <span class='ocrx_word' id='word_1_27' title='bbox 1597 772 1626 843; x_wconf 78' lang='grc' dir='ltr'>Α</span> <span class='ocrx_word' id='word_1_28' title='bbox 1648 765 1855 864; x_wconf 75' lang='lat' dir='ltr'>consequente</span> <span class='ocrx_word' id='word_1_29' title='bbox 1880 764 2041 864; x_wconf 85' lang='lat' dir='ltr'>absurdo.</span> <span class='ocrx_word' id='word_1_30' title='bbox 2093 775 2124 844; x_wconf 86' lang='lat' dir='ltr'>Si</span> <span class='ocrx_word' id='word_1_31' title='bbox 2145 798 2176 843; x_wconf 91' lang='lat' dir='ltr'>o-</span> 
     </span>
     <span class='ocr_line' id='line_1_4' title="bbox 548 860 2176 960; baseline 0.002 -24"><span class='ocrx_word' id='word_1_32' title='bbox 548 860 590 936; x_wconf 73' lang='lat'><em>&amp;</em></span> <span class='ocrx_word' id='word_1_33' title='bbox 611 861 754 936; x_wconf 79' lang='lat' dir='ltr'>alteram</span> <span class='ocrx_word' id='word_1_34' title='bbox 769 861 936 960; x_wconf 73' lang='lat' dir='ltr'>olinsmn,</span> <span class='ocrx_word' id='word_1_35' title='bbox 963 868 1175 960; x_wconf 77' lang='lat' dir='ltr'><em>genueritque</em></span> <span class='ocrx_word' id='word_1_36' title='bbox 1189 890 1234 938; x_wconf 83' lang='lat' dir='ltr'>ex</span> <span class='ocrx_word' id='word_1_37' title='bbox 1248 867 1294 941; x_wconf 86' lang='lat' dir='ltr'>eis</span> <span class='ocrx_word' id='word_1_38' title='bbox 1311 864 1355 938; x_wconf 84' lang='lat' dir='ltr'>li·</span> <span class='ocrx_word' id='word_1_39' title='bbox 1378 869 1547 939; x_wconf 82' lang='lat' dir='ltr'>moimoda</span> <span class='ocrx_word' id='word_1_40' title='bbox 1580 866 1745 939; x_wconf 89' lang='lat' dir='ltr'>bonorum</span> <span class='ocrx_word' id='word_1_41' title='bbox 1777 865 1944 954; x_wconf 73' lang='lat' dir='ltr'>equalitas</span> <span class='ocrx_word' id='word_1_42' title='bbox 1975 865 2124 941; x_wconf 84' lang='lat' dir='ltr'>absolute</span> <span class='ocrx_word' id='word_1_43' title='bbox 2148 874 2176 940; x_wconf 91' lang='lat' dir='ltr'>in</span> 
     </span>
     <span class='ocr_line' id='line_1_5' title="bbox 549 960 2175 1060; baseline 0.003 -25"><span class='ocrx_word' id='word_1_44' title='bbox 549 961 655 1041; x_wconf 83' lang='lat' dir='ltr'>heros,</span> <span class='ocrx_word' id='word_1_45' title='bbox 676 960 833 1055; x_wconf 73' lang='lat' dir='ltr'>&amp;fecerit</span> <span class='ocrx_word' id='word_1_46' title='bbox 842 961 1078 1060; x_wconf 79' lang='lat' dir='ltr'>filiurodiosae</span> <span class='ocrx_word' id='word_1_47' title='bbox 1095 965 1353 1058; x_wconf 74' lang='lat' dir='ltr'>pritaogeniturr</span> <span class='ocrx_word' id='word_1_48' title='bbox 1378 966 1535 1054; x_wconf 80' lang='lat' dir='ltr'>conjugio</span> <span class='ocrx_word' id='word_1_49' title='bbox 1557 963 1633 1037; x_wconf 81' lang='lat' dir='ltr'>esset</span> <span class='ocrx_word' id='word_1_50' title='bbox 1650 962 1848 1044; x_wconf 79' lang='lat' dir='ltr'>necessaria,</span> <span class='ocrx_word' id='word_1_51' title='bbox 1870 969 2014 1039; x_wconf 79' lang='lat' dir='ltr'>maritat</span> <span class='ocrx_word' id='word_1_52' title='bbox 2031 966 2175 1053; x_wconf 79' lang='lat' dir='ltr'>nonpos·</span> 
     </span>
     <span class='ocr_line' id='line_1_6' title="bbox 551 1058 2172 1160; baseline 0.004 -28"><span class='ocrx_word' id='word_1_53' title='bbox 551 1088 585 1132; x_wconf 83' lang='lat' dir='ltr'>v.</span> <span class='ocrx_word' id='word_1_54' title='bbox 610 1072 661 1135; x_wconf 81' lang='lat'>16.</span> <span class='ocrx_word' id='word_1_55' title='bbox 686 1064 888 1157; x_wconf 80' lang='lat' dir='ltr'>uolueritque</span> <span class='ocrx_word' id='word_1_56' title='bbox 903 1058 1125 1159; x_wconf 73' lang='lat' dir='ltr'>fiehslanlium</span> <span class='ocrx_word' id='word_1_57' title='bbox 1151 1064 1238 1135; x_wconf 79' lang='lat' dir='ltr'>inter</span> <span class='ocrx_word' id='word_1_58' title='bbox 1255 1063 1354 1160; x_wconf 80' lang='lat' dir='ltr'>filios</span> <span class='ocrx_word' id='word_1_59' title='bbox 1379 1058 1426 1134; x_wconf 88' lang='lat' dir='ltr'>set</span> <span class='ocrx_word' id='word_1_60' title='bbox 1442 1065 1629 1153; x_wconf 83' lang='lat' dir='ltr'>legatorum</span> <span class='ocrx_word' id='word_1_61' title='bbox 1644 1069 1864 1151; x_wconf 79' lang='lat' dir='ltr'>quorumdam</span> <span class='ocrx_word' id='word_1_62' title='bbox 1876 1067 2172 1141; x_wconf 77' lang='lat' dir='ltr'>constituendorum</span> 
     </span>
    </p>

    <p class='ocr_par' dir='ltr' id='par_1_3' title="bbox 490 1157 2169 1455">
     <span class='ocr_line' id='line_1_7' title="bbox 490 1157 2169 1258; baseline 0.004 -26"><span class='ocrx_word' id='word_1_63' title='bbox 490 1189 494 1197; x_wconf 92' lang='lat'>·</span> <span class='ocrx_word' id='word_1_64' title='bbox 543 1157 625 1255; x_wconf 82' lang='lat' dir='ltr'>suos</span> <span class='ocrx_word' id='word_1_65' title='bbox 652 1158 824 1241; x_wconf 77' lang='lat' dir='ltr'>diuidere,</span> <span class='ocrx_word' id='word_1_66' title='bbox 852 1184 916 1232; x_wconf 77' lang='lat' dir='ltr'>raon</span> <span class='ocrx_word' id='word_1_67' title='bbox 944 1164 1068 1257; x_wconf 72' lang='lat' dir='ltr'>poterii</span> <span class='ocrx_word' id='word_1_68' title='bbox 1087 1162 1204 1258; x_wconf 77' lang='lat' dir='ltr'>filium</span> <span class='ocrx_word' id='word_1_69' title='bbox 1228 1161 1355 1235; x_wconf 71' lang='lat' dir='ltr'>dileuae</span> <span class='ocrx_word' id='word_1_70' title='bbox 1379 1160 1572 1249; x_wconf 81' lang='lat' dir='ltr'>potestatem</span> <span class='ocrx_word' id='word_1_71' title='bbox 1601 1159 1659 1230; x_wconf 89' lang='lat' dir='ltr'>libi</span> <span class='ocrx_word' id='word_1_72' title='bbox 1680 1158 1866 1249; x_wconf 86' lang='lat' dir='ltr'>reservate,</span> <span class='ocrx_word' id='word_1_73' title='bbox 1894 1186 1956 1232; x_wconf 84' lang='lat' dir='ltr'>nec</span> <span class='ocrx_word' id='word_1_74' title='bbox 1985 1168 2026 1235; x_wconf 88' lang='lat' dir='ltr'>ad</span> <span class='ocrx_word' id='word_1_75' title='bbox 2054 1162 2169 1237; x_wconf 82' lang='lat' dir='ltr'>conser-</span> 
     </span>
     <span class='ocr_line' id='line_1_8' title="bbox 545 1255 2169 1358; baseline 0.004 -29"><span class='ocrx_word' id='word_1_76' title='bbox 545 1258 661 1352; x_wconf 81' lang='lat' dir='ltr'>sncerc</span> <span class='ocrx_word' id='word_1_77' title='bbox 677 1261 954 1354; x_wconf 74' lang='lat' dir='ltr'>priamgene&#39;tum,</span> <span class='ocrx_word' id='word_1_78' title='bbox 987 1255 1027 1331; x_wconf 63' lang='lat' dir='ltr'>fs</span> <span class='ocrx_word' id='word_1_79' title='bbox 1047 1259 1207 1354; x_wconf 73' lang='lat' dir='ltr'>preferre</span> <span class='ocrx_word' id='word_1_80' title='bbox 1218 1258 1301 1358; x_wconf 83' lang='lat' dir='ltr'>filio</span> <span class='ocrx_word' id='word_1_81' title='bbox 1319 1283 1355 1331; x_wconf 92' lang='lat' dir='ltr'>o·</span> <span class='ocrx_word' id='word_1_82' title='bbox 1381 1261 1545 1330; x_wconf 79' lang='lat' dir='ltr'>rationem</span> <span class='ocrx_word' id='word_1_83' title='bbox 1572 1257 1782 1329; x_wconf 71' lang='lat' dir='ltr'>ecclesiarum</span> <span class='ocrx_word' id='word_1_84' title='bbox 1806 1269 1840 1332; x_wconf 75' lang='grc' dir='ltr'>δι</span> <span class='ocrx_word' id='word_1_85' title='bbox 1865 1257 2056 1335; x_wconf 84' lang='lat' dir='ltr'>scholarum</span> <span class='ocrx_word' id='word_1_86' title='bbox 2080 1262 2113 1331; x_wconf 90' lang='lat' dir='ltr'>io</span> <span class='ocrx_word' id='word_1_87' title='bbox 2130 1286 2169 1336; x_wconf 84' lang='lat' dir='ltr'>te·</span> 
     </span>
     <span class='ocr_line' id='line_1_9' title="bbox 552 1354 1867 1455; baseline -0.001 -26"><span class='ocrx_word' id='word_1_88' title='bbox 552 1355 665 1451; x_wconf 80' lang='lat' dir='ltr'>aiiosae.</span> <span class='ocrx_word' id='word_1_89' title='bbox 685 1387 716 1429; x_wconf 80' lang='lat' dir='ltr'>v.</span> <span class='ocrx_word' id='word_1_90' title='bbox 740 1380 791 1452; x_wconf 88' lang='lat'>17.</span> <span class='ocrx_word' id='word_1_91' title='bbox 847 1357 915 1431; x_wconf 70' lang='lat' dir='ltr'>See</span> <span class='ocrx_word' id='word_1_92' title='bbox 927 1357 1043 1454; x_wconf 83' lang='lat' dir='ltr'>filium</span> <span class='ocrx_word' id='word_1_93' title='bbox 1059 1356 1181 1453; x_wconf 74' lang='lat' dir='ltr'>odiosie</span> <span class='ocrx_word' id='word_1_94' title='bbox 1201 1357 1356 1455; x_wconf 76' lang='lat' dir='ltr'>agnoscet</span> <span class='ocrx_word' id='word_1_95' title='bbox 1379 1359 1538 1429; x_wconf 86' lang='lat' dir='ltr'>stamento</span> <span class='ocrx_word' id='word_1_96' title='bbox 1562 1357 1684 1441; x_wconf 87' lang='lat' dir='ltr'>aliquid</span> <span class='ocrx_word' id='word_1_97' title='bbox 1702 1354 1867 1429; x_wconf 86' lang='lat' dir='ltr'>conferre.</span> 
     </span>
    </p>

    <p class='ocr_par' dir='ltr' id='par_1_4' title="bbox 519 1454 2162 1863">
     <span class='ocr_line' id='line_1_10' title="bbox 519 1454 2152 1557; baseline 0.001 -30"><span class='ocrx_word' id='word_1_98' title='bbox 519 1467 524 1478; x_wconf 84' lang='lat'><strong><em>‘</em></strong></span> <span class='ocrx_word' id='word_1_99' title='bbox 552 1458 835 1552; x_wconf 75' lang='lat' dir='ltr'>prirnogenitum,</span> <span class='ocrx_word' id='word_1_100' title='bbox 868 1456 1023 1551; x_wconf 75' lang='lat' dir='ltr'>dabitque</span> <span class='ocrx_word' id='word_1_101' title='bbox 1049 1460 1080 1531; x_wconf 87' lang='lat' dir='ltr'>ei</span> <span class='ocrx_word' id='word_1_102' title='bbox 1112 1457 1151 1529; x_wconf 83' lang='lat' dir='ltr'>de</span> <span class='ocrx_word' id='word_1_103' title='bbox 1173 1454 1250 1542; x_wconf 83' lang='lat' dir='ltr'>hir,</span> <span class='ocrx_word' id='word_1_104' title='bbox 1285 1478 1356 1553; x_wconf 81' lang='lat' dir='ltr'>qaae</span> <span class='ocrx_word' id='word_1_105' title='bbox 1455 1457 1720 1542; x_wconf 72' lang='lat' dir='ltr'>§.CCCCVHL</span> <span class='ocrx_word' id='word_1_106' title='bbox 1758 1461 1848 1542; x_wconf 84' lang='lat' dir='ltr'>Vll.)</span> <span class='ocrx_word' id='word_1_107' title='bbox 1874 1459 1927 1526; x_wconf 88' lang='lat' dir='ltr'>De</span> <span class='ocrx_word' id='word_1_108' title='bbox 1977 1478 2073 1557; x_wconf 67' lang='grc' dir='ltr'>νη)</span> <span class='ocrx_word' id='word_1_109' title='bbox 2096 1481 2152 1543; x_wconf 63' lang='lat' dir='ltr'>(ff.</span> 
     </span>
     <span class='ocr_line' id='line_1_11' title="bbox 554 1549 2150 1654; baseline -0.001 -27"><span class='ocrx_word' id='word_1_110' title='bbox 554 1553 725 1640; x_wconf 80' lang='lat' dir='ltr'>habuerit,</span> <span class='ocrx_word' id='word_1_111' title='bbox 752 1554 867 1628; x_wconf 70' lang='lat' dir='ltr'>cunila</span> <span class='ocrx_word' id='word_1_112' title='bbox 893 1557 1053 1652; x_wconf 74' lang='lat' dir='ltr'><em>duplicia.</em></span> <span class='ocrx_word' id='word_1_113' title='bbox 1110 1562 1156 1643; x_wconf 88' lang='lat'>3.)</span> <span class='ocrx_word' id='word_1_114' title='bbox 1175 1554 1355 1651; x_wconf 76' lang='lat' dir='ltr'>Aprohuto</span> <span class='ocrx_word' id='word_1_115' title='bbox 1380 1549 1676 1648; x_wconf 68' lang='lat' dir='ltr'>circunq&#39;pecl&#39;ionir</span> <span class='ocrx_word' id='word_1_116' title='bbox 1707 1554 1741 1625; x_wconf 86' lang='lat' dir='ltr'>in</span> <span class='ocrx_word' id='word_1_117' title='bbox 1768 1552 1927 1647; x_wconf 80' lang='lat' dir='ltr'>conjugio</span> <span class='ocrx_word' id='word_1_118' title='bbox 1977 1560 2150 1654; x_wconf 51' lang='lat' dir='ltr'>cumjpcfu·</span> 
     </span>
     <span class='ocr_line' id='line_1_12' title="bbox 554 1650 2162 1748; baseline -0.002 -23"><span class='ocrx_word' id='word_1_119' title='bbox 554 1650 708 1726; x_wconf 68' lang='lat' dir='ltr'>Abrahae</span> <span class='ocrx_word' id='word_1_120' title='bbox 730 1654 891 1748; x_wconf 79' lang='lat' dir='ltr'>exemplo.</span> <span class='ocrx_word' id='word_1_121' title='bbox 947 1653 1150 1727; x_wconf 73' lang='lat' dir='ltr'>abrahamus</span> <span class='ocrx_word' id='word_1_122' title='bbox 1167 1655 1356 1744; x_wconf 81' lang='lat' dir='ltr'>patriarcha</span> <span class='ocrx_word' id='word_1_123' title='bbox 1383 1650 1745 1746; x_wconf 60' lang='lat' dir='ltr'>coarlrnlundojhmma</span> <span class='ocrx_word' id='word_1_124' title='bbox 1760 1650 1923 1748; x_wconf 78' lang='lat' dir='ltr'>aeceffitu-</span> <span class='ocrx_word' id='word_1_125' title='bbox 1977 1658 2028 1732; x_wconf 54' lang='grc' dir='ltr'>’Ψ</span> <span class='ocrx_word' id='word_1_126' title='bbox 2043 1660 2162 1722; x_wconf 59' lang='lat' dir='ltr'>racana</span> 
     </span>
     <span class='ocr_line' id='line_1_13' title="bbox 555 1730 2157 1863; baseline -0.002 -41"><span class='ocrx_word' id='word_1_127' title='bbox 555 1755 758 1842; x_wconf 78' lang='lat' dir='ltr'>proponitur</span> <span class='ocrx_word' id='word_1_128' title='bbox 777 1756 871 1825; x_wconf 85' lang='lat' dir='ltr'>uobis</span> <span class='ocrx_word' id='word_1_129' title='bbox 893 1775 928 1823; x_wconf 90' lang='lat' dir='ltr'>ut</span> <span class='ocrx_word' id='word_1_130' title='bbox 943 1763 1043 1848; x_wconf 77' lang='lat' dir='ltr'>pater</span> <span class='ocrx_word' id='word_1_131' title='bbox 1065 1754 1210 1825; x_wconf 85' lang='lat' dir='ltr'>omnium</span> <span class='ocrx_word' id='word_1_132' title='bbox 1227 1754 1357 1825; x_wconf 74' lang='lat' dir='ltr'>creden-</span> <span class='ocrx_word' id='word_1_133' title='bbox 1381 1763 1422 1824; x_wconf 80' lang='lat' dir='ltr'>te.</span> <span class='ocrx_word' id='word_1_134' title='bbox 1459 1754 1548 1850; x_wconf 84' lang='lat' dir='ltr'>Quia</span> <span class='ocrx_word' id='word_1_135' title='bbox 1565 1749 1673 1837; x_wconf 82' lang='lat' dir='ltr'>forma</span> <span class='ocrx_word' id='word_1_136' title='bbox 1686 1741 1831 1840; x_wconf 74' lang='lat' dir='ltr'>coniugii</span> <span class='ocrx_word' id='word_1_137' title='bbox 1845 1775 1923 1820; x_wconf 87' lang='lat' dir='ltr'>con·</span> <span class='ocrx_word' id='word_1_138' title='bbox 1974 1730 2157 1863; x_wconf 45' lang='grc' dir='ltr'>ᾗὶζόξοέἶζ</span> 
     </span>
    </p>

    <p class='ocr_par' dir='ltr' id='par_1_5' title="bbox 436 1845 2165 3117">
     <span class='ocr_line' id='line_1_14' title="bbox 436 1845 2163 1959; baseline 0.001 -40"><span class='ocrx_word' id='word_1_139' title='bbox 436 1914 438 1919; x_wconf 91' lang='grc'>.</span> <span class='ocrx_word' id='word_1_140' title='bbox 556 1853 667 1928; x_wconf 62' lang='lat' dir='ltr'>riuum·</span> <span class='ocrx_word' id='word_1_141' title='bbox 694 1856 793 1923; x_wconf 83' lang='lat' dir='ltr'>Rom.</span> <span class='ocrx_word' id='word_1_142' title='bbox 810 1850 875 1947; x_wconf 76' lang='lat' dir='ltr'>lV.</span> <span class='ocrx_word' id='word_1_143' title='bbox 899 1873 952 1922; x_wconf 88' lang='grc' dir='ltr'>ιι.</span> <span class='ocrx_word' id='word_1_144' title='bbox 978 1853 1003 1921; x_wconf 90' lang='lat' dir='ltr'>is</span> <span class='ocrx_word' id='word_1_145' title='bbox 1025 1876 1105 1922; x_wconf 86' lang='lat' dir='ltr'>vero</span> <span class='ocrx_word' id='word_1_146' title='bbox 1128 1849 1356 1923; x_wconf 76' lang='lat' dir='ltr'>inteoliberoa</span> <span class='ocrx_word' id='word_1_147' title='bbox 1381 1850 1457 1921; x_wconf 80' lang='lat' dir='ltr'>finit</span> <span class='ocrx_word' id='word_1_148' title='bbox 1485 1854 1519 1919; x_wconf 89' lang='lat' dir='ltr'>in</span> <span class='ocrx_word' id='word_1_149' title='bbox 1547 1874 1633 1950; x_wconf 81' lang='lat' dir='ltr'>nexu</span> <span class='ocrx_word' id='word_1_150' title='bbox 1655 1845 1865 1919; x_wconf 77' lang='lat' dir='ltr'>iadiss&#39;olobili</span> <span class='ocrx_word' id='word_1_151' title='bbox 1892 1855 1927 1920; x_wconf 86' lang='lat'>&amp;</span> <span class='ocrx_word' id='word_1_152' title='bbox 1979 1873 2163 1959; x_wconf 55' lang='lat' dir='ltr'>pendamp.</span> 
     </span>
     <span class='ocr_line' id='line_1_15' title="bbox 556 1948 2115 2042; baseline 0 -23"><span class='ocrx_word' id='word_1_153' title='bbox 556 1975 596 2023; x_wconf 89' lang='lat' dir='ltr'>ex</span> <span class='ocrx_word' id='word_1_154' title='bbox 614 1951 727 2038; x_wconf 88' lang='lat' dir='ltr'>priore</span> <span class='ocrx_word' id='word_1_155' title='bbox 744 1952 900 2039; x_wconf 83' lang='lat' dir='ltr'>conjugio</span> <span class='ocrx_word' id='word_1_156' title='bbox 913 1954 1075 2020; x_wconf 87' lang='lat' dir='ltr'>cumSara</span> <span class='ocrx_word' id='word_1_157' title='bbox 1093 1951 1226 2021; x_wconf 87' lang='lat' dir='ltr'>inito&amp;</span> <span class='ocrx_word' id='word_1_158' title='bbox 1243 1974 1283 2021; x_wconf 82' lang='lat' dir='ltr'>ex</span> <span class='ocrx_word' id='word_1_159' title='bbox 1297 1973 1358 2037; x_wconf 87' lang='lat' dir='ltr'>po·</span> <span class='ocrx_word' id='word_1_160' title='bbox 1382 1948 1613 2035; x_wconf 76' lang='lat' dir='ltr'>conjunfiione</span> <span class='ocrx_word' id='word_1_161' title='bbox 1630 1949 1926 2024; x_wconf 84' lang='lat' dir='ltr'>incarnemunam‚</span> <span class='ocrx_word' id='word_1_162' title='bbox 2032 1958 2115 2042; x_wconf 72' lang='lat' dir='ltr'>ficas.</span> 
     </span>
     <span class='ocr_line' id='line_1_16' title="bbox 557 2043 1928 2136; baseline -0.003 -18"><span class='ocrx_word' id='word_1_163' title='bbox 557 2051 691 2119; x_wconf 75' lang='lat' dir='ltr'>{leniore</span> <span class='ocrx_word' id='word_1_164' title='bbox 728 2052 885 2136; x_wconf 78' lang='lat' dir='ltr'>conjugio</span> <span class='ocrx_word' id='word_1_165' title='bbox 916 2070 992 2116; x_wconf 87' lang='lat' dir='ltr'>com</span> <span class='ocrx_word' id='word_1_166' title='bbox 1028 2050 1154 2119; x_wconf 88' lang='lat' dir='ltr'>Cetuta</span> <span class='ocrx_word' id='word_1_167' title='bbox 1188 2051 1358 2117; x_wconf 53' lang='lat' dir='ltr'>contremo</span> <span class='ocrx_word' id='word_1_168' title='bbox 1384 2044 1599 2117; x_wconf 86' lang='lat' dir='ltr'>ideosumme</span> <span class='ocrx_word' id='word_1_169' title='bbox 1625 2043 1928 2126; x_wconf 78' lang='lat' dir='ltr'>necellicriumeli,</span> 
     </span>
     <span class='ocr_line' id='line_1_17' title="bbox 557 2138 2163 2233; baseline -0.001 -18"><span class='ocrx_word' id='word_1_170' title='bbox 557 2141 740 2231; x_wconf 81' lang='lat' dir='ltr'>susceptos,</span> <span class='ocrx_word' id='word_1_171' title='bbox 771 2144 878 2233; x_wconf 85' lang='lat' dir='ltr'>litque</span> <span class='ocrx_word' id='word_1_172' title='bbox 903 2147 989 2215; x_wconf 87' lang='lat' dir='ltr'>inter</span> <span class='ocrx_word' id='word_1_173' title='bbox 1010 2138 1092 2231; x_wconf 84' lang='lat' dir='ltr'>ipsas</span> <span class='ocrx_word' id='word_1_174' title='bbox 1117 2144 1215 2214; x_wconf 87' lang='lat' dir='ltr'>etiam</span> <span class='ocrx_word' id='word_1_175' title='bbox 1242 2152 1358 2231; x_wconf 89' lang='lat' dir='ltr'>conju·</span> <span class='ocrx_word' id='word_1_176' title='bbox 1383 2144 1577 2233; x_wconf 75' lang='lat' dir='ltr'>diligentem</span> <span class='ocrx_word' id='word_1_177' title='bbox 1601 2144 1751 2215; x_wconf 74' lang='lat' dir='ltr'>adhiberi</span> <span class='ocrx_word' id='word_1_178' title='bbox 1770 2143 1957 2213; x_wconf 83' lang='lat' dir='ltr'>cautionem</span> <span class='ocrx_word' id='word_1_179' title='bbox 1985 2149 2021 2217; x_wconf 69' lang='grc' dir='ltr'>δι</span> <span class='ocrx_word' id='word_1_180' title='bbox 2045 2142 2163 2213; x_wconf 74' lang='lat' dir='ltr'>arena</span> 
     </span>
     <span class='ocr_line' id='line_1_18' title="bbox 557 2236 2163 2334; baseline -0.003 -20"><span class='ocrx_word' id='word_1_181' title='bbox 557 2268 617 2334; x_wconf 81' lang='lat' dir='ltr'>ges</span> <span class='ocrx_word' id='word_1_182' title='bbox 632 2267 699 2315; x_wconf 90' lang='lat' dir='ltr'>non</span> <span class='ocrx_word' id='word_1_183' title='bbox 722 2245 859 2313; x_wconf 80' lang='lat' dir='ltr'>instituit</span> <span class='ocrx_word' id='word_1_184' title='bbox 881 2244 1106 2313; x_wconf 86' lang='lat' dir='ltr'>omnimodam</span> <span class='ocrx_word' id='word_1_185' title='bbox 1128 2240 1296 2314; x_wconf 85' lang='lat' dir='ltr'>bonorum</span> <span class='ocrx_word' id='word_1_186' title='bbox 1317 2267 1359 2312; x_wconf 76' lang='lat' dir='ltr'>a·</span> <span class='ocrx_word' id='word_1_187' title='bbox 1385 2237 1610 2329; x_wconf 61' lang='lat' dir='ltr'>spccriouam,</span> <span class='ocrx_word' id='word_1_188' title='bbox 1645 2264 1821 2327; x_wconf 85' lang='lat' dir='ltr'>antequam</span> <span class='ocrx_word' id='word_1_189' title='bbox 1845 2236 2089 2322; x_wconf 86' lang='lat' dir='ltr'>contrahatur,</span> <span class='ocrx_word' id='word_1_190' title='bbox 2112 2242 2163 2310; x_wconf 79' lang='lat' dir='ltr'>lu·</span> 
     </span>
     <span class='ocr_line' id='line_1_19' title="bbox 557 2334 2161 2435; baseline -0.002 -24"><span class='ocrx_word' id='word_1_191' title='bbox 557 2338 765 2427; x_wconf 75' lang='lat' dir='ltr'>qualitatem,</span> <span class='ocrx_word' id='word_1_192' title='bbox 779 2337 832 2412; x_wconf 88' lang='lat' dir='ltr'>sed</span> <span class='ocrx_word' id='word_1_193' title='bbox 848 2338 974 2423; x_wconf 76' lang='lat' dir='ltr'>crioilo,</span> <span class='ocrx_word' id='word_1_194' title='bbox 992 2360 1062 2433; x_wconf 85' lang='lat' dir='ltr'>quae</span> <span class='ocrx_word' id='word_1_195' title='bbox 1081 2336 1281 2435; x_wconf 71' lang='lat' dir='ltr'>possederat,</span> <span class='ocrx_word' id='word_1_196' title='bbox 1305 2337 1360 2410; x_wconf 80' lang='lat' dir='ltr'>de·</span> <span class='ocrx_word' id='word_1_197' title='bbox 1384 2341 1463 2411; x_wconf 72' lang='grc' dir='ltr'>ἀοι.</span> <span class='ocrx_word' id='word_1_198' title='bbox 1491 2340 1591 2411; x_wconf 80' lang='lat' dir='ltr'>Vires</span> <span class='ocrx_word' id='word_1_199' title='bbox 1612 2343 1646 2408; x_wconf 89' lang='lat' dir='ltr'>io</span> <span class='ocrx_word' id='word_1_200' title='bbox 1675 2338 1732 2408; x_wconf 85' lang='lat' dir='ltr'>lib.</span> <span class='ocrx_word' id='word_1_201' title='bbox 1757 2344 1799 2411; x_wconf 85' lang='lat' dir='ltr'>de</span> <span class='ocrx_word' id='word_1_202' title='bbox 1821 2339 1919 2408; x_wconf 85' lang='lat' dir='ltr'>instit.</span> <span class='ocrx_word' id='word_1_203' title='bbox 1950 2334 2048 2413; x_wconf 76' lang='lat' dir='ltr'>feam.</span> <span class='ocrx_word' id='word_1_204' title='bbox 2071 2334 2161 2408; x_wconf 72' lang='lat' dir='ltr'>chrilh</span> 
     </span>
     <span class='ocr_line' id='line_1_20' title="bbox 559 2430 2164 2535; baseline -0.004 -24"><span class='ocrx_word' id='word_1_205' title='bbox 559 2439 613 2511; x_wconf 81' lang='lat' dir='ltr'>dit</span> <span class='ocrx_word' id='word_1_206' title='bbox 633 2438 752 2533; x_wconf 82' lang='lat' dir='ltr'>Isaura</span> <span class='ocrx_word' id='word_1_207' title='bbox 773 2463 817 2510; x_wconf 84' lang='lat' dir='ltr'>ex</span> <span class='ocrx_word' id='word_1_208' title='bbox 840 2436 931 2511; x_wconf 84' lang='lat' dir='ltr'>Suro</span> <span class='ocrx_word' id='word_1_209' title='bbox 954 2441 1088 2531; x_wconf 81' lang='lat' dir='ltr'>genito,</span> <span class='ocrx_word' id='word_1_210' title='bbox 1119 2432 1273 2511; x_wconf 80' lang='lat' dir='ltr'>Celhurae</span> <span class='ocrx_word' id='word_1_211' title='bbox 1295 2459 1358 2509; x_wconf 71' lang='lat' dir='ltr'>aa·</span> <span class='ocrx_word' id='word_1_212' title='bbox 1390 2433 1593 2533; x_wconf 74' lang='lat' dir='ltr'>ConJ&#39;ugium</span> <span class='ocrx_word' id='word_1_213' title='bbox 1615 2439 1657 2535; x_wconf 82' lang='lat' dir='ltr'>cst</span> <span class='ocrx_word' id='word_1_214' title='bbox 1681 2461 1725 2509; x_wconf 81' lang='lat' dir='ltr'>ex</span> <span class='ocrx_word' id='word_1_215' title='bbox 1742 2435 1873 2509; x_wconf 84' lang='lat' dir='ltr'>illorum</span> <span class='ocrx_word' id='word_1_216' title='bbox 1897 2452 2033 2531; x_wconf 76' lang='lat' dir='ltr'>genere,</span> <span class='ocrx_word' id='word_1_217' title='bbox 2057 2436 2093 2509; x_wconf 83' lang='lat' dir='ltr'>in</span> <span class='ocrx_word' id='word_1_218' title='bbox 2109 2430 2164 2531; x_wconf 83' lang='lat' dir='ltr'>qai·</span> 
     </span>
     <span class='ocr_line' id='line_1_21' title="bbox 559 2530 2164 2634; baseline -0.006 -24"><span class='ocrx_word' id='word_1_219' title='bbox 559 2548 624 2611; x_wconf 78' lang='lat' dir='ltr'>tem</span> <span class='ocrx_word' id='word_1_220' title='bbox 642 2536 736 2634; x_wconf 80' lang='lat' dir='ltr'>filiis</span> <span class='ocrx_word' id='word_1_221' title='bbox 759 2535 852 2609; x_wconf 74' lang='lat' dir='ltr'>dedic</span> <span class='ocrx_word' id='word_1_222' title='bbox 884 2557 1040 2619; x_wconf 71' lang='lat' dir='ltr'>anunm,</span> <span class='ocrx_word' id='word_1_223' title='bbox 1073 2542 1156 2615; x_wconf 85' lang='lat' dir='ltr'>Gen.</span> <span class='ocrx_word' id='word_1_224' title='bbox 1182 2534 1296 2608; x_wconf 86' lang='lat' dir='ltr'><strong>XXV.</strong></span> <span class='ocrx_word' id='word_1_225' title='bbox 1326 2557 1357 2621; x_wconf 81' lang='lat' dir='ltr'>s.</span> <span class='ocrx_word' id='word_1_226' title='bbox 1385 2533 1444 2608; x_wconf 86' lang='lat' dir='ltr'>bur</span> <span class='ocrx_word' id='word_1_227' title='bbox 1475 2546 1605 2607; x_wconf 79' lang='lat' dir='ltr'>tantum</span> <span class='ocrx_word' id='word_1_228' title='bbox 1626 2531 1730 2629; x_wconf 80' lang='lat' dir='ltr'>senrel</span> <span class='ocrx_word' id='word_1_229' title='bbox 1755 2533 1838 2606; x_wconf 81' lang='lat' dir='ltr'>licet</span> <span class='ocrx_word' id='word_1_230' title='bbox 1861 2557 2011 2630; x_wconf 79' lang='lat' dir='ltr'>peccare.</span> <span class='ocrx_word' id='word_1_231' title='bbox 2062 2530 2164 2607; x_wconf 81' lang='lat' dir='ltr'>Brevis</span> 
     </span>
     <span class='ocr_line' id='line_1_22' title="bbox 561 2627 2163 2799; baseline -0.003 -92"><span class='ocrx_word' id='word_1_232' title='bbox 561 2642 612 2722; x_wconf 90' lang='lat'>4.)</span> <span class='ocrx_word' id='word_1_233' title='bbox 631 2632 877 2730; x_wconf 70' lang='lat' dir='ltr'>Acanficqueate</span> <span class='ocrx_word' id='word_1_234' title='bbox 898 2632 1090 2716; x_wconf 71' lang='lat' dir='ltr'>cananaea,</span> <span class='ocrx_word' id='word_1_235' title='bbox 1115 2636 1206 2799; x_wconf 48' lang='lat' dir='ltr'>quod</span> <span class='ocrx_word' id='word_1_236' title='bbox 1221 2658 1359 2706; x_wconf 88' lang='lat' dir='ltr'>cancer·</span> <span class='ocrx_word' id='word_1_237' title='bbox 1384 2636 1497 2706; x_wconf 80' lang='lat' dir='ltr'>cantio</span> <span class='ocrx_word' id='word_1_238' title='bbox 1514 2638 1557 2732; x_wconf 77' lang='lat' dir='ltr'>cst</span> <span class='ocrx_word' id='word_1_239' title='bbox 1572 2635 1782 2728; x_wconf 79' lang='lat' dir='ltr'>conjugium,</span> <span class='ocrx_word' id='word_1_240' title='bbox 1808 2633 1915 2720; x_wconf 90' lang='lat' dir='ltr'>inquit</span> <span class='ocrx_word' id='word_1_241' title='bbox 1938 2629 2107 2712; x_wconf 80' lang='lat' dir='ltr'>Erasarus,</span> <span class='ocrx_word' id='word_1_242' title='bbox 2115 2627 2163 2727; x_wconf 71' lang='lat' dir='ltr'>sel</span> 
     </span>
     <span class='ocr_line' id='line_1_23' title="bbox 559 2728 2165 2829; baseline -0.001 -25"><span class='ocrx_word' id='word_1_243' title='bbox 559 2736 609 2805; x_wconf 89' lang='lat' dir='ltr'>nit</span> <span class='ocrx_word' id='word_1_244' title='bbox 640 2754 712 2825; x_wconf 84' lang='lat' dir='ltr'>tum</span> <span class='ocrx_word' id='word_1_245' title='bbox 754 2732 1026 2822; x_wconf 74' lang='lat' dir='ltr'>tranquillitatem</span> <span class='ocrx_word' id='word_1_246' title='bbox 1060 2754 1121 2802; x_wconf 85' lang='lat' dir='ltr'>aon</span> <span class='ocrx_word' id='word_1_247' title='bbox 1137 2733 1357 2817; x_wconf 88' lang='lat' dir='ltr'>cientiarum,</span> <span class='ocrx_word' id='word_1_248' title='bbox 1384 2732 1482 2805; x_wconf 80' lang='lat' dir='ltr'>habat</span> <span class='ocrx_word' id='word_1_249' title='bbox 1500 2732 1639 2829; x_wconf 81' lang='lat' dir='ltr'>longum</span> <span class='ocrx_word' id='word_1_250' title='bbox 1658 2732 1883 2828; x_wconf 77' lang='lat' dir='ltr'>epiphonema.</span> <span class='ocrx_word' id='word_1_251' title='bbox 1935 2728 2165 2823; x_wconf 76' lang='lat' dir='ltr'>Prius-ergolt-</span> 
     </span>
     <span class='ocr_line' id='line_1_24' title="bbox 560 2826 2165 2927; baseline -0.003 -24"><span class='ocrx_word' id='word_1_252' title='bbox 560 2852 631 2903; x_wconf 82' lang='lat' dir='ltr'>tum</span> <span class='ocrx_word' id='word_1_253' title='bbox 648 2826 929 2905; x_wconf 74' lang='lat' dir='ltr'>conservationem</span> <span class='ocrx_word' id='word_1_254' title='bbox 946 2827 1156 2901; x_wconf 72' lang='lat' dir='ltr'>familiarum.</span> <span class='ocrx_word' id='word_1_255' title='bbox 1179 2826 1359 2901; x_wconf 90' lang='lat' dir='ltr'>Conscien·</span> <span class='ocrx_word' id='word_1_256' title='bbox 1383 2832 1452 2927; x_wconf 84' lang='lat' dir='ltr'>lige</span> <span class='ocrx_word' id='word_1_257' title='bbox 1472 2857 1571 2919; x_wconf 91' lang='lat' dir='ltr'>quam</span> <span class='ocrx_word' id='word_1_258' title='bbox 1595 2829 1728 2926; x_wconf 78' lang='lat' dir='ltr'>dilige,</span> <span class='ocrx_word' id='word_1_259' title='bbox 1763 2831 1875 2919; x_wconf 81' lang='lat' dir='ltr'>pollet</span> <span class='ocrx_word' id='word_1_260' title='bbox 1903 2852 2050 2916; x_wconf 82' lang='lat' dir='ltr'>namque</span> <span class='ocrx_word' id='word_1_261' title='bbox 2071 2830 2165 2900; x_wconf 77' lang='lat' dir='ltr'>cudha</span> 
     </span>
     <span class='ocr_line' id='line_1_25' title="bbox 560 2917 2163 3029; baseline -0.004 -28"><span class='ocrx_word' id='word_1_262' title='bbox 560 2932 681 3002; x_wconf 83' lang='lat' dir='ltr'>riarum</span> <span class='ocrx_word' id='word_1_263' title='bbox 700 2932 836 3001; x_wconf 89' lang='lat' dir='ltr'>omnino</span> <span class='ocrx_word' id='word_1_264' title='bbox 854 2928 1004 3000; x_wconf 85' lang='lat' dir='ltr'>habenda</span> <span class='ocrx_word' id='word_1_265' title='bbox 1024 2930 1070 2999; x_wconf 83' lang='lat' dir='ltr'>eli</span> <span class='ocrx_word' id='word_1_266' title='bbox 1086 2929 1190 3007; x_wconf 89' lang='lat' dir='ltr'>ratio,</span> <span class='ocrx_word' id='word_1_267' title='bbox 1216 2949 1358 2999; x_wconf 76' lang='lat' dir='ltr'>natran-</span> <span class='ocrx_word' id='word_1_268' title='bbox 1382 2935 1529 3022; x_wconf 80' lang='lat' dir='ltr'>cogeris,</span> <span class='ocrx_word' id='word_1_269' title='bbox 1555 2917 1680 3003; x_wconf 79' lang='lat' dir='ltr'>labeas</span> <span class='ocrx_word' id='word_1_270' title='bbox 1701 2938 1739 3002; x_wconf 77' lang='lat' dir='ltr'>ut</span> <span class='ocrx_word' id='word_1_271' title='bbox 1759 2926 1883 3029; x_wconf 71' lang='lat' dir='ltr'>arallur.</span> <span class='ocrx_word' id='word_1_272' title='bbox 1921 2928 2033 3001; x_wconf 70' lang='lat' dir='ltr'>Semel</span> <span class='ocrx_word' id='word_1_273' title='bbox 2055 2948 2163 2998; x_wconf 88' lang='lat' dir='ltr'>tantum</span> 
     </span>
     <span class='ocr_line' id='line_1_26' title="bbox 559 3022 2164 3117; baseline -0.003 -20"><span class='ocrx_word' id='word_1_274' title='bbox 559 3027 703 3116; x_wconf 85' lang='lat' dir='ltr'>quillitas</span> <span class='ocrx_word' id='word_1_275' title='bbox 722 3052 837 3100; x_wconf 86' lang='lat' dir='ltr'>earum</span> <span class='ocrx_word' id='word_1_276' title='bbox 854 3025 1032 3104; x_wconf 87' lang='lat' dir='ltr'>turbetur,</span> <span class='ocrx_word' id='word_1_277' title='bbox 1056 3034 1091 3099; x_wconf 70' lang='grc' dir='ltr'>δι</span> <span class='ocrx_word' id='word_1_278' title='bbox 1111 3027 1276 3099; x_wconf 82' lang='lat' dir='ltr'>invocatio</span> <span class='ocrx_word' id='word_1_279' title='bbox 1296 3027 1360 3097; x_wconf 89' lang='lat' dir='ltr'>Dei</span> <span class='ocrx_word' id='word_1_280' title='bbox 1385 3028 1438 3100; x_wconf 91' lang='lat' dir='ltr'>hic</span> <span class='ocrx_word' id='word_1_281' title='bbox 1455 3053 1567 3101; x_wconf 85' lang='lat' dir='ltr'>errare</span> <span class='ocrx_word' id='word_1_282' title='bbox 1579 3028 1674 3115; x_wconf 90' lang='lat' dir='ltr'>licet,</span> <span class='ocrx_word' id='word_1_283' title='bbox 1690 3027 1892 3117; x_wconf 77' lang='lat' dir='ltr'>poenitentioe</span> <span class='ocrx_word' id='word_1_284' title='bbox 1904 3027 2114 3112; x_wconf 86' lang='lat' dir='ltr'>postmodum</span> <span class='ocrx_word' id='word_1_285' title='bbox 2128 3022 2164 3093; x_wconf 88' lang='lat' dir='ltr'>lo·</span> 
     </span>
    </p>

    <p class='ocr_par' dir='ltr' id='par_1_6' title="bbox 471 3118 2165 3318">
     <span class='ocr_line' id='line_1_27' title="bbox 471 3118 2165 3216; baseline -0.001 -19"><span class='ocrx_word' id='word_1_286' title='bbox 471 3142 474 3151; x_wconf 87' lang='lat'>&#39;</span> <span class='ocrx_word' id='word_1_287' title='bbox 558 3126 770 3213; x_wconf 79' lang='lat' dir='ltr'>impediatur.</span> <span class='ocrx_word' id='word_1_288' title='bbox 809 3130 863 3195; x_wconf 81' lang='lat' dir='ltr'>-At</span> <span class='ocrx_word' id='word_1_289' title='bbox 886 3122 908 3196; x_wconf 82' lang='lat' dir='ltr'>st</span> <span class='ocrx_word' id='word_1_290' title='bbox 931 3123 1070 3198; x_wconf 82' lang='lat' dir='ltr'>velimus</span> <span class='ocrx_word' id='word_1_291' title='bbox 1095 3124 1224 3209; x_wconf 81' lang='lat' dir='ltr'>dicere,</span> <span class='ocrx_word' id='word_1_292' title='bbox 1251 3118 1361 3195; x_wconf 85' lang='lat' dir='ltr'>neces·</span> <span class='ocrx_word' id='word_1_293' title='bbox 1385 3152 1441 3197; x_wconf 89' lang='lat' dir='ltr'>cos</span> <span class='ocrx_word' id='word_1_294' title='bbox 1461 3152 1529 3197; x_wconf 89' lang='lat' dir='ltr'>non</span> <span class='ocrx_word' id='word_1_295' title='bbox 1548 3131 1654 3201; x_wconf 84' lang='lat' dir='ltr'>datur.</span> <span class='ocrx_word' id='word_1_296' title='bbox 1716 3126 1831 3216; x_wconf 87' lang='lat' dir='ltr'>Quare</span> <span class='ocrx_word' id='word_1_297' title='bbox 1847 3134 1928 3192; x_wconf 83' lang='lat' dir='ltr'>&#39;cum</span> <span class='ocrx_word' id='word_1_298' title='bbox 1950 3122 2086 3211; x_wconf 75' lang='lat' dir='ltr'>societas</span> <span class='ocrx_word' id='word_1_299' title='bbox 2103 3148 2165 3195; x_wconf 82' lang='lat' dir='ltr'>eoa·</span> 
     </span>
     <span class='ocr_line' id='line_1_28' title="bbox 559 3217 2164 3318; baseline 0.001 -27"><span class='ocrx_word' id='word_1_300' title='bbox 559 3217 674 3295; x_wconf 85' lang='lat' dir='ltr'>seciam</span> <span class='ocrx_word' id='word_1_301' title='bbox 694 3219 758 3295; x_wconf 82' lang='lat' dir='ltr'>else</span> <span class='ocrx_word' id='word_1_302' title='bbox 774 3218 956 3294; x_wconf 89' lang='lat' dir='ltr'>absolutam</span> <span class='ocrx_word' id='word_1_303' title='bbox 979 3233 1013 3294; x_wconf 77' lang='grc' dir='ltr'>δι</span> <span class='ocrx_word' id='word_1_304' title='bbox 1034 3218 1276 3291; x_wconf 87' lang='lat' dir='ltr'>arithmeticam</span> <span class='ocrx_word' id='word_1_305' title='bbox 1298 3218 1360 3291; x_wconf 83' lang='lat' dir='ltr'>bo&#39;·</span> <span class='ocrx_word' id='word_1_306' title='bbox 1380 3223 1502 3318; x_wconf 82' lang='lat' dir='ltr'>jugum</span> <span class='ocrx_word' id='word_1_307' title='bbox 1526 3222 1565 3295; x_wconf 83' lang='lat' dir='ltr'>stt</span> <span class='ocrx_word' id='word_1_308' title='bbox 1590 3219 1765 3295; x_wconf 72' lang='lat' dir='ltr'>arctissima</span> <span class='ocrx_word' id='word_1_309' title='bbox 1786 3231 1820 3293; x_wconf 73' lang='lat' dir='ltr'>br</span> <span class='ocrx_word' id='word_1_310' title='bbox 1846 3217 2099 3307; x_wconf 78' lang='lat' dir='ltr'>indissolubilis,</span> <span class='ocrx_word' id='word_1_311' title='bbox 2119 3218 2164 3293; x_wconf 85' lang='lat' dir='ltr'>tii·</span> 
     </span>
    </p>

    <p class='ocr_par' dir='ltr' id='par_1_7' title="bbox 426 3316 2166 3801">
     <span class='ocr_line' id='line_1_29' title="bbox 426 3316 2166 3411; baseline -0.002 -20"><span class='ocrx_word' id='word_1_312' title='bbox 426 3362 428 3369; x_wconf 94' lang='lat'>·</span> <span class='ocrx_word' id='word_1_313' title='bbox 558 3344 678 3392; x_wconf 88' lang='lat' dir='ltr'>norum</span> <span class='ocrx_word' id='word_1_314' title='bbox 703 3323 789 3394; x_wconf 89' lang='lat' dir='ltr'>inter</span> <span class='ocrx_word' id='word_1_315' title='bbox 814 3332 973 3410; x_wconf 81' lang='lat' dir='ltr'>conjuges</span> <span class='ocrx_word' id='word_1_316' title='bbox 998 3317 1239 3404; x_wconf 68' lang='lat' dir='ltr'>equalitatem,</span> <span class='ocrx_word' id='word_1_317' title='bbox 1273 3316 1361 3388; x_wconf 89' lang='lat' dir='ltr'>mul·</span> <span class='ocrx_word' id='word_1_318' title='bbox 1382 3325 1491 3411; x_wconf 78' lang='lat' dir='ltr'>gendo</span> <span class='ocrx_word' id='word_1_319' title='bbox 1509 3323 1555 3393; x_wconf 87' lang='lat' dir='ltr'>est</span> <span class='ocrx_word' id='word_1_320' title='bbox 1575 3348 1632 3401; x_wconf 89' lang='lat' dir='ltr'>ea,</span> <span class='ocrx_word' id='word_1_321' title='bbox 1654 3346 1731 3391; x_wconf 91' lang='lat' dir='ltr'>cum</span> <span class='ocrx_word' id='word_1_322' title='bbox 1753 3342 1817 3408; x_wconf 90' lang='lat' dir='ltr'>qua</span> <span class='ocrx_word' id='word_1_323' title='bbox 1834 3319 2166 3406; x_wconf 67' lang='lat' dir='ltr'>perpetualitialiri·</span> 
     </span>
     <span class='ocr_line' id='line_1_30' title="bbox 558 3410 2165 3507; baseline -0.001 -17"><span class='ocrx_word' id='word_1_324' title='bbox 558 3441 669 3491; x_wconf 88' lang='lat' dir='ltr'>torum</span> <span class='ocrx_word' id='word_1_325' title='bbox 702 3413 905 3490; x_wconf 81' lang='lat' dir='ltr'>conscientie</span> <span class='ocrx_word' id='word_1_326' title='bbox 935 3412 1176 3486; x_wconf 83' lang='lat' dir='ltr'>sauciabantur.</span> <span class='ocrx_word' id='word_1_327' title='bbox 1259 3416 1360 3488; x_wconf 79' lang='lat' dir='ltr'>vidui</span> <span class='ocrx_word' id='word_1_328' title='bbox 1383 3423 1446 3489; x_wconf 91' lang='lat' dir='ltr'>dua</span> <span class='ocrx_word' id='word_1_329' title='bbox 1471 3416 1767 3491; x_wconf 81' lang='lat' dir='ltr'>viraeconsuetudo</span> <span class='ocrx_word' id='word_1_330' title='bbox 1782 3414 1881 3505; x_wconf 82' lang='lat' dir='ltr'>polht</span> <span class='ocrx_word' id='word_1_331' title='bbox 1907 3414 1971 3486; x_wconf 79' lang='lat' dir='ltr'>esse</span> <span class='ocrx_word' id='word_1_332' title='bbox 1989 3410 2165 3507; x_wconf 73' lang='lat' dir='ltr'>jucundiu-</span> 
     </span>
     <span class='ocr_line' id='line_1_31' title="bbox 558 3507 2165 3604; baseline -0.004 -14"><span class='ocrx_word' id='word_1_333' title='bbox 558 3520 647 3590; x_wconf 87' lang='lat' dir='ltr'>enim</span> <span class='ocrx_word' id='word_1_334' title='bbox 663 3519 720 3602; x_wconf 88' lang='lat' dir='ltr'>qui</span> <span class='ocrx_word' id='word_1_335' title='bbox 742 3541 781 3588; x_wconf 88' lang='lat' dir='ltr'>ex</span> <span class='ocrx_word' id='word_1_336' title='bbox 803 3517 915 3604; x_wconf 86' lang='lat' dir='ltr'>priore</span> <span class='ocrx_word' id='word_1_337' title='bbox 935 3515 1092 3602; x_wconf 72' lang='lat' dir='ltr'>conjugio</span> <span class='ocrx_word' id='word_1_338' title='bbox 1117 3511 1238 3584; x_wconf 86' lang='lat' dir='ltr'>liberos</span> <span class='ocrx_word' id='word_1_339' title='bbox 1256 3507 1360 3587; x_wconf 85' lang='lat' dir='ltr'>susce·</span> <span class='ocrx_word' id='word_1_340' title='bbox 1382 3542 1435 3588; x_wconf 89' lang='lat' dir='ltr'>ma</span> <span class='ocrx_word' id='word_1_341' title='bbox 1458 3526 1492 3590; x_wconf 74' lang='lat' dir='ltr'>br</span> <span class='ocrx_word' id='word_1_342' title='bbox 1510 3513 1832 3601; x_wconf 85' lang='lat' dir='ltr'>conuenientisfima,</span> <span class='ocrx_word' id='word_1_343' title='bbox 1856 3539 1893 3587; x_wconf 86' lang='lat' dir='ltr'>ea</span> <span class='ocrx_word' id='word_1_344' title='bbox 1910 3538 1992 3585; x_wconf 85' lang='lat' dir='ltr'>vero</span> <span class='ocrx_word' id='word_1_345' title='bbox 2015 3512 2086 3603; x_wconf 80' lang='lat' dir='ltr'>eo‘,</span> <span class='ocrx_word' id='word_1_346' title='bbox 2108 3537 2165 3604; x_wconf 81' lang='lat' dir='ltr'>que</span> 
     </span>
     <span class='ocr_line' id='line_1_32' title="bbox 556 3606 2165 3704; baseline -0.002 -18"><span class='ocrx_word' id='word_1_347' title='bbox 556 3637 696 3704; x_wconf 86' lang='lat' dir='ltr'>perum,</span> <span class='ocrx_word' id='word_1_348' title='bbox 721 3637 833 3685; x_wconf 89' lang='lat' dir='ltr'>amore</span> <span class='ocrx_word' id='word_1_349' title='bbox 852 3610 985 3680; x_wconf 88' lang='lat' dir='ltr'>illarum</span> <span class='ocrx_word' id='word_1_350' title='bbox 1005 3608 1221 3681; x_wconf 84' lang='lat' dir='ltr'>liberoruma</span> <span class='ocrx_word' id='word_1_351' title='bbox 1244 3606 1357 3684; x_wconf 86' lang='lat' dir='ltr'>secun·</span> <span class='ocrx_word' id='word_1_352' title='bbox 1381 3639 1468 3687; x_wconf 75' lang='lat' dir='ltr'>vera</span> <span class='ocrx_word' id='word_1_353' title='bbox 1491 3613 1661 3704; x_wconf 79' lang='lat' dir='ltr'>religionis</span> <span class='ocrx_word' id='word_1_354' title='bbox 1688 3611 1904 3703; x_wconf 69' lang='lat' dir='ltr'>professione,</span> <span class='ocrx_word' id='word_1_355' title='bbox 1926 3615 2090 3702; x_wconf 75' lang='lat' dir='ltr'>generis,</span> <span class='ocrx_word' id='word_1_356' title='bbox 2109 3634 2165 3685; x_wconf 80' lang='lat' dir='ltr'>mo·</span> 
     </span>
     <span class='ocr_line' id='line_1_33' title="bbox 558 3708 2166 3801; baseline 0.001 -19"><span class='ocrx_word' id='word_1_357' title='bbox 558 3715 607 3782; x_wconf 88' lang='lat' dir='ltr'>dis</span> <span class='ocrx_word' id='word_1_358' title='bbox 627 3713 751 3801; x_wconf 85' lang='lat' dir='ltr'>nuptiis</span> <span class='ocrx_word' id='word_1_359' title='bbox 764 3708 991 3787; x_wconf 75' lang='lat' dir='ltr'>abstinebunt,</span> <span class='ocrx_word' id='word_1_360' title='bbox 1013 3729 1129 3796; x_wconf 85' lang='lat' dir='ltr'>utpote</span> <span class='ocrx_word' id='word_1_361' title='bbox 1147 3710 1300 3794; x_wconf 75' lang='lat' dir='ltr'>reveriti,</span> <span class='ocrx_word' id='word_1_362' title='bbox 1315 3735 1357 3781; x_wconf 82' lang='lat' dir='ltr'>ae</span> <span class='ocrx_word' id='word_1_363' title='bbox 1381 3737 1455 3785; x_wconf 87' lang='lat' dir='ltr'>rum</span> <span class='ocrx_word' id='word_1_364' title='bbox 1472 3737 1508 3783; x_wconf 89' lang='lat' dir='ltr'>ac</span> <span class='ocrx_word' id='word_1_365' title='bbox 1527 3710 1721 3783; x_wconf 88' lang='lat' dir='ltr'>facultatum</span> <span class='ocrx_word' id='word_1_366' title='bbox 1743 3713 1932 3782; x_wconf 84' lang='lat' dir='ltr'>conditione</span> <span class='ocrx_word' id='word_1_367' title='bbox 1952 3735 2055 3796; x_wconf 89' lang='lat' dir='ltr'>quam</span> <span class='ocrx_word' id='word_1_368' title='bbox 2074 3708 2166 3799; x_wconf 81' lang='lat' dir='ltr'>proxi·</span> 
     </span>
    </p>

    <p class='ocr_par' dir='ltr' id='par_1_8' title="bbox 419 3803 2166 3905">
     <span class='ocr_line' id='line_1_34' title="bbox 419 3803 2166 3905; baseline -0.002 -24"><span class='ocrx_word' id='word_1_369' title='bbox 419 3874 421 3881; x_wconf 30' lang='grc' dir='ltr'>ι</span> <span class='ocrx_word' id='word_1_370' title='bbox 558 3811 734 3896; x_wconf 86' lang='lat' dir='ltr'>honajure</span> <span class='ocrx_word' id='word_1_371' title='bbox 755 3827 878 3878; x_wconf 75' lang='lat' dir='ltr'>natura</span> <span class='ocrx_word' id='word_1_372' title='bbox 897 3804 971 3892; x_wconf 82' lang='lat' dir='ltr'>ipsis</span> <span class='ocrx_word' id='word_1_373' title='bbox 991 3803 1357 3879; x_wconf 81' lang='lat' dir='ltr'>debitaanoeercasu-</span> <span class='ocrx_word' id='word_1_374' title='bbox 1382 3835 1436 3880; x_wconf 85' lang='lat' dir='ltr'>me</span> <span class='ocrx_word' id='word_1_375' title='bbox 1455 3814 1569 3880; x_wconf 88' lang='lat' dir='ltr'>adoos</span> <span class='ocrx_word' id='word_1_376' title='bbox 1590 3813 1727 3881; x_wconf 86' lang='lat' dir='ltr'>accedit.</span> <span class='ocrx_word' id='word_1_377' title='bbox 1792 3806 1943 3879; x_wconf 85' lang='lat' dir='ltr'>Multum</span> <span class='ocrx_word' id='word_1_378' title='bbox 1964 3809 2097 3881; x_wconf 87' lang='lat' dir='ltr'>decedit</span> <span class='ocrx_word' id='word_1_379' title='bbox 2110 3807 2166 3905; x_wconf 77' lang='lat' dir='ltr'>pie·</span> 
     </span>
    </p>

    <p class='ocr_par' dir='ltr' id='par_1_9' title="bbox 516 3903 2165 4780">
     <span class='ocr_line' id='line_1_35' title="bbox 516 3903 2164 4000; baseline 0.001 -22"><span class='ocrx_word' id='word_1_380' title='bbox 516 3903 518 3907; x_wconf 64' lang='grc'><strong>’</strong></span> <span class='ocrx_word' id='word_1_381' title='bbox 558 3909 754 4000; x_wconf 71' lang='lat' dir='ltr'>perindusta</span> <span class='ocrx_word' id='word_1_382' title='bbox 780 3907 1043 3992; x_wconf 75' lang='lat' dir='ltr'>praeripiantur,</span> <span class='ocrx_word' id='word_1_383' title='bbox 1080 3928 1222 3991; x_wconf 87' lang='lat' dir='ltr'>cumque</span> <span class='ocrx_word' id='word_1_384' title='bbox 1250 3909 1355 3975; x_wconf 89' lang='lat' dir='ltr'>conti·</span> <span class='ocrx_word' id='word_1_385' title='bbox 1382 3909 1464 3985; x_wconf 76' lang='lat' dir='ltr'>tati.</span> <span class='ocrx_word' id='word_1_386' title='bbox 1491 3906 1605 3978; x_wconf 87' lang='lat' dir='ltr'>srcum</span> <span class='ocrx_word' id='word_1_387' title='bbox 1620 3904 1755 3980; x_wconf 77' lang='lat' dir='ltr'>diverse</span> <span class='ocrx_word' id='word_1_388' title='bbox 1768 3908 1937 3996; x_wconf 80' lang='lat' dir='ltr'>religionis</span> <span class='ocrx_word' id='word_1_389' title='bbox 1952 3914 2164 3999; x_wconf 69' lang='lat' dir='ltr'>conjugem!-</span> 
     </span>
     <span class='ocr_line' id='line_1_36' title="bbox 558 3999 2164 4093; baseline -0.002 -16"><span class='ocrx_word' id='word_1_390' title='bbox 558 4007 677 4079; x_wconf 81' lang='lat' dir='ltr'>uentiae</span> <span class='ocrx_word' id='word_1_391' title='bbox 697 4006 785 4074; x_wconf 88' lang='lat' dir='ltr'>dono</span> <span class='ocrx_word' id='word_1_392' title='bbox 811 4004 959 4072; x_wconf 70' lang='lat' dir='ltr'>inuram</span> <span class='ocrx_word' id='word_1_393' title='bbox 981 4026 1048 4072; x_wconf 89' lang='lat' dir='ltr'>oon</span> <span class='ocrx_word' id='word_1_394' title='bbox 1075 3999 1160 4087; x_wconf 74' lang='lat' dir='ltr'>sint,</span> <span class='ocrx_word' id='word_1_395' title='bbox 1188 4003 1358 4093; x_wconf 81' lang='lat' dir='ltr'>perpetuis</span> <span class='ocrx_word' id='word_1_396' title='bbox 1381 4008 1578 4077; x_wconf 83' lang='lat' dir='ltr'>trimouium</span> <span class='ocrx_word' id='word_1_397' title='bbox 1600 4007 1750 4086; x_wconf 79' lang='lat' dir='ltr'>ineatut3</span> <span class='ocrx_word' id='word_1_398' title='bbox 1780 4006 1923 4075; x_wconf 89' lang='lat' dir='ltr'>multum</span> <span class='ocrx_word' id='word_1_399' title='bbox 1946 4006 2079 4076; x_wconf 84' lang='lat' dir='ltr'>decedit</span> <span class='ocrx_word' id='word_1_400' title='bbox 2102 4026 2164 4075; x_wconf 84' lang='lat' dir='ltr'>ton·</span> 
     </span>
     <span class='ocr_line' id='line_1_37' title="bbox 558 4095 2163 4199; baseline -0.003 -24"><span class='ocrx_word' id='word_1_401' title='bbox 558 4106 721 4175; x_wconf 85' lang='lat' dir='ltr'>usiionum</span> <span class='ocrx_word' id='word_1_402' title='bbox 747 4099 886 4171; x_wconf 87' lang='lat' dir='ltr'>flammis</span> <span class='ocrx_word' id='word_1_403' title='bbox 909 4097 1170 4186; x_wconf 88' lang='lat' dir='ltr'>torquebuntur,</span> <span class='ocrx_word' id='word_1_404' title='bbox 1195 4096 1249 4169; x_wconf 79' lang='lat' dir='ltr'>vel</span> <span class='ocrx_word' id='word_1_405' title='bbox 1270 4095 1358 4170; x_wconf 89' lang='lat' dir='ltr'>scor·</span> <span class='ocrx_word' id='word_1_406' title='bbox 1382 4106 1501 4173; x_wconf 75' lang='lat' dir='ltr'>cordia</span> <span class='ocrx_word' id='word_1_407' title='bbox 1521 4113 1555 4177; x_wconf 88' lang='lat'>&amp;</span> <span class='ocrx_word' id='word_1_408' title='bbox 1564 4100 1792 4199; x_wconf 76' lang='lat' dir='ltr'>ficuuitali‚⁰li</span> <span class='ocrx_word' id='word_1_409' title='bbox 1809 4124 1951 4191; x_wconf 83' lang='lat' dir='ltr'>genere,</span> <span class='ocrx_word' id='word_1_410' title='bbox 1968 4101 2163 4189; x_wconf 18' lang='lat' dir='ltr'>&#39;moribuaac</span> 
     </span>
     <span class='ocr_line' id='line_1_38' title="bbox 559 4194 2163 4295; baseline -0.002 -22"><span class='ocrx_word' id='word_1_411' title='bbox 559 4203 689 4274; x_wconf 87' lang='lat' dir='ltr'>tationis</span> <span class='ocrx_word' id='word_1_412' title='bbox 705 4198 828 4286; x_wconf 82' lang='lat' dir='ltr'>laqueis</span> <span class='ocrx_word' id='word_1_413' title='bbox 847 4222 922 4268; x_wconf 86' lang='lat' dir='ltr'>cum</span> <span class='ocrx_word' id='word_1_414' title='bbox 939 4194 1141 4268; x_wconf 73' lang='lat' dir='ltr'>conscientia</span> <span class='ocrx_word' id='word_1_415' title='bbox 1157 4194 1293 4268; x_wconf 90' lang='lat' dir='ltr'>vulnere</span> <span class='ocrx_word' id='word_1_416' title='bbox 1310 4203 1357 4269; x_wconf 86' lang='lat' dir='ltr'>in·</span> <span class='ocrx_word' id='word_1_417' title='bbox 1382 4198 1522 4271; x_wconf 86' lang='lat' dir='ltr'>fortunis</span> <span class='ocrx_word' id='word_1_418' title='bbox 1536 4206 1669 4289; x_wconf 81' lang='lat' dir='ltr'>penitus</span> <span class='ocrx_word' id='word_1_419' title='bbox 1684 4200 1843 4274; x_wconf 73' lang='lat' dir='ltr'>dissimilis</span> <span class='ocrx_word' id='word_1_420' title='bbox 1859 4202 1894 4269; x_wconf 91' lang='lat' dir='ltr'>in</span> <span class='ocrx_word' id='word_1_421' title='bbox 1909 4199 2104 4295; x_wconf 81' lang='lat' dir='ltr'>conjugium</span> <span class='ocrx_word' id='word_1_422' title='bbox 2118 4202 2163 4271; x_wconf 85' lang='lat' dir='ltr'>ad-</span> 
     </span>
     <span class='ocr_line' id='line_1_39' title="bbox 557 4290 2163 4383; baseline -0.003 -11"><span class='ocrx_word' id='word_1_423' title='bbox 557 4298 754 4380; x_wconf 82' lang='lat' dir='ltr'>volventur,</span> <span class='ocrx_word' id='word_1_424' title='bbox 781 4296 833 4368; x_wconf 83' lang='lat' dir='ltr'>cui</span> <span class='ocrx_word' id='word_1_425' title='bbox 855 4293 941 4367; x_wconf 81' lang='lat' dir='ltr'>malo</span> <span class='ocrx_word' id='word_1_426' title='bbox 964 4293 1097 4367; x_wconf 82' lang='lat' dir='ltr'>obviam</span> <span class='ocrx_word' id='word_1_427' title='bbox 1123 4296 1163 4365; x_wconf 88' lang='lat' dir='ltr'>iti</span> <span class='ocrx_word' id='word_1_428' title='bbox 1188 4298 1311 4382; x_wconf 84' lang='lat' dir='ltr'>potest,</span> <span class='ocrx_word' id='word_1_429' title='bbox 1335 4296 1359 4367; x_wconf 83' lang='lat' dir='ltr'>st</span> <span class='ocrx_word' id='word_1_430' title='bbox 1383 4295 1545 4371; x_wconf 88' lang='lat' dir='ltr'>sciscatur.</span> <span class='ocrx_word' id='word_1_431' title='bbox 1608 4306 1682 4371; x_wconf 86' lang='lat' dir='ltr'>Nec</span> <span class='ocrx_word' id='word_1_432' title='bbox 1704 4324 1813 4371; x_wconf 90' lang='lat' dir='ltr'>tamen</span> <span class='ocrx_word' id='word_1_433' title='bbox 1837 4295 2101 4383; x_wconf 78' lang='lat' dir='ltr'>arithmeticum,</span> <span class='ocrx_word' id='word_1_434' title='bbox 2120 4290 2163 4367; x_wconf 81' lang='lat' dir='ltr'>sel</span> 
     </span>
     <span class='ocr_line' id='line_1_40' title="bbox 561 4393 2164 4493; baseline -0.003 -23"><span class='ocrx_word' id='word_1_435' title='bbox 561 4402 641 4471; x_wconf 85' lang='lat' dir='ltr'>citra</span> <span class='ocrx_word' id='word_1_436' title='bbox 660 4397 841 4484; x_wconf 82' lang='lat' dir='ltr'>plenariam</span> <span class='ocrx_word' id='word_1_437' title='bbox 856 4395 1003 4465; x_wconf 88' lang='lat' dir='ltr'>omnium</span> <span class='ocrx_word' id='word_1_438' title='bbox 1027 4393 1191 4463; x_wconf 86' lang='lat' dir='ltr'>bonorum</span> <span class='ocrx_word' id='word_1_439' title='bbox 1209 4418 1283 4463; x_wconf 91' lang='lat' dir='ltr'>cum</span> <span class='ocrx_word' id='word_1_440' title='bbox 1299 4418 1358 4468; x_wconf 91' lang='lat' dir='ltr'>no·</span> <span class='ocrx_word' id='word_1_441' title='bbox 1381 4399 1616 4493; x_wconf 77' lang='lat' dir='ltr'>geomebicnnr</span> <span class='ocrx_word' id='word_1_442' title='bbox 1638 4398 1880 4486; x_wconf 68' lang='lat' dir='ltr'>equalitatem,</span> <span class='ocrx_word' id='word_1_443' title='bbox 1906 4394 1980 4481; x_wconf 86' lang='lat' dir='ltr'>vel,</span> <span class='ocrx_word' id='word_1_444' title='bbox 1999 4421 2036 4468; x_wconf 91' lang='lat' dir='ltr'>ut</span> <span class='ocrx_word' id='word_1_445' title='bbox 2051 4398 2112 4470; x_wconf 81' lang='lat' dir='ltr'>alii</span> <span class='ocrx_word' id='word_1_446' title='bbox 2127 4393 2164 4465; x_wconf 80' lang='lat' dir='ltr'>lo·</span> 
     </span>
     <span class='ocr_line' id='line_1_41' title="bbox 560 4489 2163 4585; baseline -0.004 -17"><span class='ocrx_word' id='word_1_447' title='bbox 560 4523 601 4568; x_wconf 79' lang='lat' dir='ltr'>ua</span> <span class='ocrx_word' id='word_1_448' title='bbox 632 4503 775 4584; x_wconf 83' lang='lat' dir='ltr'>conjuge</span> <span class='ocrx_word' id='word_1_449' title='bbox 803 4494 1134 4563; x_wconf 83' lang='lat' dir='ltr'>communicationem</span> <span class='ocrx_word' id='word_1_450' title='bbox 1159 4489 1293 4562; x_wconf 77' lang='lat' dir='ltr'>libertae</span> <span class='ocrx_word' id='word_1_451' title='bbox 1317 4497 1357 4567; x_wconf 87' lang='lat' dir='ltr'>ad</span> <span class='ocrx_word' id='word_1_452' title='bbox 1383 4520 1554 4584; x_wconf 66' lang='lat' dir='ltr'>quietatur,</span> <span class='ocrx_word' id='word_1_453' title='bbox 1579 4500 1832 4585; x_wconf 71' lang='lat' dir='ltr'>proportionem</span> <span class='ocrx_word' id='word_1_454' title='bbox 1849 4494 2005 4567; x_wconf 79' lang='lat' dir='ltr'>muscam</span> <span class='ocrx_word' id='word_1_455' title='bbox 2021 4500 2057 4567; x_wconf 91' lang='lat' dir='ltr'>in</span> <span class='ocrx_word' id='word_1_456' title='bbox 2078 4514 2163 4568; x_wconf 76' lang='lat' dir='ltr'>eruet·</span> 
     </span>
     <span class='ocr_line' id='line_1_42' title="bbox 559 4584 2164 4682; baseline -0.002 -19"><span class='ocrx_word' id='word_1_457' title='bbox 559 4590 700 4666; x_wconf 82' lang='lat' dir='ltr'>secunda</span> <span class='ocrx_word' id='word_1_458' title='bbox 733 4613 807 4661; x_wconf 84' lang='lat' dir='ltr'>vota</span> <span class='ocrx_word' id='word_1_459' title='bbox 834 4589 1019 4660; x_wconf 82' lang='lat' dir='ltr'>transeundi</span> <span class='ocrx_word' id='word_1_460' title='bbox 1044 4587 1120 4676; x_wconf 79' lang='lat' dir='ltr'>ipfis</span> <span class='ocrx_word' id='word_1_461' title='bbox 1140 4593 1356 4677; x_wconf 84' lang='lat' dir='ltr'>permittitur.</span> <span class='ocrx_word' id='word_1_462' title='bbox 1383 4619 1502 4665; x_wconf 90' lang='lat' dir='ltr'>norum</span> <span class='ocrx_word' id='word_1_463' title='bbox 1525 4593 1691 4664; x_wconf 88' lang='lat' dir='ltr'>bonorum</span> <span class='ocrx_word' id='word_1_464' title='bbox 1717 4594 1946 4665; x_wconf 85' lang='lat' dir='ltr'>convenientia</span> <span class='ocrx_word' id='word_1_465' title='bbox 1964 4592 2020 4664; x_wconf 91' lang='lat' dir='ltr'>hic</span> <span class='ocrx_word' id='word_1_466' title='bbox 2041 4584 2164 4682; x_wconf 89' lang='lat' dir='ltr'>requiri·</span> 
     </span>
     <span class='ocr_line' id='line_1_43' title="bbox 556 4682 2165 4780; baseline -0.002 -18"><span class='ocrx_word' id='word_1_467' title='bbox 556 4692 617 4762; x_wconf 78' lang='lat' dir='ltr'>Sod</span> <span class='ocrx_word' id='word_1_468' title='bbox 631 4701 664 4761; x_wconf 76' lang='grc' dir='ltr'>δι</span> <span class='ocrx_word' id='word_1_469' title='bbox 684 4687 883 4759; x_wconf 83' lang='lat' dir='ltr'>familiarum</span> <span class='ocrx_word' id='word_1_470' title='bbox 905 4682 1107 4758; x_wconf 83' lang='lat' dir='ltr'>conservatio</span> <span class='ocrx_word' id='word_1_471' title='bbox 1120 4688 1289 4756; x_wconf 88' lang='lat' dir='ltr'>interdum</span> <span class='ocrx_word' id='word_1_472' title='bbox 1308 4713 1360 4760; x_wconf 88' lang='lat' dir='ltr'>re·</span> <span class='ocrx_word' id='word_1_473' title='bbox 1384 4716 1481 4772; x_wconf 93' lang='lat' dir='ltr'>mus,</span> <span class='ocrx_word' id='word_1_474' title='bbox 1520 4688 1602 4780; x_wconf 78' lang='lat' dir='ltr'>sape</span> <span class='ocrx_word' id='word_1_475' title='bbox 1630 4695 1717 4764; x_wconf 87' lang='lat' dir='ltr'>enim</span> <span class='ocrx_word' id='word_1_476' title='bbox 1746 4695 1835 4778; x_wconf 89' lang='lat' dir='ltr'>quod</span> <span class='ocrx_word' id='word_1_477' title='bbox 1859 4693 1946 4780; x_wconf 89' lang='lat' dir='ltr'>parti</span> <span class='ocrx_word' id='word_1_478' title='bbox 1972 4692 2033 4762; x_wconf 88' lang='lat' dir='ltr'>uni</span> <span class='ocrx_word' id='word_1_479' title='bbox 2055 4685 2165 4764; x_wconf 83' lang='lat' dir='ltr'>decedit</span> 
     </span>
    </p>

    <p class='ocr_par' dir='ltr' id='par_1_10' title="bbox 374 4782 2208 5175">
     <span class='ocr_line' id='line_1_44' title="bbox 374 4782 2208 4881; baseline 0.001 -28"><span class='ocrx_word' id='word_1_480' title='bbox 374 4844 376 4853; x_wconf 93' lang='lat'>.</span> <span class='ocrx_word' id='word_1_481' title='bbox 485 4846 488 4851; x_wconf 95' lang='lat'>.</span> <span class='ocrx_word' id='word_1_482' title='bbox 557 4788 682 4874; x_wconf 88' lang='lat' dir='ltr'>quirit,</span> <span class='ocrx_word' id='word_1_483' title='bbox 707 4807 743 4856; x_wconf 92' lang='lat' dir='ltr'>ut</span> <span class='ocrx_word' id='word_1_484' title='bbox 767 4787 992 4877; x_wconf 81' lang='lat' dir='ltr'>primogenito</span> <span class='ocrx_word' id='word_1_485' title='bbox 1013 4809 1050 4856; x_wconf 87' lang='lat' dir='ltr'>ac</span> <span class='ocrx_word' id='word_1_486' title='bbox 1075 4782 1187 4856; x_wconf 87' lang='lat' dir='ltr'>liberis</span> <span class='ocrx_word' id='word_1_487' title='bbox 1208 4810 1227 4855; x_wconf 89' lang='lat' dir='ltr'>e</span> <span class='ocrx_word' id='word_1_488' title='bbox 1246 4790 1361 4871; x_wconf 86' lang='lat' dir='ltr'>priore</span> <span class='ocrx_word' id='word_1_489' title='bbox 1385 4790 1513 4859; x_wconf 87' lang='lat' dir='ltr'>ratione</span> <span class='ocrx_word' id='word_1_490' title='bbox 1542 4792 1673 4881; x_wconf 83' lang='lat' dir='ltr'>generis</span> <span class='ocrx_word' id='word_1_491' title='bbox 1704 4799 1738 4862; x_wconf 73' lang='lat' dir='ltr'>or</span> <span class='ocrx_word' id='word_1_492' title='bbox 1765 4788 1986 4867; x_wconf 85' lang='lat' dir='ltr'>facultatum.</span> <span class='ocrx_word' id='word_1_493' title='bbox 2016 4788 2058 4863; x_wconf 85' lang='lat' dir='ltr'>ab</span> <span class='ocrx_word' id='word_1_494' title='bbox 2081 4788 2166 4861; x_wconf 82' lang='lat' dir='ltr'>altere</span> <span class='ocrx_word' id='word_1_495' title='bbox 2206 4836 2208 4845; x_wconf 81' lang='lat'>·</span> 
     </span>
     <span class='ocr_line' id='line_1_45' title="bbox 482 4880 2165 4980; baseline -0.001 -24"><span class='ocrx_word' id='word_1_496' title='bbox 482 4964 486 4971; x_wconf 25' lang='lat'><strong>¹</strong></span> <span class='ocrx_word' id='word_1_497' title='bbox 557 4887 769 4956; x_wconf 87' lang='lat' dir='ltr'>matrimonio</span> <span class='ocrx_word' id='word_1_498' title='bbox 793 4880 947 4969; x_wconf 80' lang='lat' dir='ltr'>susceptis</span> <span class='ocrx_word' id='word_1_499' title='bbox 973 4882 1080 4980; x_wconf 85' lang='lat' dir='ltr'>major</span> <span class='ocrx_word' id='word_1_500' title='bbox 1100 4882 1265 4953; x_wconf 87' lang='lat' dir='ltr'>bonarum</span> <span class='ocrx_word' id='word_1_501' title='bbox 1285 4908 1363 4971; x_wconf 83' lang='lat' dir='ltr'>pars</span> <span class='ocrx_word' id='word_1_502' title='bbox 1387 4885 1616 4974; x_wconf 88' lang='lat' dir='ltr'>compensatur</span> <span class='ocrx_word' id='word_1_503' title='bbox 1642 4883 1792 4976; x_wconf 68' lang='lat' dir='ltr'>respectu</span> <span class='ocrx_word' id='word_1_504' title='bbox 1820 4890 2015 4958; x_wconf 85' lang='lat' dir='ltr'>eruditionis</span> <span class='ocrx_word' id='word_1_505' title='bbox 2050 4913 2088 4961; x_wconf 88' lang='lat' dir='ltr'>ac</span> <span class='ocrx_word' id='word_1_506' title='bbox 2119 4884 2165 4956; x_wconf 89' lang='lat' dir='ltr'>ho·</span> 
     </span>
     <span class='ocr_line' id='line_1_46' title="bbox 557 4978 2168 5077; baseline 0.001 -22"><span class='ocrx_word' id='word_1_507' title='bbox 557 4989 592 5055; x_wconf 90' lang='lat' dir='ltr'>in</span> <span class='ocrx_word' id='word_1_508' title='bbox 609 4981 798 5053; x_wconf 83' lang='lat' dir='ltr'>hereditatis</span> <span class='ocrx_word' id='word_1_509' title='bbox 811 4978 1251 5071; x_wconf 77' lang='lat' dir='ltr'>distributioneadlignetuc,</span> <span class='ocrx_word' id='word_1_510' title='bbox 1265 5006 1362 5068; x_wconf 90' lang='lat' dir='ltr'>quam</span> <span class='ocrx_word' id='word_1_511' title='bbox 1388 5008 1525 5064; x_wconf 86' lang='lat' dir='ltr'>norum,</span> <span class='ocrx_word' id='word_1_512' title='bbox 1542 4996 1606 5059; x_wconf 68' lang='lat' dir='ltr'>ecc.</span> <span class='ocrx_word' id='word_1_513' title='bbox 1631 4990 1671 5063; x_wconf 83' lang='lat' dir='ltr'>cle</span> <span class='ocrx_word' id='word_1_514' title='bbox 1691 5004 1755 5071; x_wconf 88' lang='lat' dir='ltr'>qua</span> <span class='ocrx_word' id='word_1_515' title='bbox 1771 4982 2039 5073; x_wconf 83' lang='lat' dir='ltr'>compensatione</span> <span class='ocrx_word' id='word_1_516' title='bbox 2050 4986 2168 5077; x_wconf 76' lang='lat' dir='ltr'>elegea·</span> 
     </span>
     <span class='ocr_line' id='line_1_47' title="bbox 557 5078 2168 5175; baseline 0.001 -21"><span class='ocrx_word' id='word_1_517' title='bbox 557 5081 669 5155; x_wconf 87' lang='lat' dir='ltr'>liberis</span> <span class='ocrx_word' id='word_1_518' title='bbox 687 5080 844 5171; x_wconf 85' lang='lat' dir='ltr'>reliquis,</span> <span class='ocrx_word' id='word_1_519' title='bbox 864 5079 936 5174; x_wconf 79' lang='lat' dir='ltr'>jam</span> <span class='ocrx_word' id='word_1_520' title='bbox 955 5104 1034 5152; x_wconf 81' lang='lat' dir='ltr'>raro</span> <span class='ocrx_word' id='word_1_521' title='bbox 1051 5078 1243 5170; x_wconf 72' lang='lat' dir='ltr'>reipublice</span> <span class='ocrx_word' id='word_1_522' title='bbox 1261 5084 1365 5155; x_wconf 85' lang='lat' dir='ltr'>inter·</span> <span class='ocrx_word' id='word_1_523' title='bbox 1388 5102 1438 5155; x_wconf 85' lang='lat' dir='ltr'>tec</span> <span class='ocrx_word' id='word_1_524' title='bbox 1460 5080 1584 5157; x_wconf 85' lang='lat' dir='ltr'>disserit</span> <span class='ocrx_word' id='word_1_525' title='bbox 1600 5084 1772 5159; x_wconf 77' lang='lat' dir='ltr'>hibericos</span> <span class='ocrx_word' id='word_1_526' title='bbox 1794 5083 1933 5175; x_wconf 75' lang='lat' dir='ltr'>Gracilis</span> <span class='ocrx_word' id='word_1_527' title='bbox 1951 5083 2011 5159; x_wconf 84' lang='lat' dir='ltr'>lib.</span> <span class='ocrx_word' id='word_1_528' title='bbox 2028 5080 2093 5157; x_wconf 91' lang='lat' dir='ltr'>lV.</span> <span class='ocrx_word' id='word_1_529' title='bbox 2110 5102 2168 5169; x_wconf 73' lang='lat' dir='ltr'>cap</span> 
     </span>
    </p>
   </div>
   <div class='ocr_carea' id='block_1_3' title="bbox 2090 5170 2170 5260">
    <p class='ocr_par' dir='ltr' id='par_1_11' title="bbox 2090 5170 2170 5260">
     <span class='ocr_line' id='line_1_48' title="bbox 2090 5170 2170 5260; baseline -0.188 0"><span class='ocrx_word' id='word_1_530' title='bbox 2090 5170 2170 5260; x_wconf 80' lang='lat' dir='ltr'>Xlll.</span> 
     </span>
    </p>
   </div>
   <div class='ocr_carea' id='block_1_4' title="bbox 0 0 2453 5984">
    <p class='ocr_par' dir='ltr' id='par_1_12' title="bbox 0 0 2453 5984">
     <span class='ocr_line' id='line_1_49' title="bbox 0 0 2453 5984; baseline 0 0"><span class='ocrx_word' id='word_1_531' title='bbox 0 0 2453 5984; x_wconf 95' lang='lat' dir='ltr'> </span> 
     </span>
    </p>
   </div>
  </div>
 </body>
</html>
