4884 5984
367 525 437 620 art
487 583 493 592 .
592 607 597 616 ,
640 521 1015 624 noers-xxti.
1066 466 1859 630 carnia„aper:¹11,34ffl,:15:3„

360 719 477 894 sprot?⁴
530 728 579 798 lta
614 724 757 794 llatuunt
785 721 940 814 Klingius
973 723 1008 792 in
1037 714 1427 822 tantummodum,
1460 717 1519 806 qui
1550 713 1697 789 versetur
1725 717 1814 792 circa
1837 716 2050 794 accidentalia

251 861 254 866 ·
371 850 455 898 cau.
476 821 622 894 matrim.
644 847 672 892 c.
693 826 734 893 de
756 846 873 895 errore
890 818 1006 910 qualit.
1057 811 1199 892 Wesen·
1223 819 1447 897 matrimoniit
1476 811 1530 888 sed
1556 813 1576 886 fi
1602 841 1674 888 rem
1697 819 1809 888 erasto
1832 816 1974 900 uelimus
1995 843 2050 890 ex·

371 923 482 994 becius
509 923 544 991 in
565 943 671 1008 parat.
692 922 734 993 de
754 924 820 992 ritu
840 943 936 1012 nupt.
962 945 996 992 n.
1022 928 1079 998 18.
1128 921 1198 987 To·
1222 917 1390 1006 pendere,
1428 916 1474 985 est
1495 915 1604 1004 potius
1621 914 1694 986 talis
1714 939 1833 999 error,
1864 918 1921 1002 qui
1943 909 2050 992 versa·

371 1016 499 1094 losanus
521 1015 578 1090 lib.
598 1015 659 1092 lX.
682 1015 844 1110 syntagm.
860 1043 890 1093 c.
908 1017 951 1090 ll.
968 1044 1003 1092 n.
1015 1039 1050 1106 4.
1094 1023 1197 1090 Bron-
1224 1037 1280 1086 tur
1297 1017 1384 1084 circa
1403 1011 1526 1102 aliquid
1547 1017 1588 1084 ad
1611 1009 1713 1102 ipsa'm
1738 1016 1888 1114 conjugii
1909 1010 2050 1088 substan·

371 1117 532 1192 cborllius
552 1140 639 1189 cent.
661 1115 705 1188 ll.
725 1115 843 1191 adsert.
874 1138 926 1208 17.
1224 1116 1303 1185 tiam
1320 1109 1510 1202 pertinens,
1536 1109 1673 1198 quiade
1693 1111 1865 1184 substantia
1881 1115 2050 1186 matrimo-

356 1201 372 1316 ᾗ
409 1205 412 1210 ’
510 1283 516 1297 ,
678 1225 705 1302 ς.
737 1219 811 1290 CX.
863 1216 933 1310 Qui
954 1211 997 1288 ab
1019 1210 1085 1285 alio
1108 1236 1201 1284 com·
1224 1212 1271 1286 nii
1288 1213 1333 1283 ell
1347 1212 1495 1308 castitas,
1511 1213 1606 1295 adeo,
1622 1233 1657 1280 ut
1675 1211 1717 1280 ob
1733 1207 1805 1281 eam
1822 1205 1927 1282 lesam
1944 1205 2050 1316 dill‘ol·

357 1283 476 1426 Ἥ,
490 1284 580 1424 m}
628 1310 770 1408 pressam
805 1315 976 1404 repudiari
1006 1308 1097 1403 posse
1139 1311 1199 1380 sla-
1225 1333 1322 1382 vatur
1343 1309 1591 1380 matrimonium
1613 1315 1685 1394 'jam
1710 1313 1944 1394 contraitum,
1969 1334 2050 1404 erga

410 1382 542 1508 pians
632 1433 751 1491 ruunt,
767 1409 838 1484 brec
855 1409 1060 1502 potissimum
1077 1429 1201 1499 urgent
1225 1403 1332 1480 multo
1349 1405 1477 1478 facilius
1494 1411 1643 1477 nondum
1662 1411 1869 1478 contrabium
1890 1407 2050 1512 impedie·

379 1565 382 1570 .
632 1505 866 1582 fundamenta:
899 1520 943 1600 r.)
958 1502 1072 1609 Juris
1089 1503 1202 1580 diuini
1225 1528 1291 1578 tur.
1362 1506 1526 1599 Quicum
1543 1506 1675 1596 virgine
1692 1507 1872 1586 contraxit,
1896 1530 1964 1578 non
1994 1505 2050 1582 n‘ufi

371 1604 574 1696 decissourm.
590 1609 693 1680 Deut.
711 1606 965 1686 xx11.20.21.
1013 1603 1057 1682 Si
1071 1607 1127 1679 uir
1140 1603 1201 1677 du·
1225 1607 1259 1676 in
1275 1606 1441 1695 virginem
1459 1598 1638 1682 consenst,
1665 1612 1698 1676 dc
1720 1604 1872 1676 castitatis
1891 1605 2050 1700 conditio·

372 1696 465 1778 ararit
488 1727 646 1794 uxorem,
676 1702 717 1780 {5
734 1729 808 1778 non.
822 1710 865 1807 est
880 1707 916 1780 ia
933 1697 1046 1803 puella
1064 1707 1200 1778 inuenta
1225 1727 1303 1776 nem
1326 1705 1422 1774 tacite
1442 1695 1676 1772 subintellexit.
1701 1705 1785 1790 Cap.
1831 1695 2050 1800 Quennama

372 1795 577 1900 uirginitas3
606 1804 743 1877 educent
761 1825 834 1878 eota
854 1817 956 1888 extro
964 1801 1064 1900 fores
1084 1803 1202 1877 duatus
1225 1799 1303 1872 dum
1323 1825 1378 1892 25.
1402 1800 1449 1873 σέ.
1467 1798 1507 1872 de
1521 1801 1663 1894 jurans.
1710 1803 1812 1872 Error
1834 1799 1888 1874 bic
1910 1803 2050 1898 adtingit

369 1903 485 1999 pati-is
500 1891 561 1998 “dri
575 1956 586 1988 ,
618 1899 659 1977 fis
682 1900 855 1999 lapidibru
872 1902 1011 1978 obruent
1026 1905 1095 1978 oiri
1110 1902 1201 1976 illius
1226 1896 1333 1997 ipsam
1345 1922 1482 1994 corpur,
1500 1923 1576 2001 cum
1593 1825 1665 1970 susa
1680 1899 1851 1988 virginitas
1865 1903 1964 1998 etiam
1981 1926 2050 1988 cor.

250 2071 253 2078 ,
374 2001 536 2088 ciuitatis.
578 2003 755 2096 ¹Quidam
786 2000 1014 2092 respondent,
1049 2000 1111 2076 stoc
1142 1995 1201 2098 effe
1225 1997 1316 2088 poris
1337 2000 1455 2069 vitium
1481 2003 1675 2080 cenlcatur5
1709 2005 1775 2084 jam
1802 1999 2050 2090 aaro'corpori

374 2097 601 2194 accipiendum
619 2099 658 2171 de
678 2124 743 2180 eo,
787 2123 838 2196 uae
852 2105 925 2200 post
933 2098 1114 2198 sponsalia
1127 2123 1203 2172 con·
1225 2105 1408 2186 conjugum
1424 2097 1595 2184 pertinent
1617 2099 1658 2168 ad
1687 2098 1859 2168 materiam
1881 2099 2050 2192 conjugii,

374 2197 484 2292 modio
493 2197 735 2294 suitur'tiator
762 2123 816 2273 sed
836 2198 988 2272 limitatio
1006 2197 1063 2272 illa
1082 2203 1116 2272 in
1132 2220 1202 2273 tex.
1226 2196 1364 2267 materia
1395 2194 1540 2283 pertinet
1562 2199 1603 2264 ad
1631 2196 1680 2265 rei
1701 2192 1936 2304 substanuaor3
1969 2221 2050 2290 ergo

375 2316 412 2367 tu
434 2323 501 2388 non
526 2299 690 2378 additur,
731 2301 811 2385 quin
849 2301 917 2371 ima
951 2301 1201 2372 circumstantia
1226 2290 1390 2364 hicerror
1413 2287 1560 2364 versatur
1580 2294 1666 2364 circa
1687 2291 1789 2380 ipsam
1809 2296 1957 2388 conjugii
1980 2292 2050 2386 sub·

374 2395 550 2486 ostendunt
570 2399 797 2476 contrariom,
823 2401 899 2484 quia
921 2425 953 2469 v.
978 2419 1028 2485 ις.
1044 2396 1202 2484 jubentur
1226 2393 1387 2463 stantiam.
1439 2395 1695 2482 Mantuanae
1722 2396 1878 2484 conjugio
1901 2395 1977 2490 pa'g.
1996 2417 2050 2480 90.

358 2479 528 2580 ¹parentes
544 2517 605 2580 per
623 2493 730 2564 adlata
755 2497 954 2584 virginitatis
970 2494 1061 2586 figna
1075 2497 1202 2567 crimen
1235 2488 1388 2564 Vocatur
1400 2486 1485 2585 sane
1508 2511 1600 2560 error
1626 2487 1678 2560 ille
1699 2491 1902 2583 qrtalr'totr's,
1927 2494 1986 2588 qui
2002 2501 2050 2566 da·

374 2586 459 2660 illud
480 2585 630 2674 diluere,
655 2601 689 2664 dt
714 2619 745 2662 v.
764 2617 819 2680 aa.
835 2595 1011 2679 peculiaris
1025 2592 1077 2663 lex
1094 2592 1202 2664 fertur
1229 2611 1311 2673 men,
1325 2589 1366 2685 'fi
1388 2587 1547 2685 exquifite
1573 2589 1767 2682 loquendum
1785 2593 1851 2688 est,
1878 2589 1926 2664 od
1944 2587 2050 2688 ipsam

375 2679 569 2772 desponsa,
591 2690 645 2759 cui
666 2691 739 2776 poll
760 2685 916 2777 sponsalia
933 2687 1051 2763 vitium
1075 2691 1117 2761 ab
1136 2688 1201 2762 alio
1220 2687 1374 2781 formum
1400 2688 1552 2782 conjugii
1570 2686 1737 2780 refertur,
1764 2687 1848 2760 unde
1871 2714 1937 2762 uon
1960 2689 2050 2778 deba

375 2785 422 2857 eu
437 2779 587 2882 illatum,
613 2791 704 2874 quod
721 2787 788 2876 ipsa
806 2775 944 2875 ¹'quoque
962 2787 1125 2878 lapidibus
1141 2787 1198 2860 ab·
1226 2785 1347 2882 negari
1373 2783 1420 2857 ad
1447 2783 1609 2880 effentiam
1635 2788 1847 2860 nrotrimonr’i
1870 2791 2050 2885 pertinere,

366 2886 428 2956 ,roi
443 2881 580 2978 debeat,
606 2888 700 2972 prior
713 2889 815 2975 igitur
837 2884 889 2956 lex
907 2887 1033 2975 spedtat
1048 2893 1088 2958 ad
1107 2883 1189 2976 spon
1222 2897 1358 2980 pugnat
1377 2885 1463 2957 enim
1484 2909 1555 2958 cum
1572 2883 1629 2958 illo
1642 2887 1832 2984 pra'rr'aipr'o:
1860 2893 1965 2961 Erunt
1983 2895 2050 2964 duo

235 2979 252 3008 ·’
376 2971 443 3052 sam
458 2983 499 3054 ab
516 2981 581 3053 alio
598 2979 814 3072 compressim
826 3007 903 3054 ante
919 2973 1089 3075 sponsalia.
1115 2990 1201 3056 Pcae-
1227 2987 1261 3055 in
1279 3009 1411 3054 carnem
1430 3011 1539 3056 unam.
1590 2981 1716 3058 Forma
1738 2988 1890 3082 conjugii
1904 2991 1946 3085 est
1967 2987 2050 3090 odsi·

377 3102 466 3154 terea
484 3078 630 3166 expresse
645 3085 795 3164 additur,
819 3081 840 3152 sr
851 3081 1153 3176 fornicaliasuerit
1167 3085 1202 3155 in
1226 3085 1335 3177 golia,
1353 3084 1425 3183 stuc
1442 3081 1613 3156 airardum
1633 3099 1742 3162 ortum
1763 3112 1808 3158 ex
1835 3097 1948 3159 mutuo
1972 3112 2050 3174 con,-

309 3185 312 3198 '
375 3173 475 3262 dorato
507 3179 642 3272 pratris,
677 3206 709 3248 v.
737 3204 793 3254 20.
827 3185 918 3268 atqui
950 3184 1097 3273 virgines
1131 3186 1202 3269 poll
1218 3178 1415 3284 senfionciu
1432 3179 1641 3281 ardsiffimom
1661 3181 2050 3281 &iardiffolrtbilentcorb

376 3271 535 3366 sponsalia
566 3278 599 3345 in
627 3279 763 3346 domum
787 3273 895 3366 sponsr
928 3281 1202 3359 deducebantur,
1221 3277 1424 3375 jurrdionem
1461 3281 1497 3352 in
1527 3306 1657 3356 curarem
1687 3281 1798 3356 arrium.
1874 3281 1987 3382 Quare
2016 3300 2050 3368 ul

360 3369 537 3470 „utsponſs
557 3371 761 3469 pudicitiam
785 3399 898 3448 aarum
918 3386 1014 3450 lanto
1029 3375 1205 3473 servarent
1227 3377 1467 3470 adulteriumne
1490 3379 1654 3455 diametro
1671 3396 1805 3480 pugnat
1835 3410 1907 3457 man
1933 3383 2050 3461 matri·

376 3471 553 3640 cura'ofus,
577 3482 702 3572 quanto
717 3471 786 3572 fibi
806 3476 884 3572 ipſsa
899 3473 1203 3576 fidelior·esaffrnt‚
1230 3480 1363 3562 monio,
1388 3479 1438 3550 ita
1458 3491 1582 3553 certum
1605 3483 1666 3581 est,
1684 3479 1925 3578 scortationem
1951 3489 2050 3560 etium

374 3567 399 3644 fi
424 3565 659 3666 Crysoslomo
688 3569 802 3642 bomil.
826 3571 887 3646 lV.
909 3576 942 3645 iu
968 3573 1090 3647 Marah.
1117 3575 1144 3650 l.
1170 3579 1203 3647 ld
1229 3602 1300 3648 cum
1321 3600 1356 3648 eo
1372 3601 1607 3676 pugnoreuon
1624 3584 1658 3653 in
1678 3581 1791 3678 aliquo
1812 3579 2050 3681 occidcnle‚seo

375 3659 746 3742 alluenti-credimus.
802 3671 949 3762 Quidam
978 3669 1204 3768 respondent,
1228 3673 1370 3773 resoedu
1391 3677 1492 3776 ipstur
1504 3678 1641 3772 sormae.
1692 3686 1851 3771 Cypraus
1879 3687 1920 3756 de
1947 3682 2050 3773 spons.

358 3791 394 3868 3!
420 3790 436 3839 e
458 3765 550 3842 stunc
569 3763 673 3862 segem
688 3765 856 3864 sorensem
878 3771 914 3842 in
940 3794 1016 3844 ooo.
1041 3775 1107 3872 test.
1123 3770 1205 3868 sub-
1229 3797 1300 3862 cap.
1325 3771 1419 3847 Xlll.
1449 3791 1477 3866 Q.
1509 3800 1562 3868 39.
1612 3776 1676 3850 Aa
1702 3805 1844 3854 errorem
1873 3781 2050 3877 'quolr'tolr's

306 3907 311 3914 ·
355 3874 495 3952 „alant
545 3861 684 3936 Etsane
707 3871 815 3953 quoad
835 3863 977 3956 speciem
1000 3897 1108 3962 prenae
1128 3866 1204 3942 sub·
1232 3869 1446 3948 Lombordur
1465 3869 1505 3946 Θ
1526 3876 1591 3949 olii
1615 3878 1786 3970 reseruati,
1811 3881 1844 3982 st
1864 3875 1963 3978 uirgo
1986 3881 2050 3958 ali·

375 3959 477 4034 ·latam
491 3971 564 4036 'eam
584 3959 648 4035 else
662 3959 753 4036 houd
768 3961 1046 4058 inficias'iuarim3
1070 3971 1204 4040 interim
1229 3972 1283 4043 cui
1300 3973 1348 4070 fit
1364 3969 1580 4070 desponsata,
1603 4003 1702 4074 qttum
1726 3978 1818 4053 alius
1841 3979 2050 4080 couipreffitr

375 4085 482 4154 genus
503 4060 551 4132 est
569 4060 718 4145 morale,
749 4065 848 4135 aede
871 4065 1067 4156 legislatoris
1087 4066 1203 4152 volun·
1220 4067 1285 4166 sed
1299 4069 1418 4144 reditas
1434 4093 1503 4143 meo
1523 4073 1654 4167 judicio
1681 4078 1824 4172 restarlur
1842 4078 1889 4152 ad
1908 4105 2050 4160 errorem

291 4197 294 4201 ·
356 4180 444 4258 =tate
469 4169 503 4234 dc
525 4155 679 4232 facinoris
695 4157 791 4248 hujus
807 4163 1003 4254 indignitate
1018 4192 1059 4238 er
1073 4190 1112 4236 ea
1126 4189 1205 4238 con·
1232 4167 1454 4256 conditionis,
1479 4165 1718 4266 quodsuitiotu
1736 4181 1862 4278 stolum
1890 4181 2050 4275 quodam·

374 4259 459 4332 slare
482 4257 626 4360 potesta
645 4263 733 4358 quod
759 4254 782 4329 sr
810 4285 909 4349 poena
938 4253 1141 4366 malamort
1169 4267 1205 4336 iu
1229 4267 1325 4350 modo
1340 4280 1459 4354 mutel,
1484 4267 1628 4364 insontis
1637 4275 1725 4373 fiat,
1756 4273 1796 4350 ΕΞ
1811 4279 1934 4374 capitis
1949 4279 2050 4372 diani-

357 4378 442 4452 ²net.
463 4351 534 4432 test.
556 4355 689 4458 extendi
709 4359 820 4450 potuit
839 4385 942 4448 usque
962 4367 1004 4433 ad
1027 4361 1200 4452 lapidatio·
1227 4367 1396 4440 aurianam
1421 4370 1575 4462 potiatur
1586 4422 1597 4458 ,
1624 4399 1702 4447 nam
1732 4375 1898 4471 pudicitia
1930 4373 2050 4476 anniffia

375 4479 478 4536 nem,
509 4477 571 4526 cur
589 4479 663 4554 non
687 4453 818 4550 extendi
839 4455 943 4546 pulset
964 4462 1001 4532 in
1026 4485 1104 4536 nov.
1128 4457 1198 4533 an.
1224 4467 1331 4560 omnis
1349 4465 1551 4560 insomniato
1571 4473 1679 4564 uirtur
1699 4476 1779 4549 ruit.
1832 4477 1978 4572 Quodsi
1992 4463 2050 4551 'ec-

352 4575 482 4642 ‚utque
499 4555 541 4624 ad
557 4547 793 4642 sponsaliorum
814 4553 1077 4630 dissolutionem?
1104 4553 1202 4634 Licet
1224 4590 1269 4658 go
1289 4571 1362 4653 jure
1382 4565 1540 4640 canonico
1563 4581 1597 4645 dc
1619 4572 1710 4662 civili
1729 4601 1790 4662 per
1808 4600 1950 4652 errorum
1970 4601 2050 4652 con·

377 4672 433 4722 uro
459 4649 595 4749 istratus
617 4649 815 4820 christianus
847 4679 915 4728 aron
932 4659 982 4757 fid
1005 4655 1200 4753 obligaras,
1224 4661 1384 4749 ditionis,
1411 4661 1528 4753 siquis
1549 4671 1640 4741 ducit
1661 4659 1814 4762 servam,
1841 4702 1938 4765 quam
1954 4700 2050 4765 puta·

371 4760 414 4821 at
433 4673 496 4821 boc
519 4741 617 4820 modo
643 4749 671 4820 li
693 4761 760 4823 arel
787 4755 976 4838 maritam,
1016 4755 1139 4845 (inquit
1165 4757 1198 4830 b.
1226 4759 1282 4833 bat
1298 4757 1552 4854 elle'ingeaunn
1565 4775 1601 4842 or
1617 4766 1777 4850 liberam.
1798 4776 2050 4850 matrimonium

376 4846 587 4922 Chemnitius
610 4871 696 4938 parc.
727 4843 772 4922 ll.
804 4841 868 4925 loe.
897 4857 938 4926 de
961 4851 1037 4946 lege
1066 4879 1095 4926 c.
1119 4853 1200 4942 IV.)
1224 4862 1374 4932 redditur
1390 4860 1533 4945 irriturm
1552 4872 1789 4962 quantomagis
1806 4875 1937 4945 irritum
1952 4875 2049 4956 reddi

370 4947 486 5044 potes.
507 4945 616 5018 turriani
648 4948 719 5048 olio
747 4947 845 5021 ruodo
868 4955 904 5026 iu
925 4951 992 5024 toli
1016 4950 1092 5048 casu
1113 4951 1200 5028 bona
1224 4957 1471 5048 poteric‚srquis
1491 4963 1705 5053 compressam
1726 4973 1842 5046 diicat,
1861 4963 2049 5058 quamtit-

377 5031 579 5160 consideratio
598 5071 670 5118 eum
684 5037 865 5142 absoluere.
915 5059 969 5143 ι.)
983 5047 1128 5152 Errorir
1140 5049 1200 5128 sru-
1225 5062 1336 5147 gincm
1353 5061 1469 5130 callam
1491 5057 1553 5131 else
1572 5062 1728 5154 putabat3
1753 5071 1863 5160 ecquis
1876 5072 1965 5142 enim
1979 5069 2050 5146 non

368 5147 429 5244 jus
446 5144 686 5246 conditionem,
729 5153 831 5250 Error
844 5145 898 5227 bic
914 5175 1051 5232 rotatur
1065 5155 1201 5248 quidem
1224 5156 1317 5234 malit
1343 5159 1378 5231 iu
1403 5163 1559 5258 conjugio
1580 5155 1725 5248 lemare
1748 5163 1874 5247 scaram
1900 5173 2049 5262 callam,

1932 5271 1935 5276 ’
1948 5273 2050 5361 qua'm
