4884 5984
524 487 571 554 ιο
841 411 846 422 ’
934 469 1082 544 rocus
1107 461 1230 548 xxvi.
1281 463 1436 550 cnovr
1460 473 1505 545 x.
1555 469 1681 548 sacr.
1707 415 1743 545 ιζ’

441 709 445 716 -
528 685 591 755 pet
607 658 639 736 se
655 660 762 736 cultus
785 666 849 739 Dei
875 675 910 741 dt
933 664 1107 741 satisfaslio
1127 692 1192 757 pro
1209 695 1328 763 pecca·
1347 688 1416 751 no,
1436 666 1570 741 interim
1581 665 1729 761 sumina
1748 689 1814 742 aon
1833 666 1944 744 minus
1963 671 2009 774 est
2029 672 2106 753 Dei
2119 696 2154 752 a·

531 764 591 841 tis,
612 786 696 853 ergo
717 767 817 837 etiarn
839 763 962 840 ethnici
988 766 1095 840 cultus
1116 773 1191 842 Deo
1213 791 1328 863 grator
1348 765 1502 865 pificium
1520 767 1618 862 quarn
1640 768 1713 852 uir,
1739 769 1820 864 quia
1842 792 1955 843 coram
1977 769 2057 850 Deo
2067 775 2152 873 sarae

530 863 704 954 prestare,
732 873 767 938 δι
786 859 1014 954 propeccatis
1032 862 1152 938 suisex
1171 890 1268 957 parre
1283 863 1329 939 sa·
1353 864 1516 961 aqualia,
1545 885 1618 962 qaae
1638 863 1725 940 inter
1736 864 1776 963 se
1802 866 1996 965 inaequalia.
2045 875 2153 950 Caeli·

533 956 685 1034 tissacere
711 963 912 1053 potuerunu
937 966 1061 1056 negari
1080 966 1173 1037 eninr
1190 967 1329 1054 nequit,
1353 964 1448 1036 batus
1465 965 1511 1036 ell
1531 988 1571 1036 ex
1589 986 1707 1038 eorum
1721 989 1882 1050 numero,
1906 994 2153 1059 quevocanttu

534 1058 706 1154 virginalis
725 1061 934 1158 continentiae
957 1063 1100 1135 studium
1119 1065 1219 1136 etiarn
1242 1066 1331 1153 apud
1357 1061 1407 1137 ed
1423 1059 1540 1154 μέσα,
1565 1063 1684 1151 quibus
1698 1071 1732 1136 da
1748 1061 1833 1136 bene
1851 1071 1887 1138 δε
1906 1068 1995 1142 male
2010 1071 2063 1142 uti
2081 1065 2154 1161 pos

535 1147 849 1274 ethnicor'iidailse.
903 1155 1035 1258 Septem
1052 1160 1246 1258 uirginibus
1260 1157 1336 1233 Mi·
1360 1155 1480 1232 sumus.
1530 1160 1602 1252 Qui
1620 1162 1654 1232 in
1671 1158 1828 1234 coelibatu
1842 1162 1899 1251 pie
1913 1171 2046 1244 &calle
2060 1168 2156 1261 νίνίτ,

416 1279 423 1290 “
536 1259 625 1350 testis
642 1262 750 1351 magis
769 1283 857 1332 curae
876 1255 940 1332 suit
962 1261 1125 1349 pudicitia
1142 1287 1242 1352 quam
1260 1261 1338 1332 vita.
1361 1283 1400 1329 uc
1420 1278 1561 1347 propter
1587 1254 1667 1329 fines
1684 1260 1718 1329 5⁰
1737 1258 1832 1331 settis
1851 1259 1955 1336 Πῑθῐῑδ
1972 1265 2162 1356 ΡΝΝΕΨ

545 1354 718 1442 Claudia,
748 1357 847 1454 virgo
874 1358 1033 1458 aejlolis,
1055 1363 1147 1449 apud
1168 1364 1339 1433 Romanos
1362 1353 1556 1428 coelibatum
1574 1353 1693 1448 eligit,
1712 1354 1762 1428 illi
1777 1355 1883 1430 bonus
1897 1363 2160 1452 atqueutiliseli
2211 1439 2213 1450 ᾗ

539 1461 581 1532 ad
597 1451 879 1556 comprobandam
894 1458 1073 1529 castitatem
1086 1459 1210 1531 dicitur
1222 1459 1341 1548 cingu-
1365 1451 1561 1534 eoelibatus,
1584 1451 1631 1523 sin
1650 1455 1783 1540 minus,
1808 1453 1929 1548 [nistra
1943 1465 1988 1536 de
2002 1460 2162 1536 muhata

459 1601 463 1609 ·
540 1555 577 1629 lo
592 1579 712 1628 navem
726 1551 869 1650 dupiffe,
895 1580 995 1644 quarn
1013 1552 1138 1644 aliquot
1156 1553 1262 1628 millia
1284 1554 1345 1624 ho·
1368 1551 1402 1623 in
1424 1547 1456 1624 se
1472 1575 1511 1621 ao
1530 1574 1591 1640 per
1605 1546 1636 1622 se
1649 1550 1854 1626 considerato
1867 1556 2085 1647 gloriabitur.
2113 1559 2164 1654 ς.)
2210 1581 2213 1588 “

541 1655 673 1727 minum
693 1651 825 1728 trahere
841 1679 908 1727 non
927 1674 1092 1744 poteraut.
1141 1655 1296 1741 Denique
1322 1648 1345 1722 fi
1371 1645 1544 1746 Superbiae
1564 1647 1746 1724 nutricula.
1805 1652 1900 1745 Quid
1931 1659 2041 1750 magis
2062 1653 2166 1752 pulsai

544 1753 749 1830 continentia
787 1749 959 1844 virginalis
992 1754 1041 1824 est
1067 1748 1281 1824 satisfactoria
1312 1757 1347 1822 δι
1373 1747 1489 1820 sallum
1508 1743 1711 1835 spiritualem
1732 1751 1768 1820 in
1789 1753 1906 1822 animis
1925 1755 2089 1830 caelibum
2104 1753 2167 1832 ale·

546 1852 741 1938 meritoria,
766 1853 867 1924 ariana
884 1852 1077 1942 coniugium
1098 1844 1284 1944 istomodo,
1309 1845 1347 1916 li·
1372 1871 1429 1923 re,
1459 1844 1655 1935 dignitatem
1675 1846 1820 1937 coniugii
1841 1857 1876 1922 δι
1900 1855 2102 1946 virginalem
2115 1879 2169 1930 or·

547 1969 603 2023 cet
628 1947 786 2024 inferiore
803 1952 936 2043 gradu,
961 1950 1026 2020 erit
1047 1945 1298 2020 satisfactorium
1314 1951 1348 2018 δι
1375 1941 1525 2015 rhodoxae
1540 1939 1616 2012 fidei
1632 1947 1674 2013 de
1686 1947 1830 2034 gratuita
1846 1969 1987 2038 propter
2000 1953 2169 2027 Chrilluru

548 2041 770 2122 meritorium.
822 2047 923 2123 Ratio
942 2045 1251 2144 connexionigest,
1272 2043 1352 2132 ‚quia
1374 2037 1603 2129 justificatione
1616 2042 2170 2141 integritatemlabefadaruqum

550 2143 725 2218 caelibatus
747 2149 898 2218 statuitur
914 2144 1104 2218 meritorius
1122 2152 1156 2217 δι
1171 2133 1353 2213 satisfacta
1376 2131 1591 2221 adseverare,
1614 2143 1705 2225 quod
1726 2141 1900 2216 coelibatus
1921 2146 1959 2219 fit
1975 2143 2172 2244 salissoffie

550 2243 621 2314 rius
638 2264 780 2334 propter
797 2247 988 2316 castitatem.
1024 2242 1128 2328 Atqui
1145 2241 1271 2310 castitas
1286 2260 1353 2314 non
1375 2242 1584 2332 peccatoram
1602 2238 1757 2328 uroximo
1776 2236 1816 2309 8
1833 2242 1987 2320 meritum
2004 2247 2106 2346 regni
2116 2267 2171 2324 cu·

554 2335 661 2411 solum
681 2343 728 2412 est
747 2344 780 2412 in
799 2340 977 2418 caelibatu,
1002 2336 1057 2408 sed
1074 2339 1174 2409 eriam
1194 2340 1229 2407 in
1246 2338 1303 2425 pio
1317 2355 1355 2404 ac
1379 2327 1516 2406 lotum?
1543 2343 1590 2418 6.)
1601 2329 1680 2406 Sibi
1697 2337 1759 2434 ipst
1775 2360 1976 2434 repugnant.
2027 2349 2100 2442 Qui
2113 2375 2173 2422 ια·

555 2436 709 2529 regumn
729 2439 911 2530 contusa,
937 2439 971 2509 a
988 2433 1049 2511 no
1065 2437 1226 2522 quiem.
1253 2433 1357 2520 lpu-
1380 2430 1450 2502 teu
1464 2433 1531 2514 en.
1552 2458 1618 2502 non
1636 2437 1742 2520 noter
1760 2460 1897 2521 curare,
1920 2469 1993 2532 aaz
2013 2437 2089 2520 aa.
2107 2452 2174 2520 ue-

556 2561 614 2609 rus
635 2534 699 2616 fit,
726 2539 832 2608 maior
856 2545 890 2610 da
910 2533 1077 2626 amplior,
1106 2529 1159 2603 sed
1182 2555 1251 2602 non
1277 2551 1359 2618 pro·
1382 2530 1483 2613 mini,
1519 2552 1555 2600 ut
1577 2528 1705 2616 placeat
1731 2536 1904 2624 Domino,
1931 2540 1991 2612 nist
2015 2545 2175 2618 credatiu

557 2655 675 2730 pterea
702 2636 737 2704 in
759 2635 915 2726 coniugio
940 2634 1042 2706 nulla.
1092 2632 1197 2724 Quod
1227 2625 1250 2699 st
1275 2649 1358 2734 ergo
1383 2626 1553 2698 Christum
1585 2629 1807 2701 Medietatem
1842 2643 1874 2706 δι
1897 2638 2104 2716 salvatorem
2125 2666 2176 2716 no·

526 2753 529 2758 '
561 2729 734 2825 virginalis
750 2733 875 2804 castitas
893 2727 971 2805 esset
989 2731 1157 2804 meritoria
1179 2748 1218 2795 ac
1237 2719 1359 2796 sarissa·
1385 2727 1486 2794 llruna
1507 2728 1652 2797 unicum.
1702 2733 1778 2816 Jam
1803 2753 1884 2803 uero
1907 2734 1987 2809 fides
2016 2765 2095 2814 vera
2117 2765 2176 2814 nou

561 2833 685 2915 auria,
709 2831 826 2919 utique
847 2832 946 2902 etiarn
966 2826 1166 2918 coniugalis,
1190 2821 1269 2895 licet
1293 2845 1360 2893 non
1384 2819 1483 2891 aliam
1502 2827 1650 2913 agnolzit
1667 2847 1882 2913 pcccatorum
1907 2829 2178 2924 satissadlionem

562 2930 598 3001 in
618 2931 709 3019 pari,
733 2929 893 3001 tamenin
913 2929 1034 2999 minori
1050 2927 1170 3014 gradu.
1236 2914 1361 2993 Conse·
1387 2940 1449 2990 nec
1463 2920 1552 2992 aliud
1567 2923 1640 2991 vitae
1657 2945 1785 2997 aterna
1802 2929 1977 3019 meritum,
1999 2960 2102 3024 quam
2116 2929 2178 3028 pas

564 3051 669 3116 quens
685 3024 732 3096 est
751 3019 947 3111 absurdum,
975 3026 1133 3098 necdum
1151 3044 1170 3090 a
1187 3015 1365 3106 pontificiis
1390 3014 1536 3106 sionem,
1562 3040 1704 3091 mortem
1725 3031 1763 3094 &
1789 3022 2012 3104 obedientiam
2035 3035 2179 3112 Chrillis

569 3120 746 3198 adsertum.
796 3125 886 3212 Ergo
906 3131 942 3196 da
962 3123 1167 3200 antecedens.
1217 3122 1269 3206 4.)
1291 3109 1366 3184 No-
1390 3137 1430 3184 ex
1451 3139 1518 3202 quo
1538 3114 1580 3186 [ιε
1603 3116 1848 3192 concludimus:
1872 3127 1997 3203 Nullus
2012 3127 2181 3220 homost·

568 3230 653 3296 turae
670 3213 844 3294 cnlibolut
864 3223 1022 3318 oppofita.
1075 3213 1179 3288 Nulla
1194 3215 1281 3285 dona
1296 3209 1368 3299 spe
1391 3236 1433 3284 ve
1454 3214 1577 3287 coelebs
1604 3214 1667 3294 fit,
1693 3215 1759 3289 sne
1784 3221 2000 3315 coniugatus,
2028 3235 2105 3305 Deo
2124 3229 2182 3322 pla·

568 3318 679 3404 cialia‚
705 3312 772 3391 five
788 3339 825 3390 ut
848 3314 1029 3406 loquuntur
1055 3313 1263 3389 scholastici,
1287 3332 1368 3405 gru·
1393 3333 1469 3388 cet,
1496 3312 1553 3384 nisi
1582 3339 1659 3384 vera
1683 3319 1718 3386 in
1745 3314 1915 3393 Christum
1948 3325 2023 3400 lide.
2093 3327 2182 3415 Atqui

568 3419 627 3493 tiae
646 3417 760 3513 gratis
782 3416 894 3499 doto,
927 3422 1002 3489 Deo
1026 3438 1085 3484 nos
1107 3414 1369 3486 commendant,
1393 3404 1555 3497 persuasio
1577 3411 1647 3496 illa,
1668 3419 1756 3502 quod
1778 3414 1949 3495 coelibarus
1964 3423 2001 3497 fit
2018 3423 2181 3499 satisfactio

568 3514 625 3589 sed
645 3514 758 3615 fides,
794 3536 865 3609 quae
886 3537 946 3609 per
974 3514 1149 3585 caritatem
1177 3507 1296 3603 efficax
1317 3509 1371 3605 est.
1395 3533 1606 3597 peccatorum
1629 3521 1665 3582 dc
1684 3517 1842 3583 merirum
1866 3525 1964 3610 regni
1982 3524 2183 3599 (αισι-ηιμ·

573 3613 681 3687 Galat.
696 3622 736 3688 V.
753 3617 786 3684 6.
839 3619 883 3682 At
908 3613 1079 3703 virginitas
1099 3610 1145 3679 est
1165 3605 1229 3677 tale
1245 3609 1368 3677 donum
1397 3611 1498 3679 vertit
1515 3633 1599 3679 verae
1615 3610 1650 3679 in
1667 3609 1838 3682 Christum
1851 3613 1927 3690 fidei
1940 3641 2106 3696 naturam.
2138 3627 2184 3695 Et·

575 3707 716 3802 speciale
736 3714 841 3781 tCor.
855 3716 929 3780 Vll.
948 3732 983 3799 7.
1032 3709 1121 3780 Sicut
1141 3727 1278 3799 regnum
1303 3699 1372 3773 Du·
1396 3729 1441 3795 go
1472 3708 1527 3794 qui
1553 3705 1614 3777 hac
1639 3707 1844 3794 persuasione
1870 3707 2045 3793 fascinatus
2066 3721 2185 3794 caelibe·

574 3833 641 3887 non
669 3806 813 3908 conststit
835 3808 871 3878 in
893 3804 966 3878 cilo
992 3801 1033 3879 &
1051 3814 1145 3900 potu.
1166 3808 1266 3875 Rom.
1280 3808 1371 3872 XlV.
1398 3827 1468 3874 tum
1485 3801 1645 3895 sediaror,
1669 3812 1744 3880 Deo
1766 3811 1899 3897 placere
1919 3823 2047 3910 nequit.
2089 3817 2191 3896 Brevi.

583 3934 636 4008 ¹7·
690 3911 778 3981 Sicut
792 3904 864 4002 esca
878 3927 943 3976 non
957 3904 1161 3976 commendat
1186 3924 1246 3974 nos
1274 3897 1372 3976 Deos
1399 3924 1467 3980 ter,
1490 3906 1639 3991 opinioni
1661 3905 1710 3976 illi
1725 3912 1766 3978 de
1788 3904 2016 3990 satisfaciendo
2032 3941 2098 4010 pro
2121 3939 2184 4012 pet·

580 4013 691 4090 1C0r.
703 4013 792 4080 Vlll.
806 4020 837 4087 3.
866 4007 909 4074 ita
927 4028 1061 4092 quoque
1083 4025 1145 4072 nec
1161 4001 1195 4070 in
1216 3998 1374 4071 coelibatu
1398 4003 1478 4072 catis
1498 4006 1643 4091 propriis
1660 4015 1694 4077 δε
1714 4005 1855 4080 oliorum
1871 4035 1932 4101 per
1954 4015 2187 4089 caelibatum&

576 4135 639 4186 nec
653 4110 686 4177 in
703 4103 859 4194 coniugio
878 4098 1020 4173 consistit
1041 4122 1185 4190 regnum
1207 4100 1290 4177 Dei,
1314 4118 1375 4169 nec
1399 4102 1583 4188 praeliando
1606 4107 1750 4191 quodam
1779 4101 2082 4205 supererogationis
2100 4134 2187 4207 opere

577 4206 750 4297 virginitas
766 4202 820 4271 vel
839 4199 1032 4289 coniugium
1048 4202 1121 4269 Deo
1135 4220 1192 4266 nos
1207 4220 1377 4268 commen·
1401 4199 1471 4269 aliis
1492 4202 1589 4271 etiam
1611 4202 1808 4288 adplicando
1830 4215 2072 4298 opponendum
2088 4218 2133 4288 αἱ
2151 4233 2188 4284 to·

577 4311 652 4383 dat,
674 4295 727 4373 sed
748 4296 852 4375 fides,
878 4299 994 4368 caritas
1017 4304 1053 4370 &
1071 4298 1301 4369 mandatorum
1326 4295 1377 4365 di·
1401 4320 1472 4367 cunr
1489 4294 1621 4380 systema
1647 4299 1796 4373 locorum
1820 4312 2046 4391 praebitorum
2065 4315 2108 4385 de
2123 4301 2189 4388 dle

579 4407 736 4482 vinorum
752 4397 941 4468 obedientia
963 4397 997 4465 in
1020 4391 1194 4464 coelibibus
1212 4404 1248 4467 δι
1264 4393 1378 4465 coniu-
1402 4393 1513 4490 ναμὶᾳ
1535 4394 1683 4483 perfecte
1699 4400 1860 4489 implendi
1876 4404 2010 4499 legenr,
2032 4414 2076 4481 de
2095 4403 2190 4499 iullifi·

580 4506 665 4598 gatis
684 4502 758 4569 Deo
777 4497 970 4583 probantur.
1010 4491 1174 4562 Lutherus
1193 4494 1227 4563 in
1241 4488 1377 4580 epithal.
1404 4496 1531 4565 catione
1558 4520 1626 4565 raon
1651 4522 1690 4570 ex
1715 4498 1815 4591 lege,
1848 4499 1901 4575 sed
1931 4532 1971 4580 ex
2002 4509 2190 4602 evangalio,

583 4603 695 4681 idest,
719 4601 752 4665 in
769 4616 890 4665 comm.
918 4616 928 4664 1
949 4585 1294 4681 Cor.v11.fol.338·
1339 4585 1381 4660 Si
1406 4618 1472 4664 uon
1490 4620 1528 4663 ex
1549 4595 1725 4682 operibus,
1749 4594 1802 4671 sed
1824 4626 1863 4673 ex
1886 4601 1969 4685 fide,
1995 4632 2064 4677 non
2080 4634 2120 4681 ex
2139 4625 2192 4678 nie·

584 4699 770 4796 virginitas
791 4688 830 4762 sl
844 4689 1034 4784 cosriogium
1052 4688 1191 4759 inuicem
1205 4688 1381 4781 conserun-
1406 4695 1498 4772 ritis,
1526 4687 1579 4764 sed
1595 4717 1634 4764 ex
1658 4699 1765 4788 gratia
1786 4692 1944 4787 speranda
1959 4713 1993 4777 δι
2008 4705 2192 4794 obtinenda;

585 4814 668 4886 ur,
700 4792 885 4887 virginitas
905 4787 1052 4860 nobilius
1077 4787 1198 4857 donum
1224 4791 1267 4886 esi
1285 4811 1383 4882 quum
1408 4794 1450 4861 de
1470 4789 1635 4862 bonorum
1651 4818 1793 4884 operum
1807 4800 2066 4889 impersestione
2083 4815 2117 4880 δι
2129 4827 2194 4876 con·

588 4895 801 4992 coniugiumr
829 4889 965 4963 interim
982 4896 1091 4959 tannen
1114 4886 1307 4981 coniugium
1326 4885 1385 4957 ili·
1410 4890 1645 4973 trininatione3
1675 4896 1718 4968 de
1737 4898 1836 4968 unico
1861 4908 1894 4971 δι
1915 4897 1982 4971 solo
2002 4902 2127 4976 Christi
2141 4923 2196 4973 nte·

584 5006 657 5079 dem
679 4999 722 5098 esi
737 4993 860 5066 donum
879 4984 968 5072 Dei,
994 4995 1032 5057 ut
1047 4983 1137 5058 clare
1152 4987 1289 5081 testatur
1302 5006 1385 5079 opo·
1410 4989 1501 5078 rito;
1528 4991 1570 5059 de
1598 4990 1725 5076 sauss,
1762 5021 1905 5084 propter
1924 5025 2006 5086 quas
2033 4999 2196 5090 praestanda

578 5097 695 5208 stolus.
754 5088 821 5168 Vir
832 5085 981 5164 nobilior
1000 5107 1040 5156 oc
1052 5083 1191 5181 dignior
1211 5087 1254 5186 esi
1262 5083 1384 5180 somi-
1411 5084 1497 5160 botta
1517 5112 1639 5179 opera,
1663 5102 1729 5167 &a
1777 5098 1857 5169 lade
1870 5098 1916 5168 est
1928 5144 1941 5178 ‚
1965 5104 2057 5188 quod
2078 5103 2196 5193 quidun

2142 5219 2198 5271 ms·
