4884 5984
548 489 593 609 ar
683 463 704 636 ⁸,
936 527 1085 599 tocvs
1118 525 1243 597 xxvr.
1292 523 1445 598 caovr
1469 524 1511 595 x.
1559 523 1682 596 sacr.
1710 525 1737 594 r.

563 715 763 808 iugiisatnri
786 713 880 792 usum
903 716 1003 790 inscio
1026 719 1189 791 &invito
1214 713 1353 811 losepho
1379 717 1480 790 verba
1505 715 1615 810 angeli
1643 717 1765 792 Matth.
1792 719 1818 790 1.
1844 737 1901 788 20.
1962 707 2019 787 Nc
2057 709 2175 812 timeat

564 817 812 904 intervertendi.
889 817 1049 888 Posterius
1071 819 1187 890 itidem
1208 820 1274 888 dici
1298 842 1355 890 ne·
1376 815 1622 912 metaneam,
1653 817 1799 914 accipere
1819 811 1976 888 Mariam
1999 813 2173 906 coniugem

563 919 653 1002 quit,
681 917 703 988 st
721 918 810 988 enirn
827 913 999 988 consensus
1017 911 1145 1004 losephi
1160 912 1354 986 intercedis·
1379 925 1496 1000 nrm,
1525 939 1608 1007 ergo
1629 939 1723 989 antea
1752 936 1823 988 eam
1845 913 1880 984 in
1901 910 2000 984 doma
2026 929 2095 984 nan
2115 909 2174 980 ita·

563 1009 631 1094 set,
659 1019 814 1102 quorsum
834 1019 874 1088 de
888 1009 1071 1086 dimisstone
1087 1015 1262 1104 cogitaret,
1277 1039 1355 1088 cum
1374 1011 1476 1092 'buter
1504 1012 1765 1104 respondemus,
1796 1015 1947 1100 accipere
1977 1007 2060 1080 nibil
2085 1005 2173 1080 aliud

561 1117 736 1204 gravidam
762 1139 833 1184 eom
862 1109 1063 1184 inveniret?
1096 1111 1218 1182 Motth.
1246 1117 1272 1184 t.
1303 1137 1312 1184 r
1321 1137 1354 1197 9.
1381 1111 1541 1184 hocloco
1562 1107 1772 1200 esse,·quam
1796 1112 1889 1181 domi
1913 1109 2087 1186 retinere,
2109 1104 2172 1190 iem

564 1227 598 1284 dt
619 1216 697 1299 quid
721 1209 778 1280 fibi
804 1211 876 1280 vult
901 1211 982 1281 illud
1004 1209 1212 1299 evangelistae
1240 1237 1271 1280 v.
1305 1211 1580 1294 18.enimillam
1600 1233 1711 1283 mente
1725 1204 1900 1281 dimiserat.
1952 1205 2060 1298 Quod
2081 1203 2104 1274 st
2123 1227 2175 1274 er·
2203 1209 2205 1214 '

567 1305 652 1380 Crem
687 1305 760 1406 estet
796 1307 994 1403 desponsata
1029 1305 1153 1379 Morio
1191 1305 1357 1405 Iosepsro,
1381 1332 1426 1400 go
1443 1313 1550 1382 Maria
1564 1311 1631 1398 jam
1655 1331 1731 1380 ante
1753 1304 1872 1377 suit-in
1895 1307 1996 1376 domo
2018 1297 2173 1390 losephi,

562 1411 642 1504 argiv
668 1403 688 1484 vi
709 1406 875 1488 συνελθεῖν
890 1407 1016 1494 odric,
1041 1419 1215 1503 antequam
1242 1429 1358 1480 conve·
1381 1427 1491 1476 manet
1518 1407 1619 1490 illud,
1644 1408 1733 1494 quod
1750 1428 1832 1478 voce
1851 1397 2031 1478 συνελθιΐν
2048 1425 2116 1471 non
2136 1393 2174 1468 li·

562 1507 691 1590 nirent,
724 1507 859 1578 inventa
873 1509 917 1605 esi
935 1507 972 1578 in
988 1515 1080 1579 atero
1102 1501 1258 1580 iubens?
1285 1511 1354 1578 No·
1381 1501 1558 1596 gnificetur
1570 1505 1725 1576 dedutiio
1745 1505 1779 1573 in
1795 1504 1951 1578 domum,
1976 1494 2031 1570 sed
2045 1495 2174 1585 alaprie·

563 1627 636 1676 tum
654 1606 721 1682 est,
743 1607 822 1692 ataid
838 1601 997 1694 significet
1017 1603 1186 1694 συνελθεῖν
1201 1609 1243 1677 de
1258 1595 1354 1692 spou-
1379 1601 1418 1672 lis
1434 1600 1642 1696 congressus,
1667 1625 1767 1690 quem
1786 1600 1894 1670 adhuc
1916 1591 2070 1684 sperabat
2091 1591 2173 1668 lose·

564 1701 602 1772 tis
622 1728 658 1772 ae
680 1701 876 1792 coniugibus
901 1701 1111 1790 usurpatum,
1142 1706 1232 1790 quod
1262 1705 1354 1774 vide·
1378 1697 1488 1787 phas,
1513 1715 1588 1772 c'urn
1606 1703 1712 1771 Maria
1731 1723 1771 1770 ex
1794 1697 1918 1786 Spiritu
1945 1693 2056 1767 sansto
2082 1694 2174 1764 iuve-

563 1799 640 1872 l-icer
661 1803 863 1870 matrimonii
885 1794 1199 1872 consummationem
1216 1795 1354 1874 &usum
1379 1800 1507 1868 niretur
1534 1800 1568 1869 in
1596 1819 1691 1870 utero
1714 1793 1869 1880 habens,
1909 1817 1947 1864 ac
1978 1787 2175 1888 percense·

561 1897 772 1988 cuniugalem
805 1921 926 1982 noret,
972 1902 1084 1970 tCor.
1111 1905 1188 1971 Vll.
1215 1923 1246 1988 5.
1270 1921 1354 1990 ergo
1378 1920 1498 1982 quens,
1526 1921 1603 1966 cum
1620 1899 1659 1967 ad
1681 1893 1836 1983 angeium
1853 1893 1921 1982 jam
1935 1912 2012 1962 ante
2026 1885 2171 1960 dixisset:

562 2023 638 2066 turn
662 2001 726 2067 iarn
747 1991 936 2080 desponsata
952 1991 1031 2064 esset
1053 1995 1187 2074 Maria,
1214 2020 1252 2066 ac
1271 1999 1353 2066 iam·
1387 1991 1509 2065 Virum
1542 2017 1605 2063 non
1633 1989 1804 2087 cognosco.
1871 1993 1933 2061 Sed
1956 1984 2171 2060 Bellarminus

562 2098 641 2162 dnm
664 2095 740 2164 esset
763 2095 921 2184 gravida,
962 2087 1118 2179 Iosephus
1144 2088 1351 2164 consumma·
1376 2086 1445 2178 ipse
1467 2086 1585 2162 deserit
1612 2089 1697 2160 hanc
1715 2089 1943 2176 exceptionem
1964 2079 2173 2176 &confugit
2212 2099 2215 2108 '

563 2193 688 2262 tionem
708 2192 854 2278 coniugii
871 2189 979 2260 adhuc
996 2185 1162 2276 speravit,
1185 2193 1353 2277 quomodo
1376 2194 1417 2259 ad
1440 2188 1561 2266 aliam,
1590 2185 1620 2260 b.
1649 2187 1815 2282 uirginem
1843 2205 2009 2277 nunquam
2027 2177 2173 2280 habuiffl

563 2290 666 2376 igitur
694 2285 763 2376 ipso
788 2285 916 2360 conscio
947 2297 981 2358 &
1013 2283 1261 2372 consentiente,
1285 2291 1353 2359 imo
1377 2287 1575 2383 explicitam
1603 2287 1750 2358 animam
1778 2280 2030 2378 conjiemmandi
2052 2280 2171 2354 matri·

562 2383 657 2460 tiznul
695 2407 861 2464 vovente,
899 2385 1006 2454 diaria
1041 2405 1155 2455 votum
1184 2407 1353 2475 perpetue
1380 2384 1543 2470 moniam,
1583 2381 1735 2478 alioquin
1761 2384 1847 2454 enim
1875 2404 1940 2453 non
1966 2375 2043 2476 effer
2074 2381 2173 2478 uirgo

565 2485 763 2574 virginitatis
791 2478 925 2554 emisisse
952 2482 1016 2552 dici
1038 2482 1171 2568 potasti
1210 2485 1354 2556 Historia
1378 2484 1512 2567 animo,
1531 2480 1594 2578 sed
1606 2479 1719 2578 solam
1738 2503 1846 2554 corne.
1898 2475 1970 2554 Nec
1989 2487 2103 2552 tamen
2122 2479 2174 2551 lu·
2212 2495 2215 2500 ’

563 2580 755 2671 evangelica
773 2577 952 2668 timplicem
968 2603 1006 2648 ac
1025 2579 1201 2650 candidum
1227 2578 1355 2668 losephi
1370 2583 1419 2678 stt
1438 2583 1566 2665 viram,
1593 2581 1673 2677 qnia
1697 2604 1769 2651 cum
1794 2578 2050 2652 matrimonium
2071 2577 2172 2664 iniit,

563 2685 598 2753 dc
617 2681 733 2750 Maria:
749 2681 895 2748 animum
909 2697 1078 2758 enarrant,
1100 2680 1189 2764 quod
1202 2677 1353 2750 consum·
1378 2679 1472 2751 dedit
1489 2680 1564 2753 viro
1585 2676 1773 2774 absolutam
1789 2681 1981 2775 potestatem
2001 2676 2039 2749 im
2058 2697 2176 2772 corpur

561 2773 698 2848 mussent
716 2777 986 2856 matrimonium,
1011 2769 1069 2842 nist
1095 2777 1206 2845 divina
1237 2799 1353 2847 eonce-
1370 2776 1492 2873 saum,
1516 2780 1567 2851 ita
1589 2788 1713 2849 atvero
1731 2775 1864 2850 licuerit
1881 2772 2020 2871 Iosepivo
2036 2821 2048 2855 ,
2064 2775 2097 2874 fi
2118 2794 2176 2846 va·

562 2879 634 2962 prio
666 2871 889 2946 intervenisset
909 2919 919 2950 ,
957 2873 1138 2958 eademque
1163 2871 1206 2943 ab
1234 2872 1354 2963 angelo
1379 2872 1509 2972 luisset,
1539 2877 1790 2948 matrimonium
1811 2897 1882 2946 crem
1901 2871 1932 2946 b.
1949 2873 2175 2966 virginemn·

561 2971 636 3060 ipsis
660 2970 861 3041 ancariis-'retiam
882 2967 999 3040 fuiss'et.
1061 2972 1188 3041 Frustra
1214 2973 1355 3060 proinde
1372 2973 1566 3070 summare,
1596 2974 1634 3046 id
1659 2975 1745 3046 enim
1772 2971 1953 3067 requiritur
1984 2969 2030 3044 fj,
2048 2969 2177 3068 sufficit

552 3068 777 3163 ¹bellarminus
807 3067 864 3140 lib.
888 3075 928 3138 dc
949 3065 1100 3140 monach.
1130 3091 1157 3139 e.
1183 3075 1354 3139 XXXVll.
1380 3072 1426 3143 ad
1442 3069 1697 3168 cffcntiamvcri
1717 3071 1945 3156 matrimonii,
1964 3080 2079 3142 comm
2096 3071 2176 3166 quia

561 3163 770 3256 blasphemie
789 3191 860 3238 reor
881 3170 1012 3256 peragit
1035 3167 1198 3238 centurias
1216 3169 1356 3255 Magde·
1373 3167 1504 3266 sciebat
1524 3167 1598 3266 ipso
1615 3169 1734 3242 divino
1752 3169 1953 3242 revelatione
1967 3169 2082 3245 edodo
2095 3193 2178 3243 marr·

562 3263 662 3355 burg.
685 3287 860 3353 propterea
885 3268 974 3352 quod
1003 3287 1087 3334 cent.
1113 3263 1136 3333 l.
1161 3261 1218 3333 lib.
1240 3270 1262 3333 s.
1282 3289 1353 3348 cap.
1380 3293 1478 3364 quom
1504 3267 1677 3365 Iosepsnrm
1695 3267 1733 3339 id
1749 3271 1993 3364 expetiturum,
2022 3268 2098 3341 ideo
2117 3292 2178 3364 po·

562 3369 605 3435 X.
627 3362 689 3434 col.
712 3370 789 3453 366.
811 3359 984 3440 adserunt,
1013 3359 1186 3455 Ineptum
1209 3358 1249 3432 si
1269 3359 1354 3431 Ma·
1380 3380 1467 3441 terat
1485 3365 1602 3441 lairere
1620 3365 1660 3440 si
1681 3365 1824 3439 tradebat
1844 3367 2044 3462 explicitam
2059 3365 2177 3439 uolan-

561 3463 649 3533 riam
666 3464 716 3532 ito
738 3486 846 3534 nerum
867 3459 1058 3552 coniugium
1078 3456 1299 3554 contraraie,
1318 3471 1355 3532 at
1379 3480 1480 3539 rotem
1506 3466 1629 3559 kroner
1647 3466 1853 3547 continendi,
1881 3468 1915 3537 in
1931 3487 1997 3560 qrta
2019 3464 2176 3538 uolunta·

560 3561 729 3632 votaretur
753 3563 882 3656 ¹(sertata
912 3568 1054 3651 ternpore
1084 3583 1171 3628 marc
1205 3560 1351 3630 aliorum
1378 3580 1408 3639 te
1430 3551 1562 3662 proprie
1586 3567 1770 3658 uirginitas
1793 3566 1945 3664 confistit.
1998 3560 2102 3652 Resp.
2120 3563 2174 3634 ubi

562 3661 740 3750 torringam
759 3655 881 3727 liberos
903 3679 1093 3750 procreare:
1127 3660 1159 3726 id
1180 3661 1268 3728 enim
1295 3662 1351 3729 de·
1377 3691 1457 3736 veru
1485 3664 1695 3736 revelationis
1715 3660 1801 3735 illius
1825 3654 1930 3734 ullum
1958 3665 1991 3732 in
2019 3657 2117 3734 sactis
2139 3660 2175 3734 li·

557 3753 726 3836 scriptioni
748 3756 1023 3844 evangelistarum
1052 3751 1251 3827 exatiisstme
1273 3779 1351 3826 cun-
1377 3768 1453 3834 teris
1477 3766 1577 3835 exstat
1602 3763 1775 3851 vestigium
1795 3762 1812 3832 i
1835 3756 1945 3834 'Certe
1965 3759 2175 3849 evangeliste

557 3857 657 3942 siffis·
686 3849 935 3936 Chsts0st=>ff¹u⁸
955 3853 1045 3925 imm·
1068 3861 1121 3925 lV·
1140 3856 1173 3924 5¹1
1189 3853 1309 3925 Matth.
1326 3857 1350 3925 l·
1377 3872 1410 3934 ὃ(
1432 3861 1590 3949 aposloli,
1613 3862 1668 3947 qni
1690 3863 1832 3947 reliquas
1852 3857 2073 3932 revelationes
2092 3853 2175 3929 lose·
2208 3881 2210 3886 ’

557 3949 736 4021 verborum
752 3949 921 4036 emphasin
939 3957 1105 4038 expendit.
1149 3949 1228 4024 Non
1245 3954 1349 4036 dixit,
1377 3961 1444 4047 pho
1468 3971 1501 4032 ὃ(
1526 3962 1640 4029 llario
1664 3956 1764 4028 satias
1785 3981 1851 4028 tam
1876 3961 2033 4028 adcurate
2056 3948 2176 4028 descri-

550 4050 748 4148 priruqaanr
771 4051 805 4119 in
819 4047 932 4144 simus
958 4050 1091 4122 domant
1114 4051 1349 4134 adduceretur,
1375 4057 1484 4136 bunt,
1512 4058 1594 4126 hanc
1615 4050 1716 4142 ipsam
1738 4080 1805 4126 non
1830 4049 2175 4143 pretermitteret

547 4147 613 4244 sed
635 4151 826 4240 pcirtrqnenr
858 4151 1076 4222 coeternircrrt.
1131 4147 1232 4222 Hanc
1264 4151 1349 4220 enirn
1376 4171 1438 4242 qna
1459 4150 1536 4226 esset
1565 4153 1660 4226 satta.
1714 4155 1806 4225 Acti
1836 4156 1942 4226 Maria
1964 4154 2070 4224 etiam
2100 4174 2175 4224 ante

556 4269 678 4318 errorem
692 4245 853 4340 fiatrm'vnt
872 4249 1083 4341 antiquiror,
1108 4260 1145 4319 ut
1158 4246 1290 4346 sponsa
1314 4251 1349 4319 in
1375 4249 1657 4341 desponsationem
1681 4252 1870 4337 explicitam
1886 4251 2094 4323 voluntatem
2118 4248 2173 4322 he·

548 4343 747 4440 sponsorum
772 4344 924 4418 sternitur
943 4346 1148 4419 studerentrer.
1219 4347 1269 4423 Ut
1290 4370 1350 4418 aa·
1375 4351 1447 4420 buit
1473 4347 1601 4438 sevnper
1623 4354 1838 4431 continendi,
1861 4375 1927 4436 quo
1948 4346 2014 4422 fine
2034 4347 2175 4439 losepho

558 4455 621 4516 tent
648 4445 760 4538 gerini
789 4443 878 4516 tnta
907 4445 998 4533 arat
1015 4445 1166 4540 ⁸,soterian
1191 4447 1350 4542 legantur
1376 4445 1437 4520 sese
1458 4446 1657 4536 desponderi
1679 4447 1741 4518 init
1772 4445 1888 4538 passa?
1923 4444 2105 4518 absurdum
2129 4448 2175 4519 est

556 4541 798 4616 traditricem
821 4543 944 4639 sporrsrr
964 4545 1107 4615 nondum
1131 4543 1189 4620 nbi
1211 4543 1349 4639 coperia·
1374 4543 1522 4634 sponsam
1547 4545 1655 4618 sacere
1677 4572 1771 4626 eam,
1797 4573 1869 4634 quae
1891 4550 2013 4616 coniux
2035 4542 2099 4617 esse
2119 4571 2175 4616 ne-

556 4645 603 4716 ris
624 4643 695 4735 lege
715 4644 882 4735 rurrircgii,
903 4645 952 4740 fic
973 4639 1013 4716 ss
1032 4641 1349 4718 Muriadasritabat
1374 4650 1455 4734 quit.
1512 4641 1725 4732 Desponsotio
1756 4644 1837 4716 nihil
1863 4645 1952 4715 aliud
1976 4647 2047 4722 est,
2075 4669 2175 4733 quum

464 4795 467 4800 -
554 4740 775 4834 carnsiranso.
829 4747 880 4812 De
903 4767 965 4828 qua
989 4739 1213 4825 Clrrvsostomi
1239 4741 1350 4817 obser·
1374 4749 1562 4815 contraitur
1599 4749 1640 4815 de
1678 4741 1790 4813 futuro
1818 4745 2055 4826 matrimonio,
2089 4744 2175 4813 eius-

555 4841 686 4914 vatiune
717 4843 866 4924 quamvis
901 4839 1008 4911 adhuc
1043 4842 1189 4914 dubitari
1219 4839 1349 4928 possit,
1375 4847 1518 4925 demque
1538 4847 1625 4915 inter
1648 4837 1801 4927 sponsum
1828 4853 1862 4914 ὅ(
1889 4834 2040 4930 sponsam
2064 4842 2175 4930 patilo

550 4937 727 5026 pontificiis
745 4963 855 5010 tamen
877 4963 913 5008 ea
935 4945 1025 5009 reste
1042 4945 1246 5026 opponitur,
1273 4963 1348 5009 cum
1374 4965 1411 5010 ac
1438 4939 1627 5025 promissm3
1657 4940 1735 5010 tolle
1764 4937 1855 5029 spem
1876 4939 2105 5017 matrimonii,
2139 4948 2174 5011 δε

551 5033 590 5106 stt
603 5037 713 5126 ¹relata
736 5039 767 5106 in
794 5044 842 5109 ins
862 5041 1057 5107 canonicum
1085 5064 1112 5109 c.
1146 5040 1348 5120 Priusquam.
1373 5035 1615 5124 desponsationi
1632 5039 1772 5127 amplius
1790 5062 1856 5108 non
1873 5042 1937 5110 erit
1954 5037 2059 5110 loeus.
2085 5037 2173 5130 Quae

550 5156 608 5231 27.
639 5161 671 5226 q.
711 5158 742 5209 2.
807 5140 840 5210 si
865 5140 937 5222 quis
962 5131 1193 5218 Chrysoslomo
1215 5135 1348 5208 obiiciat
1372 5137 1600 5230 virginitatem
1618 5162 1816 5229 perpetuam
1838 5157 2028 5218 voverunt,
2056 5133 2173 5303 illishex
