4884 5984
688 519 786 606 'DE
809 533 1071 608 CONSENSVS
1119 531 1382 606 PARENTVM
1434 531 1751 612 NECESSITATE.
2018 553 2061 626 7!

365 711 511 800 sormam
534 727 585 799 rei
602 724 779 801 necessario
798 725 990 819 requisitum
1007 727 1092 812 ,ibi
1115 730 1205 806 ‹leell
1230 756 1305 802 narn
1333 727 1480 823 conjugii
1512 735 1778 808 constitutionem
1808 729 2058 812 contrahentem

369 822 494 912 aliquid
520 830 566 898 ad
599 824 703 917 ipsam
730 829 782 900 rei
811 827 977 901 essentiam
1006 831 1202 920 pertinens,
1228 833 1261 902 id
1283 828 1555 903 enimnecell'ario
1570 835 1757 906 addendum
1774 829 2055 921 ell'epatcterto,

365 925 450 994 ratio
469 928 548 1006 est,
574 930 650 1013 quia
666 931 803 997 materia
823 938 857 1004 δι
878 925 985 1001 forma
1009 925 1083 1000 sunt
1100 925 1196 1003 elsen-
1227 933 1316 1017 quod
1335 926 1480 1019 persone
1496 932 1529 999 in
1548 933 1706 1022 gradibus
1723 937 1834 1003 divina
1852 931 1929 1022 lege
1942 927 2059 1019 probi.

366 1021 458 1094 tiata
481 1033 519 1098 ot
544 1026 762 1096 constitutive
782 1029 831 1097 rei
854 1050 973 1117 partes.
1037 1031 1140 1118 Atqui
1167 1033 1201 1101 in
1227 1027 1303 1098 bitis
1317 1028 1548 1100 contrahentes
1573 1055 1639 1101 non
1663 1032 1724 1103 fint
1747 1033 1883 1103 materia
1910 1026 2060 1117 conjugii

365 1125 530 1214 coniugio
547 1121 741 1194 *liberorum
766 1127 847 1194 citra
868 1149 1043 1214 parentum
1065 1124 1200 1200 consen·
1227 1129 1387 1197 divinitus
1402 1131 1551 1198 ordinata
1569 1185 1576 1211 ,
1599 1156 1636 1201 ac
1654 1134 1794 1220 proinde
1815 1134 1901 1201 inter
1917 1152 1974 1200 cos
1991 1149 2058 1197 non

365 1212 436 1306 sum
462 1226 638 1294 tonnano
656 1223 745 1293 deest
763 1221 886 1310 aliquid
908 1229 948 1296 ad
971 1228 1143 1298 materiam
1167 1238 1202 1302 or
1228 1224 1325 1314 possit
1333 1229 1479 1298 conllare
1496 1253 1611 1297 verum
1629 1255 1666 1301 ac
1680 1251 1787 1301 ratum
1798 1227 2058 1299 matrimonium.

366 1313 515 1390 sormam
532 1318 710 1392 necessario
729 1322 933 1409 requisitum.
985 1330 1074 1415 Ergo
1097 1330 1130 1396 in
1146 1325 1203 1396 tali
1229 1327 1330 1412 Atqui
1346 1322 1443 1396 liberi
1465 1327 1546 1397 citra
1568 1323 1759 1399 consensum
1781 1354 1854 1418 par¹
1886 1348 1958 1406 tum
1979 1347 2059 1393 con·
2154 1349 2160 1356 ·

368 1420 533 1511 conjugio
569 1421 659 1492 deest
697 1417 821 1507 aliquid
852 1426 892 1494 ad
923 1417 1027 1510 ipsam
1054 1427 1201 1516 conjugii
1226 1423 1392 1494 trahentes
1420 1448 1486 1493 non
1517 1421 1589 1495 sunt
1617 1423 1763 1514 persone
1792 1353 1907 1503 reg,
1933 1424 2059 1504 idest,

366 1512 542 1592 essentiam
562 1519 741 1608 pertinens.
802 1516 1008 1617 Adsunrlum
1039 1523 1202 1612 probatur
1221 1522 1314 1610 juxta
1334 1524 1480 1593 divinam
1501 1523 1648 1614 conjugii
1666 1526 1931 1597 constitutionem
1951 1516 1981 1593 se
2001 1518 2059 1590 ha·

369 1623 417 1689 er’
428 1615 604 1708 hypothes
627 1615 825 1691 Bellarmini.
878 1616 1061 1694 Consensus
1086 1631 1203 1710 conju.
1232 1620 1368 1705 bentes,
1398 1644 1434 1692 nt
1455 1625 1724 1696 demonstratum.
1778 1630 1866 1715 Ergo
1895 1644 1961 1692 non
1988 1614 2063 1689 sunt

371 1739 456 1807 gum
479 1716 593 1788 verbis
618 1713 782 1804 expressus
803 1720 848 1790 cll
875 1722 1069 1795 materia&
1098 1718 1205 1793 sorma
1231 1723 1367 1791 materia
1389 1723 1536 1810 conjugii
1561 1723 1718 1793 divinitus
1741 1727 1901 1795 ordinate.
1965 1719 2076 1810 Quo-⁶

369 1817 535 1908 conjugii.
600 1817 704 1901 Atqui
733 1813 904 1890 consensus
933 1817 988 1890 ille
1022 1828 1204 1911 conjugum
1230 1825 1330 1891 modo
1353 1843 1433 1889 vero
1451 1817 1631 1907 poteness'e
1653 1825 1846 1915 conjugium
1878 1821 2061 1894 divinum,

374 1911 556 1986 necessario
569 1916 710 2001 requirit
727 1912 915 1988 consensum
934 1941 1125 2006 parentum,
1139 1917 1205 1990 sane
1230 1944 1348 1989 verum
1377 1940 1415 1989 ae
1442 1938 1583 2006 ratum,
1615 1921 1736 2009 inquo
1759 1947 1824 1992 non
1850 1919 1896 1989 eli
1927 1917 2064 1986 materia

376 2035 444 2102 quo
460 2013 531 2086 non
547 2015 594 2084 eli
611 2011 798 2102 legitimus,
825 2036 862 2086 ut
877 2016 1054 2106 probatum
1072 2044 1111 2088 ex
1127 2041 1205 2088 eon·
1229 2018 1377 2106 conjugii
1394 2013 1552 2087 divinitus
1566 2017 1738 2092 ordinata?
1763 2047 1802 2090 ex
1816 2018 1952 2089 materia
1966 2014 2064 2085 vitio-

374 2114 459 2204 jogii
480 2112 854 2205 inuitationeoripfius
874 2118 937 2187 Dei
949 2112 1098 2205 jullione.
1149 2121 1208 2190 Er.
1233 2107 1264 2186 so
1285 2112 1576 2206 yitiosumorietur
1597 2121 1817 2189 materiatum.
1856 2121 2066 2211 Formacon·

375 2235 423 2306 go
440 2206 616 2284 consensus
638 2234 813 2299 parentum
836 2216 1017 2301 requiritur
1043 2219 1082 2286 ad
1107 2237 1211 2287 mate·
1233 2216 1317 2305 jugii
1341 2217 1386 2284 eli
1407 2213 1580 2305 legitima,
1608 2241 1647 2287 ex
1672 2216 1822 2307 legitimo
1843 2212 1965 2286 scilicet
1985 2234 2064 2281 con-

375 2312 460 2382 riam
488 2319 525 2386 bc
553 2308 697 2382 formam
728 2314 876 2406 conjugii
904 2315 1061 2386 divinitus
1085 2314 1211 2387 instita·
1235 2307 1327 2384 sensu
1348 2337 1420 2386 orta
1437 2312 1619 2402 conjugalis
1640 2315 1851 2386 cohabitatio.
1906 2311 2005 2398 Atqui
2029 2311 2065 2378 in

375 2432 457 2482 tam.
511 2409 663 2483 Ulterius
688 2434 730 2480 ex
752 2412 864 2500 priore
890 2407 1077 2502 syllogismo
1099 2410 1140 2483 lic
1163 2414 1213 2484 in·
1236 2409 1395 2508 conjugio
1418 2410 1600 2482 liberorum
1622 2416 1704 2484 citra
1733 2435 1908 2502 parentum
1930 2402 2067 2482 consen·

379 2505 538 2582 serimus:
564 2516 604 2580 ln
631 2533 829 2597 quocunque
853 2513 1013 2603 conjugio
1039 2513 1127 2582 deest
1154 2512 1214 2582 ali·
1238 2507 1308 2581 sutn
1339 2513 1510 2583 contrusio
1539 2513 1627 2582 deest
1652 2512 1821 2605 legitima,
1852 2537 1891 2583 er
1916 2507 2067 2599 legitimo

342 2683 351 2694 ,
378 2610 462 2697 quid
480 2615 524 2679 aas
547 2602 652 2697 ipsam
673 2611 819 2699 conjugii
840 2604 1008 2683 essentiam
1028 2613 1213 2698 pertinens,
1239 2605 1359 2681 scilicet
1378 2604 1532 2682 consensu
1557 2632 1628 2681 orta
1646 2609 1828 2702 conjugalis
1856 2606 2066 2682 cohabitatis.

380 2707 465 2780 illud
486 2731 556 2780 non
581 2708 688 2797 poteli
716 2705 780 2782 esse
800 2706 1015 2798 legitimum,
1042 2733 1150 2784 ratum
1175 2735 1213 2782 sc
1239 2716 1339 2801 Ergo.
1391 2710 1494 2802 Quod
1529 2707 1745 2783 Bellarminus
1767 2711 1962 2801 conjugium
1990 2727 2070 2777 con·
2107 2773 2110 2778 .

380 2803 531 2880 firmum.
598 2809 660 2879 Sed
690 2805 724 2878 in
747 2809 902 2897 conjugio
926 2807 1107 2879 liberorum
1132 2809 1214 2881 citra
1240 2807 1305 2879 sert
1326 2832 1403 2879 curn
1426 2809 1496 2892 aliis
1520 2800 1753 2888 sacramentis,
1780 2816 1821 2879 de
1841 2833 1881 2880 eo
1903 2807 1981 2894 quid
2008 2805 2069 2872 lin-

379 2929 565 2997 parcntum
584 2899 777 2977 consensum
800 2911 974 2979 continuo
988 2909 1077 2982 deest
1091 2904 1215 2993 aliquid
1239 2909 1398 2980 tuendum
1423 2904 1480 2985 stt,
1505 2908 1644 2993 judicari
1659 2910 1765 2996 potest
1778 2933 1817 2977 ex
1834 2901 2068 2996 superioribus.

377 2999 556 3095 adipsam
589 3006 738 3094 conjugii
764 3002 932 3078 essentiam
959 3007 1153 3093 pertinens,
1179 3029 1214 3077 ut
1239 3011 1448 3078 Sacramenta
1480 3002 1567 3076 suam
1591 3003 1712 3078 habent
1742 3006 1913 3077 materiam
1942 3013 1974 3076 δι
2001 2999 2070 3072 sor·

378 3103 654 3177 demonstratum.
705 3108 795 3196 Ergo
824 3101 907 3175 illud
935 3129 1003 3175 non
1026 3104 1132 3194 poteli
1152 3102 1214 3176 else
1238 3130 1347 3176 mam.
1372 3129 1410 3175 ex
1432 3129 1495 3192 quo
1512 3097 1658 3191 ipsorum
1684 3102 1816 3176 essentia
1842 3103 1990 3181 constat,
2017 3122 2073 3171 ex·

379 3201 597 3296 legitimum,
629 3224 800 3274 ratumne
828 3199 974 3275 firmum.
1040 3204 1143 3290 Atqui
1169 3205 1214 3275 ita
1238 3227 1288 3276 tra
1310 3204 1589 3274 administrantem
1611 3212 1760 3275 &extra
1785 3224 1944 3274 utentem.
2010 3197 2074 3271 Sed

377 3326 417 3376 ex
450 3297 624 3392 hypothes
660 3301 849 3372 bellarmini
882 3302 1120 3374 concludimus.
1176 3305 1213 3372 ld
1238 3304 1486 3374 matrimonium
1513 3300 1554 3372 ab
1575 3299 1651 3388 ipsas
1675 3298 1946 3373 contrahentibus
1979 3307 2011 3375 δι
2039 3297 2075 3368 in

375 3397 485 3492 ipsum
511 3426 553 3472 ex
574 3401 691 3472 uostris
719 3397 951 3488 hypothesibus
974 3400 1015 3476 fic
1036 3397 1212 3473 confirma.
1238 3398 1314 3493 ipsis
1329 3451 1341 3486 ,
1378 3427 1397 3492 a
1430 3422 1547 3472 mutuo
1582 3397 1702 3471 scilicet
1736 3426 1852 3472 eorum
1889 3392 2073 3484 consensu,

377 3523 469 3574 urus:
495 3495 651 3576 Efficiens
673 3497 768 3571 causa
787 3501 935 3592 conjugii
952 3502 1110 3573 diuinitus
1127 3502 1217 3572 ordi.
1241 3498 1358 3586 suuni,
1380 3504 1468 3589 quod
1484 3498 1603 3577 habet,
1626 3495 1689 3569 esse
1704 3493 1857 3579 sortitura
1882 3522 1922 3567 ex
1940 3519 2006 3588 quo
2025 3497 2076 3564 in-

377 3620 453 3670 nata
476 3598 527 3668 est-
541 3592 716 3669 consensus
737 3600 1004 3670 contrahentium
1024 3597 1216 3689 legitimus,
1242 3598 1433 3692 telligitur,
1465 3592 1628 3669 diversam
1655 3592 1718 3669 esse
1743 3596 1947 3669 matrimonii
1974 3602 2008 3668 ot
2030 3587 2077 3662 sa·

377 3699 482 3786 iustus
503 3721 544 3768 ac
571 3694 701 3782 plenus.
751 3701 812 3770 seo
838 3703 923 3770 citra
946 3695 1136 3769 consensum
1160 3724 1217 3788 pa·
1241 3722 1489 3773 crementorum
1516 3695 1577 3767 bac
1604 3698 1637 3766 in
1663 3718 1760 3787 parte
1791 3697 1984 3773 rationem,
2014 3713 2076 3764 nee

376 3817 511 3868 rentum
538 3789 711 3867 consensus
736 3796 1003 3868 contrabentium
1017 3821 1085 3867 non
1099 3797 1152 3868 ‘est
1172 3797 1219 3870 le·
1242 3795 1330 3889 posse
1354 3802 1466 3870 Deum
1487 3800 1659 3867 outiorem
1690 3798 1838 3886 coniugii
1863 3790 1985 3870 statui,
2017 3784 2077 3860 nisi

373 3897 516 3988 gitimus
527 3945 541 3979 ‚
566 3897 669 3982 justus
691 3917 735 3984 ae
749 3893 897 3984 plenus„
930 3901 1020 3987 Ergo
1045 3897 1081 3966 in
1101 3903 1217 3985 conju·
1240 3900 1340 3980 etiam
1356 3894 1395 3966 stt
1410 3903 1481 3983 ejus
1494 3897 1610 3965 auctor
1624 3918 1663 3965 ex
1687 3916 1781 3983 parte
1796 3888 2077 3964 contrahentium.

373 3995 434 4088 gio
472 3996 558 4065 citra
602 4014 780 4086 parentum
824 3990 1015 4065 consensum
1044 3999 1218 4068 conta-asle
1242 3997 1334 4089 Quia
1356 4019 1437 4067 vero
1456 3991 1672 4066 bellarminus
1692 4017 1813 4085 negare
1831 3991 1969 4076 nequit,
1996 4009 2078 4060 con·

344 4141 347 4146 -
375 4094 468 4166 deest
487 4087 583 4168 causa
600 4088 747 4164 efficiens
764 4095 920 4165 divinitus
938 4097 1099 4164 ordinata.
1139 4091 1219 4166 Ad·
1240 4095 1372 4186 jngium
1393 4089 1456 4166 else
1478 4096 1713 4172 contraClum,
1737 4116 1778 4163 ex
1804 4114 1844 4169 co
1871 4087 1913 4161 fic
1942 4084 2079 4160 cunclu-

371 4189 527 4289 sumtnm
543 4192 668 4262 constat
683 4216 724 4264 er
741 4197 934 4277 antestetis,
962 4203 996 4268 oc
1015 4192 1134 4262 clarius
1159 4217 1219 4282 pa·
1242 4197 1379 4266 dimus:
1417 4193 1544 4265 Omnis·
1581 4195 1768 4262 contractus
1796 4187 2016 4278 illegitimus,
2044 4190 2080 4255 δε

378 4291 466 4364 tebit
479 4316 521 4362 ex
542 4291 700 4362 dicendis.
755 4286 938 4387 Consensns
952 4289 1047 4383 «facit
1062 4292 1219 4384 nuptias,
1243 4313 1359 4363 contra
1383 4290 1492 4381 legem
1522 4290 1668 4360 divinam
1703 4292 1790 4359 inter
1816 4305 1926 4376 partes
1948 4304 2082 4354 contra-

378 4381 489 4484 inquit
505 4384 796 4472 iurisconsultusl.
819 4383 974 4479 Nuptias.
994 4385 1032 4462 ff.
1057 4395 1098 4462 de
1120 4394 1163 4465 R.
1187 4393 1218 4482 J,
1244 4389 1359 4461 bentcs
1380 4393 1481 4460 initus
1501 4389 1546 4459 est
1568 4413 1630 4476 per
1650 4383 1681 4460 se
1699 4390 1835 4467 irritus,
1868 4393 1902 4457 &
1926 4408 1944 4453 a
1970 4381 2082 4470 judice

377 4511 412 4563 rt
429 4487 531 4560 liberi
554 4485 580 4557 st
606 4489 640 4558 in
664 4492 823 4575 potestate
844 4505 1021 4579 parentum
1043 4483 1135 4568 sont,
1162 4513 1221 4586 prr
1244 4489 1420 4560 christiano
1447 4488 1558 4557 irritus
1579 4488 1794 4575 pronunciari
1817 4484 1935 4572 potest.
1988 4482 2083 4554 Con·
2137 4567 2139 4572 Ι

372 4585 614 4686 seruassentire
627 4611 814 4674 nequeunt,
842 4588 863 4662 l.
889 4588 972 4659 velle
991 4581 1026 4658 ff.
1047 4591 1120 4660 eod.
1145 4613 1222 4662 con·
1244 4593 1375 4681 jugium
1397 4614 1415 4659 a
1437 4587 1549 4657 liberis
1580 4587 1661 4655 citra
1684 4577 1876 4656 consensum
1902 4600 2083 4670 parentum

375 4683 492 4786 sensus
520 4687 550 4760 is
576 4687 623 4785 est
647 4690 783 4780 putris,
824 4714 883 4784 per
912 4709 1004 4782 quern
1034 4688 1138 4786 potest
1163 4687 1222 4787 effi
1247 4692 1366 4758 initum
1389 4687 1635 4758 estconnauns
1655 4681 1867 4776 illegitimus,
1895 4675 2085 4768 §elegidi-

379 4781 556 4884 ronsensus
573 4784 675 4883 filii,
714 4812 770 4860 nec
789 4789 875 4861 enim
897 4783 965 4881 ipse
979 4783 1081 4882 filius
1104 4776 1223 4886 pcr'sc
1249 4789 1333 4858 nina
1354 4807 1530 4876 repugnat.
1583 4787 1732 4872 Ergoest
1753 4775 2021 4872 persentitur,
2048 4781 2085 4847 oc

329 4949 332 4954 .
383 4889 514 4982 integer
532 4883 707 4985 namursi,
738 4912 776 4958 ut
800 4914 842 4958 er
866 4887 966 4960 Baldo
988 4885 1136 4973 loquitur
1159 4889 1218 4961 Al·
1245 4886 1388 4972 ajudice
1403 4883 1578 4954 christiano
1595 4883 1708 4951 irritus
1728 4878 1942 4966 pronunciari
1964 4873 2082 4985 potest.

381 4985 513 5060 bericus
536 4985 680 5058 Gentilis
704 4985 759 5056 lib.
791 4986 851 5057 lV.
874 4992 914 5056 dc
940 5008 1036 5071 nupt.
1062 5009 1134 5072 cap.
1159 4990 1216 5062 ΙΙΙ,
1248 4981 1327 5076 lli.)
1366 4986 1416 5051 hd
1446 4983 1678 5070 probationem
1708 5004 1749 5050 ex
1780 5001 1899 5065 quarto
1931 4968 2085 5056 decalogi

384 5087 526 5158 Materia
541 5083 692 5173 conjugii
706 5086 865 5155 divinitus
884 5085 1040 5155 ordinata·
1051 5083 1124 5154 sunt
1140 5111 1220 5171 per.
1246 5101 1415 5169 precepto
1429 5082 1603 5148 deductam
1620 5079 1764 5166 excipit,
1780 5099 1824 5174 pr
1856 5084 1981 5168 epium
1995 5061 2108 5155 illud,

381 5178 525 5258 sanese
549 5171 711 5257 habentes
730 5187 846 5270 reete,
868 5186 903 5264 id
923 5183 990 5263 est,
1016 5189 1116 5272 juxta,
1130 5185 1221 5262 diui·
1241 5176 1294 5262 ,ad
1315 5199 1420 5249 mores
1436 5175 1693 5280 iay‘ormondos,
1716 5197 1785 5254 non
1806 5197 1849 5247 oa
1865 5171 2086 5272 sacramenta

433 5277 529 5364 Tem.
556 5277 651 5362 XV.
734 5301 741 5310 ·
1293 5281 1327 5356 K
1988 5260 2089 5337 mins*
