4884 5984
539 512 612 601 aot
1045 501 1195 578 rocus
1218 501 1343 574 xm.
1392 465 1544 573 enavr
1567 503 1644 577 vu.

546 695 674 790 „quam
695 691 878 773 coalescent
899 695 1023 777 animi,
1055 719 1225 786 nunquam
1256 718 1348 766 ama·
1369 717 1472 790 gnum
1488 696 1550 792 est,
1572 693 1646 768 dico
1672 705 1782 769 autem
1804 693 1841 771 in
1872 694 2043 800 christan
2072 695 2114 775 s!
2132 699 2169 774 in
2186 727 2214 776 -t

547 795 661 884 „bunt
678 821 756 884 aere
770 798 858 868 inter
875 793 929 876 se,
951 791 1035 867 nihil
1049 817 1159 867 autem
1179 793 1232 865 liic
1250 819 1347 864 mun·
1368 791 1547 893 scelestam.
1598 799 1675 864 Huc
1690 793 1863 870 reserenda
1876 795 1950 870 sunt
1965 801 2078 872 omnia
2090 794 2169 872 scti-
2181 843 2214 864 -

547 896 641 977 „dus
675 893 736 966 liae
760 898 944 966 animarum
972 895 1208 983 conjunctione
1247 890 1347 964 babet
1370 915 1477 981 pturae
1503 895 1615 977 dim,
1656 893 1691 961 in
1721 894 1840 980 quibus
1867 895 2017 969 Christus
2045 898 2214 970 dicim-r

479 1061 484 1068 ,
549 1039 574 1078 „
583 990 765 1080 pulchrius.
820 995 873 1085 3.)
901 993 992 1084 Juris
1018 996 1173 1063 decretas
1205 985 1286 1089 inst.
1307 987 1347 1062 de
1361 988 1395 1086 s
1408 986 1505 1085 ansus
1535 986 1577 1063 CI
1597 992 1762 1072 maritus,
1787 991 1923 1067 ecclelia
1943 1017 2025 1068 aeto
2038 989 2167 1091 sponsa
2184 1017 2214 1062 a

550 1099 669 1186 „pain
686 1092 800 1188 potest.
821 1090 856 1174 i.
878 1115 912 1164 ι.
961 1091 1095 1177 Nuptiae
1121 1085 1195 1158 sunt
1221 1093 1285 1162 viri
1310 1098 1345 1161 de
1434 1112 1548 1167 uxore
1576 1084 1826 1162 l‘sal.l.XVlll.
1850 1111 1904 1177 13.
1941 1087 2214 1184 Esaj.l.lV.5-

551 1186 728 1270 „mulieris
746 1190 935 1275 conjunctio
951 1186 1154 1258 individuum
1171 1187 1247 1258 vitae
1268 1211 1348 1258 con·
1372 1194 1458 1261 lxi.
1474 1211 1524 1262 to.
1551 1190 1651 1257 lxii.
1669 1211 1698 1274 5.
1724 1193 1849 1277 Jerem.
1861 1187 1922 1259 111.
1932 1217 1966 1270 a.
1988 1186 2123 1262 osell.
2136 1213 2214 1272 7-

553 1280 789 1372 „suetudinem
810 1287 991 1358 continens.
1022 1285 1048 1360 l.
1078 1279 1229 1379 Nupsiae.
1253 1310 1280 1360 t.
1301 1279 1346 1377 ff
1372 1285 1567 1373 cumprimis
1602 1282 1668 1355 ltuc
1702 1287 1847 1374 pertinet
1875 1280 2214 1362 Psaltn.x1,v.t=

553 1382 624 1470 „de
639 1382 697 1455 tit.
715 1394 808 1478 nupt.
883 1383 1019 1471 Nuptiae
1053 1381 1127 1456 sunt
1159 1385 1350 1468 conjunstiu
1374 1386 1551 1457 Canticum
1567 1383 1803 1468 Canticorum,
1823 1381 2014 1456 Matth.lX.
2032 1381 2214 1476 ¹5·J'0l²-

554 1481 681 1567 „maris
705 1490 739 1554 dt
764 1479 929 1564 frumine,
955 1477 1157 1553 consortium
1175 1482 1282 1553 omnis
1301 1476 1361 1550 vi?
1375 1480 1436 1553 111.
1453 1505 1511 1569 29.
1537 1484 1641 1568 Apoc.
1653 1477 1746 1551 ΧΧ1.
1761 1504 1791 1551 2.
1809 1491 1874 1554 dtr.
1924 1483 2005 1578 Quo
2025 1479 2214 1554 referen-

553 1579 765 1669 „tae,diuini
785 1576 968 1653 &humani
982 1583 1064 1666 juris
1085 1578 1352 1655 communicatio,
1375 1584 1424 1650 dae
1459 1581 1559 1649 etiam
1591 1573 1663 1647 sunt
1700 1577 1865 1664 parabalae
1895 1578 2021 1652 Christi
2048 1579 2202 1657 Mattlt.

551 1672 609 1764 „l
628 1672 782 1748 adversus
807 1698 840 1760 4.
869 1671 908 1747 C.
932 1676 972 1747 de
993 1680 1086 1752 crin.
1113 1675 1218 1770 expil.
1244 1673 1350 1747 iered.
1377 1675 1487 1748 XXll.
1505 1703 1535 1747 a.
1562 1673 1674 1745 XXV.
1699 1699 1726 1745 t.
1747 1685 1811 1748 &c
1838 1673 1896 1746 ubi
1918 1679 2101 1772 notandum
2118 1699 2193 1748 ec-

555 1776 682 1857 „Utor
700 1769 783 1845 socia
802 1777 851 1847 rei
872 1771 1020 1846 humanae
1039 1803 1078 1848 ac
1094 1776 1214 1844 divine
1236 1777 1353 1845 domus
1377 1772 1504 1848 alestam
1520 1797 1585 1845 non
1606 1766 1708 1844 solum
1717 1770 1870 1868 sponsa,
1895 1798 1956 1845 nec
1970 1770 2075 1845 solum
2089 1795 2181 1848 texo·

553 1865 767 1957 „suscipitur
819 1881 867 1963 4.)
886 1874 1058 1944 Saniorum
1080 1872 1254 1963 gentilium
1274 1894 1355 1959 pro·
1376 1874 1430 1957 ri,
1458 1868 1511 1947 sed
1525 1867 1647 1957 sponse
1665 1880 1701 1943 &
1729 1874 1822 1943 uxori
1840 1874 2052 1959 comparari,
2078 1869 2177 1962 spon·
2212 1913 2213 1920 κ

557 1970 739 2056 „nunciata
759 1995 767 2041 τ
802 1968 1000 2069 Aristoteles
1029 1969 1088 2044 lib.
1119 1963 1231 2043 VIII.
1256 1967 1352 2042 eliic.
1379 1969 1563 2057 sequidem
1587 1991 1730 2056 propter
1751 1971 1872 2040 amoris
1897 1972 2170 2062 magnitudinem,

559 2064 636 2155 „ud
645 2061 840 2141 Illicanacl.
858 2065 952 2140 c.XI
955 2066 999 2142 V.
1011 2072 1170 2141 Homines
1186 2063 1354 2139 nonsobo
1377 2072 1453 2159 quia
1476 2062 1600 2155 sponse
1627 2070 1794 2136 ardentius
1812 2065 1921 2138 ¹solent
1945 2070 2050 2140 amari
2074 2065 2185 2156 q'uaut¹

560 2161 631 2248 „lis
643 2181 768 2236 tentum
785 2167 1017 2255 procreandae,
1044 2164 1096 2238 sed
1115 2169 1352 2252 retumetiam,
1378 2187 1513 2244 uxores,
1546 2165 1640 2233 uxori
1672 2185 1811 2252 propter
1841 2161 2062 2236 indissolubile
2095 2189 2172 2238 eon·

560 2283 665 2349 „quae
680 2264 722 2332 ad
743 2267 846 2335 vitam
865 2259 1034 2351 spectant,
1057 2269 1353 2352 comparandarum
1377 2264 1553 2353 junctionis
1571 2260 1760 2341 viaculum.
1785 2266 1875 2349 quod
1896 2284 2006 2334 temen
2023 2259 2171 2350 spiritua·

561 2353 685 2441 „causa
714 2358 926 2441 cohabitant,
962 2362 1118 2434 continuo
1142 2364 1232 2432 enim
1253 2356 1355 2430 divisa
1380 2366 1404 2432 li
1426 2360 1587 2431 adulterio
1612 2361 1771 2450 (perinde
1794 2382 1833 2431 ut
1860 2362 1894 2430 in
1921 2359 2079 2450 conjugio
2104 2357 2173 2434 seri

561 2449 665 2538 „sunt
683 2457 769 2530 inter
790 2456 874 2546 ipsos
897 2455 1031 2542 officia,
1062 2458 1125 2530 alia
1148 2461 1212 2529 viri
1238 2468 1272 2529 &
1294 2454 1356 2528 alia
1381 2457 1461 2530 solet
1475 2482 1536 2547 per
1555 2455 1754 2526 adulterium
1775 2454 1967 2551 corporale)
1980 2457 2103 2528 iterum
2115 2449 2176 2528 alis·
2212 2539 2213 2556 χ

562 2555 722 2637 „utoris,
749 2554 871 2645 sibique
896 2577 1012 2627 mutuo
1032 2556 1260 2645 opitulantur,
1284 2579 1355 2642 que
1381 2555 1460 2629 solvi
1484 2556 1599 2643 potest.
1652 2560 1736 2624 ltem
1763 2552 1896 2626 ecclesa
1921 2555 2032 2644 potius
2055 2555 2177 2630 dicitur
2207 2567 2213 2612 7

564 2652 731 2738 „propria
749 2648 843 2738 sunt,
860 2656 1084 2725 incommune
1101 2654 1354 2735 constituentes,
1381 2651 1514 2742 sponsa,
1538 2677 1635 2737 quam
1650 2675 1746 2736 uxor,
1760 2655 1835 2739 quia
1854 2650 2003 2725 Christus
2018 2653 2053 2723 in
2065 2651 2180 2740 primu·

564 2768 694 2834 „atque
711 2747 754 2819 ob
770 2753 801 2820 id
817 2749 987 2824 &utilitas
1003 2763 1038 2824 dt
1052 2751 1234 2837 iucunditas
1248 2753 1282 2818 in
1297 2749 1356 2817 luc
1383 2754 1438 2823 suo
1460 2757 1604 2821 adventu
1619 2747 1786 2820 ecclesiam
1813 2747 1869 2819 sibi
1896 2747 1985 2836 quast
2005 2745 2179 2842 desponsa·
2212 2825 2213 2832 ,

566 2848 737 2928 „amicitia
758 2843 821 2918 else
849 2851 1000 2925 videtur,
1031 2844 1094 2918 elle
1126 2852 1225 2920 etiam
1255 2841 1358 2932 poll'et
1384 2852 1431 2920 vit
1453 2851 1564 2922 2Cor.
1585 2844 1644 2917 Χ1.
1665 2871 1698 2919 2.
1719 2842 2004 2918 consummaturus
2032 2856 2072 2921 dt·
2091 2845 2179 2922 cele.
2210 2839 2213 2920 ἶ

565 2939 642 3027 „ob
674 2945 853 3028 virtutem,
877 2944 1013 3032 siprobi
1042 2942 1152 3020 essent.
1201 2941 1296 3015 Idem
1323 2943 1358 3014 in
1382 2947 1535 3018 braturus
1550 2969 1626 3015 curn
1643 2966 1680 3013 ea
1695 2938 1852 3034 gloriosas
1869 2945 1995 3032 nuptias
2011 2945 2047 3012 in
2067 2942 2180 3018 secun·
2210 2937 2213 3020 J

565 3039 747 3129 „rhetoric¹
770 3043 977 3137 pronunciat
1002 3055 1080 3129 ea‘s,
1106 3041 1224 3128 quinus
1244 3037 1358 3110 infelix
1383 3051 1426 3115 do
1452 3040 1507 3113 suo
1530 3045 1686 3111 adventu.
1705 3048 1813 3129 Apoc.
1830 3039 1924 3112 11111.
1939 3061 1972 3132 7.
2021 3039 2180 3116 Membra
2199 3053 2213 3134 ἑ

564 3140 847 3221 „matrimonium
866 3142 1029 3229 contigit,
1055 3163 1140 3228 pene
1162 3138 1237 3228 plus
1260 3161 1359 3225 quam
1383 3141 1635 3227 comparationis
1663 3139 1785 3209 institui
1815 3133 1947 3229 possunt
1974 3139 2089 3225 rath,
2119 3163 2180 3230 po·
2208 3149 2214 3226 «ἶ

565 3236 729 3321 „dimidia
753 3234 915 3308 felicitatis
932 3233 992 3306 sun
1014 3258 1108 3322 parte
1125 3235 1358 3325 esseprivatos.
1384 3241 1467 3310 tiora
1493 3233 1667 3307 consiliunt
1696 3239 1730 3306 in
1757 3232 1966 3324 sequentibus
1985 3237 2179 3327 capitibus:

565 3329 787 3428 „Euripides
806 3335 845 3406 de
860 3334 1041 3403 comniodir
1055 3332 1192 3429 ltoneslae
1208 3333 1362 3426 conjugis
1391 3338 1441 3429 t.)
1465 3343 1501 3404 ln
1515 3331 1775 3427 desponsatione.
1832 3329 1972 3422 Sponsus
2001 3344 2036 3406 dt
2065 3330 2179 3424 sponse

564 3431 726 3526 „inquies
752 3437 847 3502 Uxor
871 3433 987 3502 marito
1009 3433 1043 3499 in
1065 3430 1156 3500 malis
1179 3440 1212 3506 &
1239 3431 1362 3500 morbis
1385 3459 1403 3504 a
1424 3428 1671 3519 desponsatione
1691 3456 1812 3504 nomen
1833 3454 2059 3519 acceperunt,
2086 3458 2127 3505 ea
2145 3434 2179 3505 io

563 3580 592 3621 „
609 3524 787 3601 suavissima
804 3531 873 3606 cll,
898 3533 1034 3598 domum
1050 3527 1070 3597 li
1087 3532 1175 3598 redte
1189 3526 1360 3611 inhabitet,
1388 3529 1449 3602 hor
1472 3528 1631 3619 spirituali
1650 3534 1805 3620 conjugio
1831 3528 1939 3597 locum
1964 3527 2074 3600 habet.
2098 3525 2178 3604 Ose.

564 3628 680 3706 „iram
697 3628 849 3713 mitigat,
873 3634 907 3696 δι
926 3650 943 3737 ⁸.
961 3626 1249 3713 tristitiapnimum
1266 3649 1361 3698 aver·
1385 3631 1425 3702 ll.
1447 3649 1497 3715 19.
1529 3624 1730 3720 desponsabo
1753 3640 1791 3733 ‘te
1819 3624 1911 3696 milti.
1961 3623 2179 3714 Desponsatia

566 3721 1283 3908 ’(11.1..11111111111,1111111111
1302 3748 1360 3890 1Ξῖ
1383 3721 2178 3911 111.1111111511111111111111’.ι’ἒῆὲἶ

566 3912 664 3987 versis
681 3916 968 3986 demonstraretur.
1145 3925 1155 3939 ⁶
1382 3943 1497 3998 ratur,
1521 3923 1597 4008 quia
1630 3944 1724 4007 pater
1749 3919 1886 3990 toelellis
1913 3929 2016 4012 parui
2041 3922 2177 4016 nuptias

518 4011 523 4020 ’
886 4023 914 4102 p.
934 4017 1187 4087 CCCCXXlll.
1236 4010 1358 4086 Minus
1373 4016 1530 4120 filiosuo
1547 4020 1666 4089 Matth.
1680 4017 1788 4088 XXll.
1806 4044 1837 4090 2.
1890 4013 2105 4108 Sponsusper
2120 4043 2176 4108 pt·

565 4104 771 4198 numnam
816 4111 1019 4207 principalis
1038 4115 1182 4201 conjugii
1190 4111 1277 4207 finis
1294 4115 1356 4195 est,
1381 4115 1580 4203 ranymphos
1597 4113 1745 4200 sponsam
1764 4112 1851 4184 suam
1874 4112 1931 4183 fibi
1948 4138 2041 4186 curat
2058 4117 2176 4190 adduci

585 4183 771 4325 tuingen:
820 4213 909 4296 quod
948 4208 983 4280 fit
1013 4220 1109 4304 ippus
1140 4208 1358 4306 urdenltfflmi
1381 4241 1418 4287 ac
1450 4213 1669 4302 desponderi,
1705 4221 1745 4284 de
1765 4210 1923 4298 spirituali
1944 4212 2106 4308 conjugio
2127 4217 2176 4287 di·

581 4266 695 4420 {mm
727 4281 756 4325 ⁶⁶
823 4307 970 4392 amoris,
997 4330 1058 4402 qno
1088 4303 1237 4403 Christus
1259 4306 1357 4378 eccle·
1380 4315 1425 4383 cit
1445 4310 1612 4398 aposlolus
1644 4309 1822 4383 2Cor.Xl.
1841 4335 1870 4379 a.
1922 4307 2099 4405 Despondi
2120 4333 2198 4388 uos·

582 4421 774 4506 praefigat-a-
816 4407 902 4503 fiant
922 4403 1015 4496 snam
1036 4403 1285 4500 compleiiiinr,
1316 4402 1357 4477 sd
1380 4411 1440 4481 nni
1461 4411 1535 4480 viro
1559 4409 1722 4504 virginem
1749 4411 1870 4507 castam
1895 4406 2049 4482 exhibere
2077 4407 2175 4484 Citri-
2212 4411 2213 4430 ¹

644 4504 695 4562 n'a.
824 4502 1004 4601 ariiifflntae
1020 4502 1110 4573 illini
1125 4503 1275 4581 unionis,
1292 4525 1356 4597 pua
1374 4512 1448 4607 βω
1472 4518 1506 4580 &
1527 4507 1603 4595 Joh.
1622 4506 1681 4579 111.
1699 4530 1752 4598 ²9·
1810 4502 1880 4602 Qui
1897 4504 1995 4578 nabet
2003 4506 2173 4604 sponsant,

815 4600 916 4671 eidem
940 4600 1198 4700 esiconjnnfsus.
1250 4606 1357 4671 Docet
1374 4604 1406 4700 s
1421 4603 1517 4698 oristas
1533 4607 1594 4702 est,
1620 4606 1745 4677 amicus
1764 4602 2011 4702 anltnrsponfi,
2037 4609 2096 4702 qui
2106 4612 2174 4708 slas
2212 4619 2213 4636 ¹

565 4696 628 4765 hoc
646 4692 808 4780 apostolus
830 4698 944 4768 Paulas
967 4709 1001 4772 &
1021 4725 1061 4769 ex
1085 4701 1192 4784 prima
1212 4699 1356 4788 conjugii
1385 4632 1425 4776 11
1442 4704 1540 4776 audit
1562 4727 1651 4782 euin,
1675 4703 1800 4796 gaudio
1820 4700 1944 4794 gaudes
1962 4718 2101 4801 propter
2119 4729 2174 4780 va·
2208 4719 2213 4798 J

566 4795 764 4863 institutione
788 4797 817 4864 id
839 4800 970 4866 deducit
991 4791 1109 4885 Ephes.
1128 4803 1168 4866 V.
1188 4823 1242 4881 3¹·
1293 4793 1357 4868 Re.
1382 4825 1447 4875 cent
1461 4800 1585 4968 [Ψ.
1635 4800 1853 4890 l'arenpmphi
1884 4824 1949 4871 non
1973 4804 2097 4877 debent
2118 4803 2175 4878 sibi
2212 4837 2213 4842 ¹

565 4889 691 4983 linquet
704 4888 801 4962 darno
823 4904 951 4987 pultem
974 4890 1014 4968 sd
1035 4903 1173 4965 matrem
1185 4891 1297 4987 suant,
1317 4889 1357 4965 td
1381 4899 1439 4990 ipsi
1456 4899 1507 4972 sed
1543 4895 1643 4988 ponsa
1664 4895 1813 4986 sponsam
1833 4901 2053 4974 devincire&
2072 4906 2174 4976 uddu-
2208 4887 2213 4924 ²

565 4984 748 5060 adherebit
761 4989 960 5086 transistus,
984 4988 1023 5062 11
1036 5003 1130 5062 erunt
1149 4991 1215 5062 duo
1233 4993 1267 5064 in
1282 5014 1355 5064 car·
1380 5023 1484 5071 cere:
1513 4997 1553 5067 sc
1582 4998 1717 5066 ministri
1741 4993 1881 5067 ecelefiae
1913 5023 1978 5067 non
2003 5023 2124 5087 gerant
2146 4995 2177 5074 se

563 5111 601 5162 ne
625 5111 702 5162 una.
734 5111 765 5167 e.
796 5116 850 5180 32·
913 5085 1165 5168 Sacramentum
1194 5089 1255 5164 naa
1284 5112 1356 5166 ma·
1379 5119 1444 5189 pra
1463 5092 1583 5191 spontis
1600 5092 1760 5175 ecclelia,
1787 5098 1876 5188 quod
1898 5092 1976 5168 facit
1998 5121 2086 5187 papa
2108 5105 2177 5176 Ro.

2044 5220 2178 5279 nullust
