4884 5984
352 539 374 558 ”
443 663 450 678 ,
556 583 635 668 474
1076 563 1676 647 contemnentem.

554 789 598 838 ra
617 763 765 856 coniugii
788 763 1016 850 institutione,
1051 771 1087 842 dt
1115 770 1159 842 ad
1191 759 1359 873 tunglo
1381 787 1516 858 partum
1532 761 1769 856 septimellrem
1784 755 1918 832 iitaletn
1936 779 1976 830 ae
1993 751 2181 850 legitimum

553 861 618 938 troi
649 859 887 958 ι’νχιιμοσύιιιι
910 865 1157 941 eeclefiallicam
1180 863 1357 940 neeellario
1381 867 1520 951 statuit,
1553 863 1684 957 legibus
1717 857 1871 932 civilibus
1890 878 2024 946 recepta
2051 879 2180 929 omnem

554 964 754 1052 requiritur,
778 959 902 1055 species
923 989 1003 1038 vero
1016 989 1057 1037 et
1076 965 1153 1057 lege
1167 959 1358 1038 ecclestassi·
1381 964 1624 1037 dubitationem
1645 962 1771 1033 metito·
1781 952 1981 1048 praescindit.
2022 951 2178 1066 Paultul.
2214 989 2216 1030 ι

555 1081 596 1130 ca
615 1062 781 1150 originem
801 1064 928 1143 trahit,
956 1089 994 1136 ae
1012 1066 1155 1154 proinde
1172 1071 1244 1150 clus
1271 1082 1357 1148 ptae·
1380 1058 1521 1152 septimo
1536 1058 1658 1134 mense.
1674 1055 1709 1130 ff.
1725 1062 1767 1144 de
1788 1058 1870 1128 lictu
1890 1055 2018 1128 homin.
2076 1049 2182 1150 Sepu-

556 1157 717 1230 termilsto
729 1163 775 1234 ell
795 1160 1015 1235 ecclesiastice
1032 1163 1116 1256 legis
1131 1160 1277 1234 violatio.
1305 1157 1358 1227 Ut
1383 1187 1435 1236 mo
1457 1157 1563 1259 mense
1582 1156 1676 1256 nasci
1692 1153 1873 1255 perseffrtm
1889 1165 2026 1250 portum
2045 1155 2122 1248 jum
2134 1161 2178 1226 r'e·

555 1259 844 1349 regratiamus,
868 1256 1356 1349 quiordinetneeclestallicum
1382 1272 1509 1358 ceptum
1537 1263 1580 1362 esi
1597 1268 1736 1356 propter
1758 1253 1991 1329 arduitatem
2010 1249 2178 1352 dodisini

556 1366 594 1432 ἀ
615 1355 705 1450 leges
728 1358 876 1431 houellas
894 1363 928 1430 in
946 1356 1016 1430 aliis
1036 1359 1135 1433 rebus
1148 1353 1358 1431 nefarievio·
1381 1363 1452 1434 oiri
1470 1357 1717 1458 Hippocratis,
1748 1351 1789 1428 ss
1807 1352 1881 1427 ideo
1899 1352 2100 1428 credendum
2115 1353 2175 1454 est.

555 1452 645 1536 lent,
666 1481 773 1546 poena
792 1455 922 1548 legibus
937 1459 1071 1544 adjecta
1093 1459 1280 1531 redduntur
1296 1447 1357 1522 ob-
1381 1484 1453 1534 eum
1481 1461 1539 1557 qm·
1564 1482 1608 1532 ex
1633 1455 1735 1555 justis
1758 1453 1888 1551 nuptiis
1928 1453 2055 1550 eptimo
2080 1447 2176 1548 mense

555 1555 672 1626 noxii:
706 1554 751 1625 stc
775 1558 816 1626 ad
840 1554 966 1627 bonum
989 1560 1171 1636 ordinem,
1212 1547 1359 1639 discipli·
1382 1571 1482 1635 natus
1502 1561 1569 1660 est,
1589 1559 1712 1656 justum
1721 1553 1876 1652 filiume
1903 1577 1929 1626 t.
1982 1555 2105 1640 Neque
2127 1573 2177 1622 tte·

557 1675 635 1724 ”⁸¹1¹
654 1663 691 1726 ὅ(
706 1651 1083 1742 h⁰¹¹0st⁸1⁰ml³⁰b¹icflm
1100 1649 1358 1726 tfflsemndffi
1383 1656 1648 1733 rouecelsarittm
1667 1653 1901 1742 judicandum,
1915 1645 2044 1722 menses
2061 1647 2176 1742 septem

557 1774 598 1821 ac
625 1753 824 1842 dignitatem
854 1755 1004 1842 conjugii
1028 1749 1243 1826 adserendam
1266 1749 1358 1818 reete
1382 1757 1546 1848 compleri
1562 1757 1738 1845 integros,
1762 1746 1816 1822 sed
1832 1747 1949 1820 sufficit
1968 1753 2072 1822 edm
2094 1771 2177 1820 mea.

557 1841 835 1923 animadveriitur
858 1851 891 1921 in
918 1876 996 1936 eos,
1021 1855 1078 1941 qui
1107 1871 1183 1923 ante
1207 1843 1359 1937 publicas
1383 1856 1574 1946 lis-septimi
1595 1855 1746 1929 initium,
1770 1869 1806 1920 ut
1828 1846 1999 1936 colligitur
2023 1873 2065 1920 er
2088 1846 2177 1920 lta·

560 1949 693 2034 nuptias
711 1973 789 2019 cum
808 1945 929 2038 sponfis
945 1945 1007 2020 suis
1021 1945 1279 2026 consueverunt3
1301 1941 1359 2014 ubi
1384 1959 1500 2030 tellato
1523 1975 1554 2042 3.
1570 1947 1656 2020 final.
1675 1945 1710 2018 ff.
1728 1951 1769 2019 dc
1785 1943 1847 2018 suis
1865 1959 1899 2020 dt
1917 1945 2076 2040 legitimis
2092 1945 2177 2018 bere·

560 2065 674 2114 tamen
693 2049 850 2118 mouendi
872 2043 945 2118 sunt
965 2047 1107 2120 ecciestae
1131 2045 1297 2120 ministri,
1321 2059 1359 2110 ut
1383 2060 1443 2130 dit.
1495 2055 1549 2122 De
1569 2046 1744 2146 offimeflri
1765 2057 1867 2141 partu
1882 2055 1989 2132 mmor
2009 2041 2177 2118 difficultas

561 2141 598 2212 in
620 2146 815 2228 paenitentia
834 2143 900 2216 stur
921 2148 1153 2236 deprecatione
1171 2137 1361 2214 ecclestasli·
1383 2157 1441 2226 est,
1492 2149 1714 2236 Hippocrates
1732 2148 1765 2213 in
1793 2144 1943 2215 libraria
1960 2146 2105 2234 princip,
2125 2135 2177 2218 ὁ»

553 2261 600 2310 ca
622 2241 740 2312 talibus
755 2237 875 2330 sponsis
890 2245 1092 2334 imponenda
1106 2265 1219 2316 cautos
1232 2251 1267 2312 et
1285 2239 1360 2306 iuo-
1383 2251 1535 2342 τάμῃσι
1548 2247 1722 2340 γινόμενοι
1737 2233 1810 2319 dila
1823 2240 2067 2318 Ctoindmet·
2087 2239 2176 2314 Otia·

430 2393 433 2398 .
563 2338 694 2408 deratos
712 2335 777 2409 sese
793 2337 980 2430 prebeant,
1009 2353 1045 2416 dt
1065 2336 1272 2414 auditoribus
1294 2329 1361 2404 suis
1386 2372 1426 2426 vo
1447 2340 1550 2438 ttrettse
1565 2341 1673 2414 aditus
1693 2338 1799 2413 titilius
1819 2361 1964 2434 uuquam
1980 2340 2081 2427 vivit,
2094 2341 2175 2430 quod

554 2439 693 2524 pereni
708 2436 812 2523 liujus
837 2436 1027 2524 qualitatem
1054 2443 1145 2512 rede
1166 2453 1355 2526 exponant,
1385 2445 1507 2534 repetit
1531 2440 1618 2511 libro
1641 2444 1683 2510 de
1711 2462 1797 2524 part.
1826 2440 2006 2514 odimellr.
2065 2439 2176 2514 sedin

563 2536 657 2618 quod
677 2531 798 2606 scilicet
827 2558 894 2605 non
915 2540 1049 2624 quidem
1068 2562 1133 2630 pro
1161 2531 1358 2608 scortatione
1381 2553 1546 2634 AEgypto,
1570 2537 1630 2609 ubi
1651 2534 1777 2608 foetil'er
1804 2538 1926 2622 Nilus,
1952 2547 1988 2614 δι
2008 2540 2044 2610 in
2065 2531 2176 2626 Hispa·

562 2627 681 2703 baberi
698 2630 839 2710 debeat,
864 2628 921 2704 sed
939 2659 1057 2708 contra
1084 2637 1234 2708 bonellus
1253 2627 1360 2702 ecele-
1382 2647 1437 2715 nia
1457 2637 1501 2710 ob
1518 2638 1668 2724 pariendi
1694 2633 1886 2708 facilitatem
1911 2645 1946 2710 δι
1970 2635 2052 2708 coeli
2069 2657 2108 2708 ae
2125 2629 2174 2706 soli

292 2799 298 2810 .
416 2731 424 2752 “’
562 2726 616 2800 fiae
635 2727 726 2821 ¹⁸8es
740 2717 818 2803 cuin
832 2727 981 2805 scflnd¹l⁰
1001 2732 1138 2823 Dubiiffl
1154 2731 1194 2803 fit
1208 2722 1361 2802 ‘mimis‘
1383 2738 1591 2814 clementiant
1615 2737 1817 2807 oliitnellres
1843 2734 1969 2823 aliquos
1992 2729 2083 2808 nasei
2102 2734 2174 2806 tita-

545 2819 648 2901 sum.
662 2833 841 2902 Menzerus
853 2830 895 2902 de
908 2840 1042 2923 conjug.
1062 2835 1172 2924 pagio.
1187 2847 1264 2918 171.
1277 2832 1360 2898 Tar·
1385 2838 1455 2920 103,
1489 2831 1590 2904 multi
1617 2837 1767 2906 rudiores
1796 2832 1931 2923 probati
1962 2834 2171 2905 tradiderunt.

553 2929 684 3000 notius
701 2925 779 3001 libr.
794 2925 839 3000 ll.
856 2931 899 3002 de
915 2933 1061 3004 matrim.
1077 2933 1178 3019 rapit.
1192 2921 1359 2996 XXXIV.
1386 2935 1550 3036 Quamvis
1569 2954 1649 3001 veto
1667 2930 1868 3020 regulariter
1883 2931 2089 3004 oilimessres
2107 2955 2172 3021 pat·

561 3027 674 3116 quali.
689 3051 725 3121 4.
1385 3056 1436 3106 tus
1466 3053 1533 3099 non
1565 3025 1627 3100 sint
1661 3028 1798 3108 vitales,
1831 3053 1898 3101 non
1929 3051 2045 3102 tamen
2075 3027 2119 3100 ob
2145 3029 2171 3100 ii

557 3189 560 3194 .
783 3143 788 3170 ¹
870 3135 907 3217 §.
928 3129 1225 3202 cccclxxvtt.
1259 3119 1362 3208 Quae-
1384 3153 1448 3220 pro
1470 3120 1654 3215 illegitimis
1682 3125 1824 3198 habendi
1850 3122 1945 3207 sunt,
1970 3153 2048 3200 cum
2069 3145 2171 3217 pertua

565 3209 723 3310 V1·)‚At2·
733 3217 776 3282 ad
821 3224 907 3295 titur
936 3232 1007 3313 vt.)
1037 3220 1097 3295 An
1124 3223 1172 3296 ori
1189 3217 1361 3316 publicam
1383 3231 1482 3298 etiatn
1499 3223 1668 3314 legitimus
1683 3248 1748 3294 non
1763 3226 1860 3310 polfit
1876 3221 2171 3316 effeviulismtun

560 3303 775 3437 magliniam
820 3323 1053 3418 penitentiam
1079 3321 1122 3394 ab
1143 3321 1278 3415 ecclefiae
1300 3313 1362 3384 mi·
1386 3323 1576 3398 sententiam
1600 3340 1636 3389 ut
1658 3324 1823 3393 mitiorem
1844 3320 1992 3412 plurimi
2010 3349 2051 3395 ex
2074 3323 2172 3397 erudi·

579 3395 729 3534 {affl}
825 3422 928 3519 nistre
942 3424 1019 3518 cogi
1026 3421 1149 3520 poffiut
1158 3443 1199 3491 ac
1210 3413 1360 3495 debeant.
1384 3426 1424 3494 tis
1441 3421 1638 3509 sequuntur,
1662 3443 1743 3504 quos
1762 3419 1908 3493 recenset
1924 3422 2170 3508 Tiraqucllusiu

583 3534 670 3596 tribus
683 3503 777 3619 raetia
826 3517 943 3614 quibus
963 3519 1067 3616 tnense
1078 3519 1199 3616 sexto,
1213 3515 1359 3612 septimo
1382 3520 1405 3592 l.
1432 3522 1464 3593 Si
1479 3542 1634 3604 unquam.
1652 3544 1684 3588 n.
1707 3543 1750 3599 30
1756 3538 1787 3603 5.
1809 3523 1849 3592 C.
1866 3524 1908 3592 de
1925 3526 2107 3594 revocand.
2124 3522 2172 3590 do·

552 3553 778 3706 sextariorum
826 3618 880 3689 vel
902 3617 1016 3691 oiiauo
1038 3642 1083 3690 ex
1102 3612 1359 3705 azovocuu'ugio
1383 3641 1449 3690 nat.
1500 3622 1555 3687 De
1569 3611 1776 3711 sexlimeflri
1797 3620 2063 3705 partuomnium
2083 3617 2172 3692 mari·

564 3711 772 3784 ⁶⁰”fl‘3'0'ia'
821 3713 1142 3810 nascunlurliberi?
1168 3715 1361 3810 Rigiaiores
1384 3743 1438 3788 nte
1460 3713 1640 3784 dubitatur.
1692 3719 1781 3786 Cum
1807 3718 1895 3786 enim
1915 3716 2086 3804 Ulpianus
2105 3717 2170 3788 di&

553 3768 752 3915 smniffl‘
821 3817 955 3902 quidam
991 3816 1177 3905 presbyteri
1215 3813 1361 3885 medico·
1384 3815 1450 3904 leg.
1480 3814 1657 3890 intestato,
1691 3814 1894 3910 rettlestmum
1929 3813 2170 3910 oiittugefimutt

819 3938 897 3985 rum
923 3912 1215 3986 fundamentorum
1241 3931 1360 4002 parum
1382 3910 1560 4006 licendum
1590 3909 1706 3997 diem,
1746 3914 1804 3996 qui
1834 3916 1868 3982 in
1902 3913 2035 3983 initium
2055 3903 2172 4002 septimi

562 4002 659 4095 gnari
676 4005 712 4075 id
734 4001 937 4100 adfirmant,
970 4009 1024 4084 sed
1045 4016 1193 4099 quirem
1217 4009 1360 4099 penitius
1386 4008 1502 4084 mensis
1534 4009 1675 4086 incidit,
1707 4009 1855 4104 pritttum
1891 4009 2042 4104 legitimi
2064 4021 2172 4109 parit!

560 4106 765 4191 expendunt,
779 4107 813 4173 in
827 4107 1210 4201 negantemsententiatn
1226 4109 1361 4181 abeunt.
1386 4121 1511 4204 tempus
1535 4112 1675 4188 statuat,
1703 4132 1743 4176 ex
1770 4133 1811 4178 eo
1838 4107 1987 4190 felinus,
2012 4107 2173 4200 Tiraqnel·

563 4199 835 4299 Deseplimrstri
855 4219 961 4303 partu
986 4212 1096 4280 minor
1121 4210 1167 4279 est
1186 4207 1359 4278 dubitatio.
1385 4207 1434 4278 lus
1461 4210 1498 4282 δι
1527 4207 1581 4277 alii
1602 4201 1828 4301 jurisconsulti
1856 4211 1996 4280 immote
2024 4211 2171 4304 colligere

562 4299 728 4413 Quamvis
750 4304 839 4376 enim
856 4330 895 4377 er
913 4307 1080 4380 veteribus
1093 4304 1264 4394 Eutyphro
1278 4305 1361 4377 Cni-
1384 4305 1553 4386 laborant,
1579 4329 1723 4396 puerum
1744 4299 1834 4376 sexto
1854 4304 1965 4378 mense
1983 4329 2100 4380 natum
2116 4329 2173 4380 noo

563 4400 636 4468 dtus
651 4395 816 4474 referente
833 4405 1017 4476 Censorino
1032 4407 1075 4476 de
1091 4405 1144 4476 die
1166 4403 1264 4475 natal.
1282 4425 1359 4475 eum
1383 4401 1446 4475 else
1461 4426 1524 4492 pro
1539 4404 1689 4493 legitimo
1704 4401 1903 4475 habendum.
1955 4408 2050 4478 Idem
2063 4403 2172 4480 confit·

563 4491 781 4568 monstrosum
795 4505 968 4586 judicarit,
989 4505 1182 4576 &Romani
1198 4504 1360 4588 antiquio·
1385 4506 1467 4572 niati
1484 4507 1590 4591 potest
1609 4503 1793 4572 testimonio
1808 4504 1993 4575 Aristotelis
2008 4505 2097 4578 libro
2109 4509 2171 4574 vll.

559 4618 614 4665 res
637 4593 827 4680 hujusmodi
855 4626 969 4690 partus
990 4624 1144 4689 tunquam
1165 4595 1361 4671 monstrosas
1385 4600 1545 4673 historiar.
1563 4597 1818 4689 animulcapite
1832 4601 1897 4672 IV.
1917 4601 2016 4673 Plinii
2033 4602 2090 4676 lib.
2108 4607 2170 4674 Vll.

557 4693 708 4765 raritates
736 4721 802 4768 uon
830 4701 1042 4786 receperint,
1078 4719 1114 4769 ut
1141 4724 1180 4770 ex
1210 4705 1360 4769 Varrone
1385 4724 1491 4771 natur.
1516 4701 1629 4771 hillor.
1650 4701 1761 4785 capite
1779 4697 1840 4769 ΙΙΙ.
1866 4702 2086 4790 Hippocratis
2106 4699 2170 4773 libr.

561 4787 668 4863 refert
687 4793 812 4866 Gellius
835 4794 1076 4871 hulllanu.
1098 4799 1198 4871 Attio.
1218 4794 1358 4870 c.XVl.
1384 4802 1426 4869 de
1452 4798 1597 4870 aliment.
1624 4807 1659 4869 δι
1682 4819 1767 4885 part.
1794 4793 1922 4887 septim.
1979 4805 2044 4874 Sed
2070 4819 2177 4873 centn.

563 4892 643 4977 quin
667 4900 703 4963 &
724 4893 879 4968 obortum
899 4897 965 4966 dici
991 4894 1234 4967 rationabiliter
1252 4920 1270 4966 a
1292 4900 1358 4966 Te·
1385 4895 1468 4966 hanc
1481 4895 1915 4968 communiterabomnibus
1930 4921 2101 4992 receptam
2111 4893 2169 4970 seu·

558 4991 667 5066 tentio
682 4985 919 5080 septinteslrem
937 5015 1069 5085 partum
1081 4999 1230 5065 Donatus
1244 4996 1278 5063 in
1291 4999 1358 5067 He·
1384 4996 1520 5067 tentiam
1541 4995 1684 5082 disputat
1705 4996 1860 5065 Horatius
1875 5001 2048 5090 Augenius
2059 4997 2141 5070 libro
2148 4991 2167 5064 l.

558 5117 641 5178 cyra.
656 5096 720 5164 aii.
745 5120 775 5178 3.
798 5090 884 5167 scen.
906 5119 935 5181 3.
955 5114 1071 5174 notet;
1097 5115 1209 5166 tamen
1229 5096 1361 5184 Hippo·
1384 5101 1425 5167 de
1441 5119 1538 5183 partu
1556 5096 1663 5180 cupite
1680 5091 1747 5162 XV
1753 5089 1776 5164 l.
1790 5103 1823 5167 &
1839 5089 1924 5183 seqq.
1945 5103 1998 5170 cui
2015 5091 2167 5172 adsensun

556 5193 654 5268 eratis
668 5194 703 5262 in
721 5189 799 5268 libr.
814 5195 856 5266 de
874 5215 959 5282 part.
983 5189 1064 5283 sept.
1082 5197 1259 5269 audioritas
1278 5197 1361 5284 ,qui
1384 5195 1513 5286 prabet
1533 5194 1707 5268 Albericus
1731 5193 1871 5266 Gentilis
1890 5195 1950 5271 lib.
1970 5205 2013 5275 de
2028 5215 2167 5285 tempore

2052 5291 2170 5372 nascer·
