4884 5984
534 489 606 567 ass
662 459 666 472 '
702 473 852 564 totas
873 475 987 548 xxrs
1017 474 1178 549 cara.
1201 473 1380 545 nassau.
1399 472 1441 543 n.
1470 466 1637 541 nanu.
1661 463 1815 552 anast.
1839 465 1962 542 sacr.
1979 467 2041 542 sa.
2148 559 2151 564 Ι

549 667 649 768 Resp.
671 677 716 758 1.)
734 674 867 745 Nititur
895 670 965 743 hae
993 668 1177 760 prohibitio
1196 668 1342 744 Romani
1365 688 1447 758 puta
1469 666 1511 738 de
1535 664 1733 738 clericorum
1752 661 1933 752 roelibatu,
1961 662 2108 737 Romani
2128 685 2159 738 e·
2214 705 2216 716 ·

548 771 707 843 duntaxat
741 767 906 859 pontificis
946 772 1171 848 autioritatc,
1217 772 1344 858 quippe
1368 763 1494 858 piscopi
1510 766 1674 854 primatu,
1691 761 1930 836 monachorum
1948 783 2028 835 roto
2044 764 2160 838 &cita

551 892 651 958 quem
677 865 782 939 solum
803 865 944 939 ecclefiae
966 870 1100 939 nomine
1127 867 1345 958 intelligunt,
1370 867 1437 935 ho'c
1456 857 1562 953 ipsum
1583 866 1625 934 de
1641 864 1847 952 cognationis
1865 858 2044 949 spiritualis
2061 864 2161 952 impe·

554 988 592 1038 ot
612 965 730 1038 ultima
747 964 880 1051 anaiysss
903 963 1025 1045 docet,
1052 975 1086 1039 dt
1106 965 1184 1036 alibi
1212 962 1347 1037 ciariffi.
1371 966 1522 1035 dimento
1545 964 1579 1032 in
1600 963 1742 1052 gratiam
1761 963 1903 1034 Rotnani
1932 956 2101 1046 pontificis
2124 960 2163 1034 ei·

552 1089 607 1137 me
628 1065 690 1137 fuit
706 1066 984 1146 demonstratum,
1006 1067 1081 1159 jam
1098 1087 1174 1135 uera
1192 1089 1276 1136 untss
1291 1064 1349 1136 iso·
1374 1085 1425 1133 tra
1443 1059 1537 1148 verbi
1554 1062 1657 1130 divini
1673 1069 1707 1133 &
1719 1063 1809 1146 justa
1822 1060 1956 1128 rationis
1974 1054 2164 1149 tuffragium
2213 1131 2216 1139 ,

556 1186 627 1243 mo,
651 1159 1351 1333 seopersatsaunanonpotegtdiciecaie·
1374 1163 1572 1251 Justinianus
1593 1158 1752 1247 protulit,
1791 1160 2037 1228 idoonontam
2051 1155 2164 1230 casaris
2214 1199 2216 1206 ,

549 1264 628 1362 fia,
652 1283 689 1331 ut
712 1259 780 1347 ipte
808 1261 1023 1334 Beliarminus
1047 1258 1107 1331 scri
1133 1266 1158 1332 it
1184 1261 1259 1335 libr.
1289 1259 1351 1333 lii.
1376 1284 1474 1345 quarn
1495 1254 1661 1343 pontificis
1679 1254 1729 1327 lex
1746 1256 1800 1329 illa
1817 1250 1939 1326 censeri
1960 1256 2074 1328 debet.
2096 1263 2166 1346 Op·
2210 1269 2216 1336 t

557 1366 600 1434 de
624 1357 738 1431 eccles.
761 1385 834 1446 cap.
855 1358 972 1430 XVii.
996 1366 1024 1450 ς.
1049 1358 1104 1430 fin.
1155 1369 1204 1448 2.)
1231 1367 1352 1450 Papam
1377 1359 1532 1445 ponimus
1545 1378 1656 1428 autem
1673 1355 1740 1446 legi
1755 1358 1962 1448 Jussinianeae
1978 1353 2167 1443 iilud‚quod
2207 1383 2216 1434 a

557 1464 748 1533 Romanum
770 1462 818 1527 uti
849 1481 915 1527 non
949 1480 1100 1545 prototo
1132 1456 1284 1538 ecclesra,
1308 1460 1353 1527 ita
1377 1451 1458 1525 sacri
1480 1459 1623 1536 Romani
1641 1457 1774 1543 imperii
1794 1455 1963 1543 principes
1978 1454 2015 1522 in
2036 1455 2169 1524 comitiis
2205 1491 2216 1533 ς

559 1582 620 1630 nec
634 1581 697 1644 pro
710 1558 818 1644 capite
834 1554 888 1625 vel
904 1553 1082 1626 monarcha
1092 1555 1233 1627 ecclesia:
1250 1581 1353 1648 agno·
1377 1553 1702 1650 Nxorinbergensrbus
1719 1577 1804 1626 anno
1826 1577 1928 1642 ¹52²·
1941 1576 1975 1621 n.
1997 1578 2028 1622 ι.
2043 1565 2071 1642 §.
2085 1551 2169 1626 lates
2206 1590 2216 1632 i

561 1656 698 1735 scimus,
715 1680 813 1740 quem
828 1650 1021 1742 ipfiffsmum
1038 1652 1264 1725 antichristum
1278 1651 1352 1740 effe,
1377 1649 1506 1746 reliqua
1527 1663 1592 1724 dac.
1607 1651 1671 1723 hoc
1687 1654 1963 1748 impedimentum
1985 1653 2169 1743 nuptiarum
2207 1689 2216 1730 ι

560 1751 837 1841 escrit-tororum
869 1753 1088 1827 vaticiniis&
1117 1778 1233 1824 eoram
1259 1777 1352 1824 com·
1378 1755 1464 1822 inter
1487 1752 1693 1844 gravamina
1715 1750 1850 1846 insperii
1871 1746 2074 1826 retulerunt.
2206 1787 2216 1828 2

560 1853 736 1942 plamantis
755 1852 864 1920 edocti
889 1847 1019 1931 sumus,
1043 1858 1113 1937 ejus
1134 1877 1218 1941 ergo
1239 1856 1355 1925 decre·
1445 1859 1480 1941 ς.
1505 1852 1722 1921 CCCLXiX.
1748 1851 1813 1940 ΙΙ.)
1830 1850 1921 1942 Quia
2204 1840 2216 1928 ζ

562 1971 630 2022 tae
651 1946 769 2019 scrinio
791 1950 935 2035 peitatis
960 1948 1086 2036 papalis
1116 1956 1261 2022 truttam
1291 1958 1470 2038 procuret
1498 1948 1667 2019 rationum
1699 1947 1844 2045 pondere
1879 1941 1921 2020 &
1968 1942 2043 2027 Π.)
2063 1941 2162 2040 'Caret
2203 1985 2216 2027 Ξ

563 2050 652 2121 aeris
670 2044 1355 2138 veraectclestaeordinationibusagnosce·
1380 2048 1546 2144 aequitate.
1597 2050 1696 2119 Ratio
1717 2051 1763 2119 est
1788 2050 1919 2137 pondus
2000 2035 2148 2090 ''mm''
2179 2079 2215 2142 ,μ

562 2140 877 2233 senonpostunus.
931 2141 982 2240 3.)
1002 2143 1141 2218 Ecclesia
1160 2150 1356 2236 potestatem
1383 2159 1418 2221 dt
1451 2151 1558 2218 aniana
1586 2145 1695 2236 legis3
1718 2168 1924 2236 quacunque
1971 2095 2166 2267 wau&
2201 2179 2215 2222 ι

563 2242 664 2316 habet
684 2269 751 2314 non
766 2243 901 2329 quidem
924 2266 1027 2312 novos
1043 2239 1119 2314 fidei
1138 2248 1294 2318 articulos
1308 2248 1357 2317 in·
1383 2248 1486 2338 igitur
1520 2248 1710 2316 constitutio
1753 2247 1923 2315 rationum
2137 2295 2140 2300 -
2202 2256 2215 2320 ς’

566 2343 781 2418 traducendi,
805 2339 1360 2436 arenosascultosfingendi,nec
1385 2349 1533 2435 pondere
1558 2346 1776 2424 destituitur,
1809 2343 1989 2414 admodum
2017 2337 2067 2408 oa
2090 2325 2170 2404 infir·
2202 2377 2215 2418 ς

565 2439 657 2529 leges
685 2436 917 2510 conscientiam
948 2441 1074 2510 dire&
1104 2451 1139 2514 ds
1171 2447 1361 2515 immediate
1385 2469 1456 2527 ma,
1481 2469 1518 2514 ac
1533 2443 1615 2533 legis
1633 2440 1811 2530 obligantis
1833 2439 1999 2511 honorem
2021 2434 2106 2507 tueri
2122 2451 2166 2500 ιιι·
2203 2473 2215 2514 :

567 2539 752 2626 obligantes
767 2534 896 2606 ferendi
906 2587 917 2624 ,
944 2533 999 2608 sed
1023 2536 1362 2627 honestas-atqueuti·
1385 2544 1466 2630 quit.
1531 2547 1604 2632 Jam
1634 2565 1714 2609 vero
1740 2536 1910 2627 pontificia
1933 2542 1975 2607 de
2006 2525 2167 2622 spiritualis
2203 2573 2215 2614 2

567 2635 615 2718 les
635 2635 880 2705 constitutiones
897 2637 939 2704 de
951 2639 1110 2708 exercitio
1127 2641 1234 2710 divini
1254 2639 1362 2712 coitus
1386 2640 1590 2731 cognationis
1613 2640 1856 2729 impedimento
1876 2637 2069 2708 constitutio
2088 2627 2168 2700 doti·
2202 2669 2215 2714 ;

567 2757 707 2808 extento
731 2743 765 2805 δι
788 2733 906 2801 ritibus
930 2734 1119 2818 adiaphoris
1132 2733 1135 2737 “
1150 2733 1233 2833 πρὸς
1263 2740 1363 2835 τάξιν
1387 2745 1492 2810 tuitus
1504 2740 1593 2825 justa
1611 2760 1649 2805 ac
1670 2733 1852 2807 necess'ariae
1869 2736 2004 2805 rationis
2022 2729 2168 2821 pondere.
2202 2766 2214 2812 s

569 2831 632 2909 sot
656 2824 893 2924 iatennoao'rm
925 2826 1082 2904 facientes
1114 2841 1362 2927 promulgandi.
1389 2843 1488 2929 Ergo.
1537 2831 1743 2930 Adsumtum
1759 2855 1903 2921 pateret
1924 2853 2044 2904 eorum
2063 2824 2172 2900 exemi·
2201 2863 2215 2911 t

568 2937 643 3024 Jam
663 2952 743 2999 vero
763 2926 931 3017 pontificia
951 2926 1007 2999 iila
1023 2934 1363 3008 constitutioecclesrae
1389 2961 1452 3015 ne,
1477 2959 1549 3021 quae
1583 2960 1645 3023 pro
1670 2930 1863 3005 stabiliendo
1890 2931 1954 3004 hoc
1981 2921 2171 3000 matrimoni
2201 2955 2215 3010 a

433 3047 439 3058 '
568 3049 607 3101 ut
627 3022 800 3098 neceti'aria
817 3025 1029 3112 obtruditur,
1056 3017 1146 3117 justis
1168 3044 1201 3107 dt
1224 3034 1366 3106 honestis
1389 3037 1657 3122 impedimentoa
1674 3029 1850 3118 pontificiis
1865 3027 2096 3120 proferuntur.
2113 3019 2173 3097 bei·
2202 3035 2204 3044 '

570 3125 753 3199 rationibus
773 3126 979 3203 destituitur,
1006 3137 1039 3199 dt
1056 3130 1365 3203 conitientiasdire.
1391 3132 1548 3203 terminus
1564 3136 1606 3203 de
1632 3134 1774 3201 matrim.
1799 3154 1873 3214 cap.
1900 3155 1955 3214 30·
1984 3125 2176 3198 demonstra·

574 3228 627 3297 &e
646 3221 796 3313 obligare
816 3219 964 3311 fingitur.
1016 3228 1072 3315 4.)
1089 3230 1204 3319 Quare
1217 3255 1293 3299 cum
1307 3255 1368 3318 per
1392 3253 1502 3315 turus,
1526 3234 1758 3323 cognationem
1771 3225 1989 3322 spiritualem
2011 3214 2177 3296 meritorii

572 3317 776 3413 pontificiam
799 3320 888 3389 illam
909 3324 1174 3397 constitutionem
1196 3328 1367 3399 christiana
1392 3328 1522 3427 eccieſsa
1540 3331 1627 3400 inter
1646 3328 1882 3422 trispedimenta
1905 3323 2118 3396 matrimonii
2138 3342 2180 3394 rr·

573 3420 709 3492 libertas
720 3417 806 3488 haud
817 3420 1028 3489 mediocriter
1041 3421 1271 3504 labefactetur,
1281 3452 1367 3498 com·
1387 3428 1479 3522 ferri
1486 3483 1496 3513 ,
1522 3454 1587 3498 non
1609 3427 1738 3517 profert
1755 3450 1816 3497 nec
1836 3422 1989 3514 proferre
2010 3423 2118 3511 potest
2131 3441 2183 3507 pe·

574 3522 651 3592 dem
683 3520 803 3589 merito
825 3514 965 3587 ecclesia
982 3520 1099 3589 nutirae
1127 3528 1367 3613 repudiarunt,
1394 3527 1532 3598 culiares
1549 3530 1706 3614 quasdam
1723 3524 1891 3603 rationes,
1916 3524 1970 3594 sed
1989 3542 2131 3607 quatuor
2148 3515 2184 3587 it

575 3615 905 3707 juxtaapostoiarum
926 3618 1069 3688 monita:
1102 3622 1301 3693 iconi-'lt
1315 3647 1369 3713 23.
1395 3626 1465 3709 ias,
1488 3651 1567 3712 quas
1591 3627 1624 3694 in
1647 3626 1790 3712 praeced.
1813 3646 1885 3710 cap.
1908 3643 1972 3711 pro
2000 3616 2186 3689 stabilienda

577 3714 696 3789 Pretio
718 3712 798 3784 erati
818 3713 912 3810 estis,
936 3713 1041 3785 notite
1053 3716 1136 3812 fieri
1147 3717 1242 3813 servi
1264 3720 1371 3793 iomi-
1395 3725 1606 3796 ecclesiastica
1636 3720 1863 3810 prohibitione
1892 3741 1996 3804 usqae
2022 3721 2063 3786 ad
2094 3709 2187 3801 septi·

576 3838 666 3885 nutes.
687 3811 793 3882 Galat.
810 3816 852 3881 V.
873 3836 903 3885 ι.
961 3808 1060 3887 State
1076 3816 1111 3887 t'a
1133 3816 1310 3904 libertate,
1336 3824 1370 3892 in
1397 3849 1488 3892 mum
1510 3825 1648 3910 primo,
1683 3823 1803 3891 deinde
1821 3821 1861 3887 ad
1886 3837 2041 3901 quartum
2069 3835 2190 3903 cogita·

579 3934 676 4084 asam
709 3905 859 4021 Christus
882 3930 944 3979 uos
965 3910 1122 4007 adseruit.
1146 3919 1222 3989 Coi.
1253 3920 1295 3990 11.
1320 3937 1371 4002 18.
1396 3924 1493 3990 tionis
1513 3917 1672 3989 naturalis
1687 3922 1829 4008 gradum
1844 3910 2012 3992 extensas,
2037 3914 2137 3984 etiam
2158 3909 2190 3979 ia

611 4006 689 4082 'ensa
712 4005 807 4079 vobis
824 4006 976 4101 palmam
996 4012 1193 4085 intervertat
1216 4011 1284 4087 &a
1311 4016 1372 4112 ΙΙ.)
1398 4019 1458 4088 hac
1494 4015 1655 4104 spirituaii
1685 4018 1886 4103 cognatione
1912 4017 1983 4084 rim·
2008 4034 2046 4082 ac
2083 4009 2191 4078 iocum

579 4107 796 4188 Astiiaritate
818 4107 1032 4200 imperatoris
1058 4101 1260 4208 oJusiins'ani
1285 4138 1368 4186 eam-
1397 4118 1518 4187 habere
1547 4114 1675 4186 adserit.
1726 4113 1921 4185 Videbimus
1952 4112 2082 4198 igitur,
2116 4104 2192 4193 quid

579 4210 652 4292 dem
680 4202 942 4303 prohibitionem
968 4209 1172 4306 confirmari.
1203 4213 1224 4282 i.
1247 4214 1278 4283 Si
1302 4217 1374 4299 quis
1397 4216 1525 4285 roboris
1549 4216 1611 4284 iilis
1628 4212 1724 4298 insat,
1752 4212 1772 4281 st
1796 4215 1835 4281 ad
1858 4208 2065 4297 prnpoiitom
2090 4204 2193 4291 adpli-

578 4310 746 4383 alumnam
772 4318 826 4378 26.
853 4309 895 4377 C.
925 4311 967 4377 de
994 4309 1104 4380 incest.
1136 4320 1169 4381 dc
1204 4310 1374 4382 inutilibus
1398 4338 1513 4384 centur
1538 4310 1682 4400 scapum.
1735 4309 1857 4383 Prima
1878 4310 2011 4380 ducitur
2032 4305 2076 4375 ab
2098 4304 2193 4376 hono-

579 4409 725 4497 nuptiis:
743 4401 799 4477 Ea
815 4400 953 4498 persona
971 4406 1159 4477 oasninsoda
1175 4409 1223 4479 ad
1238 4416 1374 4505 nuptias
1399 4439 1432 4483 re
1450 4412 1560 4483 deamo
1574 4437 1632 4483 eon
1645 4411 1829 4504 ‘anguineis
1845 4406 1885 4481 θ’
1899 4403 2082 4503 adfinibus.
2096 4398 2191 4490 Resp.

579 4510 691 4580 uenire
706 4501 935 4598 psotss'tnnaa,
962 4528 1059 4598 quam
1076 4506 1202 4601 aliquis
1211 4510 1281 4605 stne
1299 4511 1375 4581 alu·
1400 4516 1584 4582 reverentia
1602 4515 1784 4591 impatiens
1804 4508 2053 4578 matrimonium
2069 4529 2111 4574 ex
2128 4524 2194 4574 car·

580 4628 660 4679 mna
681 4605 739 4685 fit,
766 4605 830 4692 fiae
850 4625 935 4680 non,
962 4627 983 4675 a
996 4602 1209 4699 sacrasfantio
1229 4606 1377 4703 ⁸suscepit
1399 4615 1450 4681 nis
1480 4614 1727 4695 propinquitate
1759 4611 1916 4677 duntaxat
1942 4610 2074 4687 oritur,
2112 4603 2198 4672 unde

580 4700 805 4798 baptifinate,
835 4726 907 4772 cuns
931 4701 1019 4775 nitit
1041 4703 1139 4775 aliud
1165 4708 1377 4780 reinducere
1400 4713 1499 4779 etiam
1518 4710 1694 4803 [sanguinis
1709 4706 1893 4779 reuerentia
1914 4725 2070 4774 notanter
2087 4698 2199 4788 adpel-

576 4803 683 4900 potafl
697 4811 870 4896 paternam
890 4800 1107 4886 adfatiionem
1127 4801 1167 4875 &⁴
1179 4807 1304 4901 ‘isidam
1318 4833 1378 4879 nu·
1403 4807 1507 4895 intur3
1533 4811 1621 4894 atqui
1638 4813 1725 4877 inter
1745 4807 1971 4894 baptizantem
1996 4811 2030 4874 dt
2053 4798 2199 4891 baptiza·

575 4903 729 4999 ptiaruns
753 4899 1036 4990 pronuntiassem,
1061 4925 1158 4996 quam
1186 4903 1378 4997 istiusmodi
1402 4931 1471 4977 ttnn
1489 4934 1525 4977 ac
1541 4905 1694 4994 baptismi
1708 4909 1802 4979 testes
1819 4904 1884 4976 five
1899 4896 2104 4989 susceptores
2117 4923 2199 4972 exe·

576 5024 699 5082 nexus,
725 5023 784 5094 per
799 5024 889 5094 quem
915 4998 985 5072 Dea
1002 5001 1166 5074 arediante
1184 5006 1308 5079 anima
1322 5032 1376 5079 eo·
1400 5011 1508 5079 (tiana
1527 5008 1581 5076 iiia
1603 5003 1827 5077 tirromentali
1848 5002 1938 5072 anila
1962 5004 2071 5070 oritur
2097 4998 2198 5072 carnis

572 5124 646 5178 ruas
663 5098 928 5201 caputataesuat.
948 5098 1051 5194 ttesp.
1067 5123 1104 5176 ut
1119 5106 1272 5196 quadarn
1288 5107 1374 5197 alia,
1398 5110 1639 5199 propinquitas,
1657 5108 1692 5178 ia
1715 5101 2000 5197 continguinitatc
2020 5097 2076 5177 rel
2087 5094 2199 5174 adtini-

1002 5249 1005 5254 ·
2138 5217 2199 5273 tate
