4884 5984
648 591 659 602 ‚
709 504 771 580 ur
820 463 1085 583 cousensus
1134 506 1396 582 uenturum
1433 505 1761 586 ,urctsttrnra
2029 525 2092 602 Ι,ι
2151 443 2173 584 ’.

396 698 494 802 stre,
511 721 572 797 per
584 699 690 798 legem
702 698 830 800 paffent
845 701 983 800 eligere,
997 724 1091 799 quem
1105 643 1229 778 uellenlt.
1257 707 1314 798 gio
1333 707 1366 778 in
1389 717 1524 799 genere.
1570 653 1733 795 ,Denique
1752 705 1934 793 requiritur
1954 703 2039 784 cons
2075 740 2091 764 ·

408 796 570 897 Quibusr'
595 803 667 874 itur
676 799 841 876 hominem
858 804 980 899 eligere
997 806 1093 890 licet,
1119 801 1231 879 Deum
1257 801 1308 878 sur
1323 803 1503 900 secundum
1519 804 1624 901 leges,
1651 804 1717 876 tire
1738 804 1925 897 legitimus,
1948 814 2017 896 jem
2032 831 2089 879 ve·
2215 851 2224 868 κ

396 922 464 972 eon
485 826 598 974 liceti
626 904 731 974 Certe
759 904 923 989 apostotus
947 908 1055 976 tCor.
1073 904 1154 978 Vll.
1175 929 1230 1000 ῃ.
1256 927 1302 980 ru·
1321 902 1492 976 consentius
1521 902 1704 977 liberorum
1734 907 1905 980 destitutus
1931 901 2088 980 consensu

397 1002 530 1092 parenti
557 999 675 1070 tribuit
696 998 839 1096 ι’ξιισὶαν
857 1000 938 1100 περὶ
965 1002 1012 1074 aii
1029 992 1098 1078 idle
1119 998 1233 1082 θιλιῖ·
1256 1024 1431 1093 petentum
1454 1029 1521 1074 nou
1542 1007 1588 1075 eu
1608 1000 1787 1074 secundum
1805 1002 1907 1094 leger,
1921 1001 1986 1079 five
2004 1002 2089 1096 legi·

344 1159 347 1164 .
396 1110 515 1192 ματος
540 1098 650 1204 τηρεῖν
669 1095 727 1175 mie
752 1099 862 1175 iuneti
882 1096 1075 1195 nundinor,
1101 1099 1231 1178 eiruti-
1257 1103 1368 1174 timue.
1419 1100 1480 1189 ll.)
1508 1105 1593 1190 Cep.
1617 1105 1706 1176 Cum
1729 1097 1821 1174 coust
1853 1109 1897 1174 X.
1926 1105 1969 1188 de
1999 1124 2087 1191 sept.

396 1223 457 1275 ‘reu
479 1191 691 1295 inprouisus.
741 1201 970 1292 4.)'Quamvis
989 1201 1076 1271 idem
1088 1201 1233 1273 Ambro-
1257 1199 1315 1271 ubi
1340 1201 1593 1273 matrimonium
1620 1199 1800 1273 liberorum
1832 1200 1960 1272 dicitur
1979 1198 2087 1368 subp·

396 1291 461 1366 fias
478 1297 653 1382 Silinuiutn
676 1299 804 1376 laudet,
832 1303 922 1384 quod
943 1296 1076 1386 crispam
1092 1299 1233 1390 ignore.
1247 1301 1358 1399 flere,
1382 1302 1510 1399 etiamst
1535 1311 1688 1396 parentes
1713 1298 1943 1371 reclamarint.
1982 1304 2034 1374 Re
2050 1325 2084 1389 p.

396 1395 443 1494 rit
461 1391 558 1477 filio,
583 1395 641 1482 qui
673 1395 795 1484 ubsque
821 1395 894 1491 ejus
916 1391 1070 1469 consensu
1099 1401 1231 1486 nuptias
1255 1415 1407 1487 parentes
1425 1424 1492 1471 uon
1512 1421 1748 1489 proponuntur
1766 1394 1994 1470 contradixisse
2007 1424 2088 1471 con·

397 1514 632 1584 contraxeram
659 1515 769 1566 temen
801 1520 866 1565 non
891 1494 1012 1579 laudat,
1036 1521 1097 1568 nec
1120 1520 1229 1569 ratum
1253 1500 1374 1588 jugia,
1406 1494 1459 1570 sed
1487 1501 1599 1587 raptui
1626 1509 1661 1571 δι
1682 1497 1898 1583 ebdultioni,
1924 1495 2084 1570 indubio
2155 1575 2160 1592 Ι

396 1588 1013 1682 habetilludmetrimoniumtanquem
1029 1593 1230 1685 legitimum,
1254 1599 1358 1692 igitur
1379 1592 1589 1685 presumitur
1612 1592 1803 1668 consensum
1828 1619 2004 1685 parentum
2032 1600 2084 1667 in·

396 1684 451 1762 sed
473 1693 509 1762 in
531 1685 666 1781 speciali
688 1693 751 1763 hoc
771 1688 846 1764 casu
870 1696 999 1779 parenti
1022 1687 1159 1776 suadet,
1191 1718 1229 1766 ut
1252 1690 1436 1767 tervenilse.
1489 1694 1555 1767 Alii
1580 1696 1718 1773 dicunt,
1745 1720 1824 1790 cap.¹
1843 1694 1936 1783 loqui
1963 1699 2005 1766 de
2025 1721 2084 1783 pa·

396 1788 532 1879 culpem
549 1787 619 1861 filiu
633 1794 910 1870 condonet,‚nec
932 1800 1006 1879 jure
1030 1794 1145 1881 patrie
1166 1818 1227 1883 po·
1251 1793 1424 1873 tentibus,
1449 1796 1506 1888 qui
1522 1792 1645 1866 liberos
1665 1817 1731 1865 non
1748 1793 1872 1868 labent
1891 1794 1928 1878 in
1940 1797 2083 1910 potesta-

397 1890 519 1984 testatir
550 1886 662 1962 severe
693 1910 804 1966 utatur
814 1937 827 1970 ‚
861 1914 954 1960 novae
975 1913 1086 1962 autem
1115 1913 1236 1982 nuptae¹
1250 1904 1291 1965 te.
1344 1888 1470 1966 Rursus
1484 1891 1540 1966 elii
1556 1888 1709 1973 censent,
1735 1895 1946 1983 questionem
1967 1891 2016 1968 ibi
2034 1889 2084 1966 es-

394 1991 512 2064 nudor
533 1989 602 2068 est,
629 2010 666 2059 ut
691 1991 790 2062 etiam
816 1987 962 2082 ipenroli
989 2000 1052 2062 tem
1078 2013 1133 2063 ore
1161 1993 1226 2064 oiae
1249 1988 1281 2065 se
1303 1997 1345 2065 de
1367 2015 1408 2063 eo
1432 1988 1532 2072 cusu,
1557 1990 1691 2087 quaudo
1715 1991 1835 2087 copula
1856 1992 2008 2067 carnalis
2029 1994 2083 2066 in·
2154 2053 2157 2060 ,

380 2083 546 2162 laborem
575 2086 741 2184 exciperet
757 2088 970 2161 commodius
994 2014 1227 2183 ltuscrnoturo
1252 2092 1403 2164 teroenit.
1466 2095 1642 2164 Duerenus
1666 2088 1869 2179 respondet,
1897 2090 2105 2187 capitulum·
2160 2103 2164 2111 '

381 2185 587 2286 monfirlum
603 2188 639 2260 in
658 2185 825 2284 hospitio,
842 2184 907 2283 sed
926 2190 1028 2261 etiam
1046 2189 1228 2284 inadfitiu
1253 2189 1337 2264 illud
1355 2213 1421 2264 non
1438 2186 1496 2286 effe
1513 2189 1607 2285 satis
1622 2193 1746 2292 justam
1769 2186 1810 2264 ii
1833 2211 1972 2287 aquam.
2017 2189 2084 2266 Oi.

392 2298 554 2386 paterno,
583 2305 659 2359 sune
683 2290 759 2383 jam
780 2282 970 2384 ſseccefflrit
995 2289 1228 2384 indignationi
1251 2292 1454 2380 dendorpiut
1481 2292 1593 2372 dicit,
1625 2294 1716 2379 quod
1742 2287 1780 2359 st
1802 2291 1952 2386 impium.
2005 2296 2080 2382 ΙΙΙ.)

395 2389 533 2484 gratia,
556 2409 594 2458 ut
610 2381 670 2458 sub
690 2383 791 2457 finem
809 2385 953 2475 epistolae
974 2385 1131 2476 loquitur.
1165 2394 1228 2464 Ni·
1252 2391 1337 2480 Cep.
1360 2413 1437 2464 cum
1457 2395 1546 2478 apud
1571 2411 1627 2477 23.
1651 2390 1691 2462 ii.
1715 2391 1756 2460 de
1774 2384 1879 2477 spons.
1903 2389 2082 2462 ubilana-
2106 2459 2113 2474 ,

395 2484 418 2560 fi
439 2484 635 2559 Ambrofius
652 2482 821 2565 stetuitset,
843 2507 1019 2584 parentum
1036 2483 1227 2561 consensum
1251 2492 1378 2561 centius
1393 2490 1493 2558 dicit:
1521 2482 1678 2580 Sufficiat
1693 2486 1740 2558 ad
1760 2490 2012 2560 matrimonium
2021 2485 2081 2584 so·

395 2588 428 2659 iu
446 2585 634 2658 liberorum
656 2587 779 2668 nuptiis
800 2582 863 2658 effe
884 2583 1125 2674 necessarium,
1160 2612 1227 2661 non
1252 2585 1306 2660 lus
1324 2583 1497 2683 consensus
1517 2585 1673 2672 illorum,
1704 2582 1902 2684 deonorum
1923 2610 2082 2684 quornm-
2114 2595 2118 2600 '
2188 2599 2192 2616 ¹

396 2707 462 2762 tem
485 2680 610 2758 solicite
626 2708 690 2773 pro
711 2682 780 2755 filio
797 2681 904 2755 suitset
924 2688 1146 2772 deprecatus,
1168 2689 1227 2773 qui
1251 2711 1290 2761 ue
1309 2684 1594 2783 conjuniiionr‘bus
1610 2688 1736 2782 agitur.
1789 2683 1890 2777 Resp.
1904 2684 2081 2780 particule
2151 2698 2154 2706 '

393 2784 516 2874 ubsque
539 2785 683 2874 pereatis
695 2777 856 2862 ¹‚consensu
879 2785 1009 2871 nuptias
1028 2784 1227 2860 contrahen-
1249 2788 1412 2859 exclusrva
1430 2782 1528 2881 solus
1548 2812 1617 2859 non
1637 2789 1684 2858 est
1701 2751 1850 2858 rutilare
1865 2796 1900 2861 δι
1920 2783 2080 2875 simplici-

392 2887 435 2962 da
455 2886 555 2976 gravi
571 2883 680 2971 eulpa
695 2877 760 2954 sese
773 2885 963 2954 reddiderat
983 2885 1190 2960 obstridum.
1250 2907 1303 2958 ter
1323 2887 1535 2974 accipienda,
1562 2883 1639 2957 alies
1659 2884 1760 2958 etiam
1772 2887 1807 2954 in
1826 2889 1985 2977 gradibus
2000 2907 2079 2975 pro-

462 2991 492 3072 ς’.
520 2987 674 3055 Lxx1x.
723 2986 846 3080 Praeter
870 2980 953 3055 iilud
980 2983 1164 3072 capitulum
1183 3007 1225 3056 ex
1248 2983 1362 3055 hibitis
1376 2985 1585 3055 matrimonia
1600 3009 1661 3072 per
1676 2977 2078 3058 consentitmcontrehen-
2106 2985 2109 2990 ¹
2163 3044 2166 3052 i

393 3089 464 3174 jure
477 3083 638 3155 canonico
655 3077 889 3173 aBellatmino
903 3083 1084 3152 adduaurn
1099 3082 1142 3154 ab
1153 3081 1225 3153 aliis
1249 3086 1332 3154 tium
1350 3081 1469 3155 fiereut
1488 3107 1584 3172 rata,
1611 3077 1663 3154 sed
1685 3106 1748 3170 pro
1768 3083 1897 3153 ratione
1923 3077 2078 3168 [abjecte
2104 3158 2107 3162 ,

393 3180 489 3273 plura
501 3178 719 3254 adseruntur:
739 3183 784 3270 1.)
799 3183 884 3270 Cap.
901 3175 1057 3272 Sufficiat
1069 3191 1134 3257 dcc.
1151 3181 1224 3252 disi.
1248 3183 1395 3254 materiae
1420 3179 1625 3269 explicanda.
1693 3180 1840 3274 Quaestio
1868 3177 2080 3270 proponeba-

383 3302 448 3375 ·27.·
470 3308 503 3372 q.
523 3309 556 3356 2.
571 3277 631 3352 ubi
644 3278 803 3352 Nicotaus
816 3281 915 3350 dicit':
942 3275 1098 3375 Sufficiat
1106 3278 1225 3377 secum
1250 3304 1325 3362 tur,
1348 3306 1391 3352 an
1415 3284 1461 3354 ad
1479 3280 1727 3351 matrimonium
1756 3275 1996 3368 perficiendum
2025 3303 2078 3354 re·

392 3379 469 3454 dum
497 3378 589 3475 leges
603 3378 702 3474 solus
720 3401 832 3452 eorum
855 3376 1050 3476 consensus,
1084 3379 1125 3453 de
1144 3403 1225 3476 quo·
1249 3384 1423 3470 quitantur
1452 3377 1574 3450 verbe?
1599 3381 1640 3448 ad
1664 3375 1755 3448 illam
1779 3380 1883 3469 igitur
1911 3374 2078 3468 responlio

391 3503 462 3555 rum
479 3476 767 3577 conjunliionibus
787 3478 915 3574 agitur.
981 3475 1082 3571 Resp.
1114 3477 1225 3552 Glolsa
1249 3480 1558 3562 adcommadettde,
1581 3481 1672 3565 quod
1689 3475 1811 3548 scilicet
1832 3473 1917 3549 solus
1942 3473 2079 3549 eonsen-

389 3579 515 3655 ibidem
531 3583 644 3660 addit,
669 3577 843 3652 diliionem
865 3575 950 3651 sulus
966 3604 1031 3652 non
1051 3579 1225 3652 excludere
1248 3576 1299 3650 sus
1314 3578 1446 3666 absque
1459 3579 1570 3649 verbis
1589 3579 1631 3649 ed
1655 3577 1904 3646 matrimonium
1926 3569 2076 3648 sufficiet.
2119 3651 2126 3665 ,

389 3675 578 3776 consensum
606 3688 804 3776 parentum,
840 3682 896 3768 qui
927 3674 1104 3752 secundum
1130 3680 1222 3772 leges
1248 3678 1389 3751 Gentiiis
1406 3675 1482 3747 libr.
1504 3674 1571 3754 W.
1591 3678 1634 3747 de
1649 3696 1746 3765 nupt.
1766 3698 1838 3763 cap.
1854 3671 1918 3745 IV.
1941 3669 2081 3766 respon-

387 3780 591 3871 r'equiriturt
623 3775 688 3852 sed
707 3800 836 3849 tantum
863 3777 954 3850 alias
973 3776 1222 3876 solennitates,
1246 3780 1324 3858 det,
1353 3774 1557 3875 exclustoam
1591 3772 1642 3847 ibi
1675 3773 1800 3872 opponi
1823 3770 1997 3846 dotalibus
2025 3773 2078 3846 ia·
2188 3809 2193 3814 ¹

385 3907 459 3971 que
475 3875 663 3950 fiuntcirca
679 3879 939 3952 matrimonium.
1005 3880 1142 3958 Redius
1172 3878 1223 3958 di·
1238 3876 1434 3978 strumentis
1444 3896 1578 3972 pompa
1596 3869 1638 3947 &
1648 3872 1733 3955 aliis
1737 3870 1945 3970 solennibus.
1993 3873 2077 3970 lv.)
2152 3959 2157 3968 ι

385 3984 494 4060 citur,
519 3976 790 4080 quodfparticule
810 3974 867 4048 ille
888 3976 1042 4050 excludat
1067 3976 1221 4074 copulam
1247 3979 1333 4068 Cep.
1354 3974 1509 4053 Vmienr.
1530 3974 1799 4060 13.x“.tit.eod.
1822 3971 1881 4045 ubi
1900 3973 2052 4046 statuitur
2063 4020 2078 4055 ,
2188 4017 2194 4030 ,.

385 4076 584 4158 carnalem,
610 4082 700 4166 quod
733 4073 789 4146 illa
808 4102 874 4148 nun
902 4079 1068 4173 pertineat
1090 4078 1133 4149 ed
1153 4103 1224 4152 ma·
1245 4100 1291 4149 nu
1316 4076 1404 4162 tior,
1441 4075 1580 4172 inquot
1606 4085 1706 4171 poter
1731 4068 1915 4169 consmtire
1941 4071 2077 4159 noluit,

385 4179 539 4254 trimouii
555 4171 734 4250 essentiam.
783 4176 932 4268 Quaestio
947 4178 1036 4250 euim
1057 4197 1128 4249 erat
1142 4202 1223 4266 pro⁴
1245 4101 1314 4273 effi
1333 4187 1440 4249 ratas.
1506 4175 1607 4264 Resp.
1633 4175 1747 4266 egitur
1774 4170 1888 4248 ibide
1917 4176 2077 4266 conjugio

384 4274 519 4372 potita,
554 4301 640 4350 aune
668 4275 808 4350 carnaiis
834 4278 1026 4348 commixtio
1048 4281 1090 4347 ed
1111 4272 1219 4371 perse
1245 4300 1308 4369 per
1330 4273 1485 4368 copulam
1521 4270 1688 4351 carnalem
1725 4265 1952 4350 consummato
1979 4283 2014 4349 dc
2041 4274 2078 4345 in
2167 4337 2174 4354 ,,

385 4381 534 4455 &ionem
554 4375 702 4467 conjugii
718 4372 929 4465 pertineret?
961 4369 1131 4463 respondit
1158 4376 1221 4446 Ni·
1246 4372 1388 4456 ecclelia
1419 4371 1503 4446 secie
1530 4397 1593 4461 per
1614 4368 1848 4446 sacerdotalem
1871 4369 2077 4450 benedictiu-
2152 4415 2154 4420 .

383 4475 520 4556 cairus,
541 4465 648 4547 solum
669 4468 889 4554 consensum,
915 4471 1097 4546 concubitu
1118 4476 1220 4550 etium
1244 4499 1320 4546 nem
1335 4469 1550 4551 confirmato,
1574 4475 1663 4560 quod
1679 4479 1754 4559 jure
1776 4472 1936 4556 tanaitica
1957 4471 2005 4546 en
2025 4495 2080 4543 re·
2108 4551 2114 4566 Ι
2203 4562 2209 4582 ἢ

385 4599 454 4652 non
474 4575 728 4662 interueniente,
746 4572 802 4646 ad
822 4575 1074 4647 matrimonium
1091 4569 1221 4671 suffice·
1244 4597 1343 4664 tum,
1383 4569 1406 4643 st
1436 4569 1489 4664 vel
1524 4573 1666 4644 maxime
1696 4590 1873 4660 parentum
1905 4564 2078 4647 consensus

384 4701 440 4766 re,
471 4676 531 4773 qui
550 4672 723 4772 consensus
746 4675 772 4772 fi
799 4674 835 4745 iu
859 4675 987 4772 nuptiis
1004 4669 1103 4770 solus
1123 4672 1220 4769 sorte
1242 4697 1311 4753 non
1341 4668 1529 4750 meetserir,
1555 4696 1619 4758 que
1649 4672 1692 4741 de
1720 4693 1759 4742 te
1793 4667 1932 4742 inferius
1957 4668 2077 4760 plura.

385 4776 559 4873 defuerit,
593 4786 715 4856 cetero
739 4763 878 4860 austria,
919 4776 1021 4846 etiam
1048 4797 1120 4846 cum
1146 4769 1218 4872 ipso
1246 4777 1303 4858 V.)
1329 4775 1414 4862 Cep,
1449 4766 1520 4843 Tua
1531 4768 1761 4863 fraternitas,
1786 4771 1828 4839 de
1852 4761 1992 4857 sponsal.
2017 4768 2078 4845 ubi

388 4879 482 4956 coitu
517 4872 684 4948 celebrata
711 4872 886 4973 frustrari.
952 4878 1114 4946 Preteree
1142 4874 1217 4949 ideo
1242 4867 1394 4959 pontifex
1412 4872 1523 4951 dicit,
1559 4867 1812 4944 matrimonium
1835 4865 1991 4944 contrairi
2014 4892 2078 4965 per
2117 4941 2125 4964 χ

374 4965 543 5060 'duntaxat
557 4969 729 5046 consensus
746 4972 1012 5046 contrahentium
1028 4967 1065 5044 lit
1078 4974 1216 5053 mentio,
1242 4967 1432 5063 legitimam
1444 4969 1516 5042 viri
1532 4964 1574 5043 sl
1589 4964 1741 5042 mulieris
1757 4962 1956 5061 consensum.
1971 4965 2075 5059 Resp.

363 5079 508 5169 .quiain
527 5070 637 5164 specie
657 5084 692 5146 δι
719 5097 759 5150 en
785 5065 927 5162 proselso
949 5098 1017 5148 non
1042 5073 1216 5160 qrtereba·
1242 5092 1309 5140 non
1328 5067 1516 5144 excluditur
1533 5062 1705 5141 consensus
1736 5088 1926 5156 parentum.
1977 5073 2076 5144 Tunc

385 5197 439 5258 tur
457 5182 501 5254 de
519 5173 682 5274 conjugio
701 5169 890 5250 liberorum
903 5219 916 5256 ,
949 5168 1004 5246 sed
1027 5174 1072 5251 rie
1100 5196 1216 5270 comu-
1241 5168 1331 5347 eni&
1355 5162 1526 5248 cousensus
1550 5169 1614 5244 riri
1636 5175 1672 5247 oc
1701 5162 1851 5240 mulieris
1883 5165 2005 5241 dicitur
2024 5167 2079 5284 ‘13-

1357 5289 1379 5344 2
1523 5337 1569 5375 ,k
1672 5290 1677 5303 ·
1948 5301 1950 5306 ·
1998 5289 2104 5363 gna·
