4884 5984
724 496 742 523 ·’
773 513 911 612 ero
961 515 1046 590 ssr
1094 488 1454 617 contvulvie't
1923 538 1974 609 ιγ

357 722 430 783 rtem
439 714 555 783 tamen
558 703 693 809 semper
706 704 751 784 ab
765 711 1012 811 antiquioribus
1023 711 1102 812 asar
1123 716 1355 799 continentis,
1373 718 1440 793 'nee
1454 717 1608 810 puriter„
1628 734 1693 791 nec
1705 707 1866 793 (institor.
1901 712 1965 790 Sed
2018 770 2021 795 .

356 808 411 908 '⁰st
428 811 676 895 admixtiones
694 814 845 909 proprie
853 816 974 887 uxoris
993 810 1034 887 δ’
1045 812 1101 912 sa‹
1123 821 1158 886 in
1180 810 1403 890 socerdotibus
1418 819 1602 907 requiritur
1617 819 1846 899 continentis,
1869 815 1965 904 puri·

361 908 636 1007 purificationem
654 932 813 1009 querere,
841 909 883 987 Θ
894 910 938 985 ab
956 909 1100 1012 ingresse
1124 933 1172 985 tus
1187 921 1222 986 dc
1239 908 1397 987 sinnius.
1440 921 1530 1009 Ergo
1554 913 1735 990 sereniores
1754 939 1821 987 non
1841 911 1965 989 debent

356 1004 394 1081 iae
416 1005 596 1104 paululum
619 1021 808 1108 temperare.
859 1017 898 1084 lu
923 1011 1100 1086 revelatio·
1124 1014 1239 1086 vivere
1262 1013 1298 1085 in
1323 1015 1491 1108 cunjugio.
1541 1010 1710 1086 Vicissim:
1747 1020 1785 1085 ln
1808 1012 1965 1104 coniugio

367 1109 518 1199 urigine
538 1106 617 1180 libr.
630 1115 656 1179 1.
669 1134 743 1200 cup.
758 1117 815 1185 26.
831 1111 911 1182 dicit
929 1110 1098 1199 Christum
1123 1113 1169 1184 en
1187 1108 1301 1196 lubet,
1323 1114 1461 1185 cumulis
1477 1108 1765 1201 concupiscentis,
1786 1112 1968 1184 immundi-

366 1207 527 1302 conjuges
545 1208 683 1280 venirent
702 1208 749 1281 ad
769 1205 907 1295 testam,
931 1220 1009 1280 torre
1027 1213 1100 1312 sla-
1123 1213 1196 1281 ties.
1247 1213 1308 1281 Sed
1328 1238 1347 1283 s
1364 1207 1585 1284 sacerdoribus
1607 1207 1711 1283 obesse
1734 1209 1964 1284 debetortnir

356 1299 484 1396 'isccdit
494 1302 539 1379 ab
552 1305 601 1379 eis
606 1303 754 1403 spiritus
773 1324 882 1392 mnes,
911 1303 953 1381 Θ
977 1307 1101 1406 adpro-
1123 1305 1232 1392 lubet,
1244 1308 1383 1380 earnalis
1391 1305 1660 1399 eoncupiscentia
1677 1320 1711 1383 dt
1730 1308 1966 1380 immundities.

357 1412 400 1474 at
426 1400 574 1501 spiritus
600 1407 759 1503 impurus.
813 1409 1008 1494 Hieronymi
1036 1432 1100 1480 vox
1124 1410 1214 1498 Ergo
1231 1400 1413 1479 sacerdotes
1430 1432 1498 1479 nou
1519 1407 1645 1480 debent
1661 1410 1773 1482 vivere
1792 1410 1826 1478 in
1850 1412 1967 1494 conju·

357 1503 539 1588 pontificiis
566 1501 760 1579 dilaudrto:
803 1501 948 1604 Quando
978 1504 1099 1603 impleo
1123 1508 1193 1595 gio.
1240 1506 1395 1586 Sidicus,
1418 1506 1492 1578 idea
1510 1504 1675 1580 itaritta
1692 1502 1966 1600 adsucerdatstm

356 1625 399 1672 rm
424 1603 568 1686 mariti,
603 1626 668 1677 narr
696 1602 818 1699 impleo
844 1604 988 1700 officium
1013 1603 1101 1680 ciri·
1123 1603 1282 1699 conjugia
1306 1603 1509 1701 adplicari,
1540 1607 1618 1695 quir
1643 1600 1716 1676 suut
1735 1604 1877 1685 illicito,
1912 1626 1966 1676 re·
2110 1664 2114 1669 .

356 1753 365 1771 .
405 1701 505 1773 Plura
521 1702 619 1788 huius
638 1706 771 1797 generis
794 1726 970 1776 occurrent
992 1707 1028 1775 in
1051 1701 1101 1778 se·
1123 1699 1300 1791 spondeo,
1331 1712 1379 1778 -&
1411 1706 1481 1794 peti
1510 1690 1740 1795 principium,
1775 1712 1811 1777 δι
1843 1703 1967 1776 mutori

358 1800 369 1867 i
396 1821 625 1890 argumento,
651 1828 693 1875 ex
722 1799 842 1889 quibus
860 1803 1047 1882 constabit,
1079 1803 1307 1889 uquaellionis
1330 1803 1459 1875 statum.
1509 1804 1616 1897 Quod
1644 1803 1847 1893 principium
1873 1823 1967 1890 pete·

356 1893 437 1977 iciis
449 1901 538 1970 sttui
555 1898 723 1994 conjugali
740 1902 871 1991 opponi
891 1897 1099 1990 presentium
1123 1923 1196 1978 tur,
1223 1902 1480 1973 demonstratum
1499 1899 1563 1972 fuit
1582 1891 1637 1973 sui)
1657 1899 1751 1984 loco,
1777 1901 1909 1989 quondo
1926 1897 1968 1972 li·

357 2019 398 2066 us
422 1991 550 2082 sanni,
576 2003 769 2072 munditiem
786 2009 820 2072 δι
833 1995 1050 2073 [ιηᾶἰιιιειη.
1123 1996 1287 2072 bertutenr
1306 2003 1454 2091 conjugii
1471 1994 1693 2072 sucerdoribus
1716 1998 1965 2073 vindicavimus.

600 2106 634 2185 §·
653 2105 794 2171 xxvn.
822 2094 901 2192 lli.)
923 2104 975 2169 De
996 2093 1100 2172 sacre.
1123 2096 1228 2191 Quod
1251 2120 1401 2171 mutetur
1422 2098 1607 2186 questionis
1639 2100 1771 2178 status,
1806 2116 1899 2186 potet
1926 2120 1967 2172 ex

544 2218 656 2267 mento
677 2199 814 2285 proprie
832 2192 875 2265 stc
892 2192 990 2268 diets
1002 2197 1100 2268 sdssr·
1124 2195 1235 2267 verbis
1259 2199 1456 2270 iunocentii.
1508 2194 1715 2286 Propofituns
1736 2196 1826 2267 enim
1846 2196 1893 2266 est
1912 2200 1968 2267 ln·

541 2295 626 2365 muri
646 2299 775 2383 nequis,
800 2297 890 2382 quod
903 2291 941 2365 stt
956 2298 1101 2366 immun·
1124 2294 1278 2365 nocentio
1298 2296 1523 2395 demunslrore
1541 2319 1582 2366 er
1603 2289 1787 2385 scripturo,
1815 2294 1904 2382 quod
1919 2286 1972 2366 su-

543 2395 658 2475 dines,
677 2391 1020 2483 prillutio&eornules
1033 2390 1100 2466 sor·
1123 2396 1296 2463 cerdotum
1313 2397 1468 2485 conjugia
1484 2390 1546 2465 fint
1566 2391 1695 2466 illicito.
1746 2385 1804 2464 De
1828 2388 1883 2463 leis
1901 2392 1967 2478 (in-

378 2486 545 2564 l‘ontificii
575 2495 730 2584 conjugio
757 2492 837 2562 tules
864 2488 1014 2579 flosculos
1041 2497 1101 2564 tri·
1124 2495 1215 2579 quit,
1237 2493 1293 2576 qui
1309 2493 1343 2563 in
1360 2494 1489 2563 diaconi
1507 2493 1712 2573 ministerio,
1733 2513 1789 2563 uus
1803 2491 1838 2561 in
1854 2486 1968 2563 officio

356 2613 400 2678 t,
430 2611 469 2660 ut
496 2611 587 2676 putet
611 2614 651 2662 ex
674 2589 821 2677 epistolis
855 2590 1040 2661 innocentii
1067 2599 1101 2665 δι
1124 2588 1323 2680 presbyterii
1351 2588 1448 2678 positi
1477 2586 1560 2660 filios
1590 2597 1768 2679 generunt)
1791 2586 1919 2682 manisc
1945 2608 1969 2661 a

356 2692 364 2759 i
386 2688 498 2758 relatis
514 2689 547 2758 in
564 2689 616 2778 jus
640 2690 846 2760 cussonicum.
863 2690 949 2777 Cap.
971 2684 1169 2858 Propo-cll
1199 2686 1392 2761 diuinarum
1423 2686 1534 2783 legum
1558 2684 1740 2784 disciplina
1749 2698 1766 2771 ’ς
1794 2712 1832 2759 uc
1857 2711 1902 2777 po

375 2783 445 2859 &n
470 2788 545 2859 dist.
568 2802 624 2870 82·
649 2812 722 2876 cup.
745 2784 918 2887 plurimas⁸
937 2782 1006 2858 &n
1028 2789 1104 2862 disi.
1142 2787 1258 2876 objicit
1286 2785 1340 2858 illo
1373 2806 1599 2879 arguments,
1641 2789 1676 2859 in
1712 2783 1970 2876 quibus-nultus
2033 2826 2039 2834 =

387 2891 477 2977 Ergo
505 2908 628 2976 negant
646 2883 707 2958 ell'e
729 2883 984 2960 sacramentum.
1030 2885 1102 2957 Bel·
1126 2909 1272 2961 nervus.
1299 2882 1410 2956 nullus
1436 2908 1570 2964 nexus,
1612 2882 1672 2956 nisi
1703 2887 1897 2976 conjugium
1931 2890 1969 2961 dr

356 2986 422 3056 irrue
438 2985 585 3072 excipit,
614 2983 666 3081 s.)
681 2980 846 3057 Siricinm
861 3006 927 3053 eron
945 2982 1105 3055 damnare
1128 2984 1329 3065 mundities,
1353 2985 1600 3056 matrimonium
1622 2993 1656 3058 dc
1674 2976 1825 3054 sondiitus
1843 2979 1904 3054 srbi
1917 2982 1970 3057 iu·

356 3082 425 3178 tgia
434 3081 652 3181 simpliciter,
667 3081 732 3178 sed
748 3081 979 3156 monachorum
999 3078 1106 3178 &sa-
1128 3085 1236 3154 vicem
1259 3104 1481 3173 opponuntur.
1532 3085 1633 3155 Videt
1651 3080 1715 3154 hoe
1732 3079 1971 3172 Bellororiuus‚

357 3193 429 3253 trem
451 3184 630 3277 conjugia,
656 3184 713 3276 qui
737 3180 868 3252 illicitis
887 3181 1017 3276 nuptiis
1043 3183 1106 3254 im·
1127 3183 1203 3252 ideo
1230 3183 1281 3267 2.)
1301 3174 1449 3269 subjicit.
1468 3181 1500 3278 fi
1521 3179 1557 3252 iet
1575 3177 1651 3252 oliv
1672 3177 1886 3254 matrimonii
1901 3188 1972 3252 trer-

356 3280 389 3352 ri
402 3278 576 3352 'uolebant
603 3277 704 3367 Resp.
728 3279 862 3365 questio
887 3283 957 3359 eil,
989 3305 1030 3351 on
1057 3277 1087 3352 su
1124 3276 1314 3376 pitudimm
1338 3274 1378 3351 is
1399 3275 1819 3374 immunditiem‘aliqnam
1838 3272 1897 3374 ese
1916 3277 1972 3357 die

356 3403 413 3452 tres
431 3375 554 3467 puffint
567 3375 629 3449 esse
647 3387 821 3469 conjuges.
853 3374 1007 3468 'Negent
1027 3381 1106 3449 Siri-
1128 3400 1295 3452 ceremrte.
1316 3377 1449 3450 ratione
1470 3373 1739 3549 cansvpycmtiae
1763 3374 1804 3452 ii
1824 3374 1974 3453 rebellia·
2061 3405 2065 3411 ·

357 2162 375 2252 'e
389 2163 492 2244 eonsue-

357 2246 493 2323 ignomi-

362 3489 400 3553 &
428 3501 508 3548 eum
537 3472 662 3549 secutus
693 3477 903 3548 innocentius
924 3479 1016 3546 inter
1044 3480 1105 3546 ulio
1131 3479 1186 3548 nis
1204 3473 1448 3564 membrorum,
1473 3474 1563 3548 tristis
1606 3477 1760 3549 iteremus
1778 3475 1907 3550 divinis
1927 3475 1973 3550 li·
2059 3563 2061 3566 Α
2099 3542 2115 3551 .

367 3584 599 3666 argumentis:
629 3597 677 3659 a.)
697 3577 775 3662 quia
783 3571 973 3669 sacerdotes
990 3570 1108 3646 debent
1131 3577 1211 3647 teris
1234 3599 1435 3672 repugnans.
1454 3570 1563 3663 ,Resp
1586 3577 1660 3663 imo
1677 3600 1758 3648 vero
1781 3569 1973 3649 advertitur

357 3676 570 3755 omittentem
595 3671 642 3758 lv.)
665 3677 739 3761 quis
757 3674 815 3768 qai
829 3669 985 3766 serviunt
996 3669 1107 3766 sacris
1130 3674 1165 3746 id
1190 3669 1316 3746 disertis
1339 3672 1448 3746 verbis
1476 3675 1636 3761 apostoli:
1661 3672 1811 3772 sisaim-i
1832 3668 1973 3772 pessa&

356 3771 508 3865 ionibus,
534 3775 614 3870 puri
639 3769 679 3844 Εἴ
700 3769 745 3844 ab
766 3771 857 3842 Omns
874 3770 950 3844 sabe
962 3772 1107 3867 purgati
1129 3771 1161 3851 r’r
1182 3773 1278 3848 ardor
1299 3770 1361 3850 eol
1382 3773 1403 3850 ri
1424 3770 1518 3848 eolre
1535 3769 1632 3858 u'selo
1729 3820 1741 3852 s
1764 3773 1971 3845 Hebuxnt.

356 3848 485 3960 seient3
518 3879 569 3957 c.)
597 3875 674 3960 quia
696 3868 886 3966 sacerdotes
905 3867 1025 3942 *debens
1049 3894 1065 3966 e
1091 3895 1108 3941 e
1131 3902 1165 3959 4.
1187 3895 1227 3941 ex
1240 3895 1306 3958 quo
1320 3870 1523 3960 Paphnutius
1538 3873 1572 3940 in
1584 3779 1725 3943 roffi
1735 3873 1872 3942 Niceno
1887 3872 1973 3943 hone

356 3974 490 4146 marcus
503 3969 705 4067 scriptume
741 3994 754 4042 .·
780 3965 898 4044 Sanni
911 3971 1107 4071 eslote,qvu·
1130 3967 1373 4061 conclusionem
1399 3970 1551 4048 deduxit,
1575 3974 1664 4056 quod
1684 3966 1880 4063 consuetudo
1898 3992 1973 4075 essm

450 4095 512 4168 ego
526 4068 662 4167 santius
706 4093 786 4148 amr
812 4068 863 4154 d.)
884 4072 960 4154 quio
979 4071 1012 4168 s
1031 4091 1108 4140 caet·
1126 4068 1272 4164 propria
1291 4091 1396 4141 sertore
1418 4069 1455 4140 irs
1476 4067 1633 4162 conjugia
1647 4067 1696 4165 st
1717 4069 1865 4168 castitas.
1915 4075 1975 4145 So·

356 4180 450 4244 tatus
474 4170 588 4263 suerit
607 4166 766 4264 ‚suendas
792 4167 927 4240 carnali
955 4169 1108 4263 concupi·-
1131 4188 1235 4240 cretes
1251 4166 1327 4238 libr.
1349 4174 1376 4239 l.
1390 4165 1503 4237 hilior.
1519 4190 1593 4255 cup,
1604 4180 1640 4250 8.
1652 4171 1852 4239 sozomenus
1860 4167 1935 4238 lrlsr.
1945 4171 1974 4241 s.
2034 4211 2037 4216 -

356 4274 408 4353 ia,
475 4265 686 4361 umeeitose
707 4267 866 4342 exaudiri
884 4261 970 4363 passe
985 4266 1107 4352 credit,
1130 4290 1203 4354 cup.
1224 4292 1267 4337 22
1299 4269 1375 4353 Cup
1407 4260 1551 4337 Nicaea
1572 4260 1734 4343 &erin
1754 4288 1807 4353 3³·
1844 4271 1975 4338 Adver⁴
2105 4326 2114 4357 ,

372 4294 496 4443 dissum
517 4371 589 4468 st:
635 4363 760 4441 Omnia
795 4366 919 4440 munda
949 4365 1109 4450 mundis,
1132 4360 1218 4435 sorur
1234 4363 1388 4437 omnibus
1403 4360 1572 4454 scripture
1586 4364 1699 4447 dinis,
1722 4361 1975 4452 inquibuseon-

356 4468 489 4543 nimis
521 4477 630 4539 autem
661 4463 703 4541 Ei
730 4464 923 4564 infidelibus
952 4463 1042 4538 sitit
1064 4466 1108 4580 ess
1131 4465 1263 4554 jug‘ium
1282 4464 1523 4553 turpitudini&
1539 4463 1761 4534 innuunditiei
1777 4463 1974 4557 opponiturg

356 4569 423 4643 item
439 4595 453 4648 ‚·
485 4579 527 4643 e.)
549 4568 625 4653 quir
642 4565 812 4666 aposolus
827 4562 938 4638 dicit:
976 4560 1049 4663 Qui
1072 4589 1109 4637 rer
1140 4559 1274 4638 sTlsets.
1290 4568 1348 4633 lV.
1372 4586 1401 4647 3.
1424 4555 1614 4634 adversatur
1629 4557 1744 4632 sannae
1759 4563 1824 4633 Dei
1841 4563 1973 4634 ordino.

356 4697 364 4742 r
379 4667 483 4767 sunt,
518 4660 594 4735 Deo
621 4664 751 4761 placere
779 4659 1011 4833 reonsspasrmt.
1062 4669 1108 4736 Ex
1131 4662 1213 4735 tioni
1240 4663 1275 4730 in
1291 4656 1440 4749 paradiso
1463 4661 1634 4747 institute,
1660 4654 1850 4732 adversatur
1869 4653 1976 4734 sonio-

380 4769 498 4841 mediis
522 4767 673 4837 terminis
701 4790 769 4837 nun
801 4789 845 4852 po
873 4785 932 4834 unt
960 4761 1034 4834 sieri
1057 4766 1109 4834 in.
1131 4758 1224 4831 rtlrus
1256 4758 1441 4848 pontificiis.
1504 4758 1631 4833 Riberu
1658 4761 1694 4828 in
1719 4783 1841 4830 cuturn.
1864 4758 1974 4833 Hebr.

366 4867 567 4958 syllogismi,
589 4861 649 4934 nifi
660 4865 705 4936 de
723 4865 881 4954 coniugio
897 4865 933 4933 id
945 4884 1109 4953 negetur,
1132 4864 1228 4936 Xlll.
1288 4854 1393 4931 Toros
1426 4856 1661 4933 immaculatas
1688 4856 1815 4966 dicitsr
1843 4853 1886 4930 ΕΞ
1912 4860 1976 4935 im·

368 4974 412 5041 de
431 4961 652 5036 sacerdotibus
673 4959 892 5041 odtirmutur.
918 4970 953 5035 δι
969 4956 1118 5033 vicillim'
1130 4953 1301 5053 pollutus,
1325 4981 1398 5030 cum
1418 4955 1506 5028 nollo
1523 4953 1690 5031 adulteria
1698 4954 1873 5051 foedatae.
1913 4963 1976 5035 Pe·
2067 4984 2071 4989 ·

357 5061 553 5141 scerdotibus
575 5083 745 5153 negetur,
767 5063 859 5153 quod
883 5063 925 5131 de
951 5060 1109 5153 conjugio
1132 5054 1244 5134 raldus
1260 5058 1295 5127 in
1314 5059 1409 5129 trudi.
1426 5058 1467 5127 de
1489 5074 1687 5146 temperent.
1708 5051 1874 5233 Consulgii
1897 5054 1976 5154 resur

356 5188 482 5252 nutus,
504 5160 571 5238 hoe
589 5164 710 5236 mudot
735 5166 776 5235 lu
791 5161 953 5255 :noiogiu
971 5184 1043 5237 oon
1058 5159 1110 5236 est
1129 5155 1261 5330 ,elingue
1284 5165 1377 5234 toras
1401 5154 1646 5234 immaculatos.
1695 5158 1811 5237 Adver
1824 5152 1978 5331 unffi

1137 5280 1140 5289 .
1243 5275 1264 5330 2
1965 5293 1985 5319 .

1724 5332 1786 5367 -s
