4884 5984
557 533 632 620 ιιι
1076 509 1238 608 rocus.
1263 511 1386 584 xxvi.
1439 487 1591 590 cnrvr
1618 517 1677 588 nt.
1724 449 1732 465 ⁸

555 683 628 782 lilii
648 701 715 780 sell.
733 699 873 781 XXIV.
890 727 962 796 cap.
985 703 1011 778 l.
1031 707 1075 780 de
1097 702 1269 778 reformat.
1290 730 1361 778 tut·
1382 707 1512 782 nubunt
1532 706 1642 782 malae.
1666 710 1811 784 Ovidius
1831 710 1891 783 lib.
1905 715 1948 784 V.
1965 711 2088 788 nonar.
2153 733 2156 740 ·
2214 779 2215 784 ,

560 808 710 879 trimonii
723 809 816 878 teste
833 805 1000 888 statuunt,
1014 814 1093 878 onir
1106 804 1358 877 matrimonium
1433 805 1506 880 Ner
1530 807 1641 882 uiduae
1663 808 1762 882 taedis
1785 810 1920 890 eadem,
1952 804 2011 880 ne'r
2032 805 2183 905 uirginis

488 959 491 970 ·
561 905 673 980 trinas
695 903 966 978 denuntiationes
987 903 1024 977 in
1049 901 1283 1074 rcclestoseri
1301 900 1358 975 de·
1919 939 1923 958 =
1970 911 2113 1004 ’ψη
2157 1003 2159 1008 Ι

561 1001 655 1087 lem,
681 1015 719 1076 ut
736 1004 769 1099 st
788 1002 906 1098 aliquo
919 997 987 1095 sub
1002 1013 1064 1076 unt
1095 1001 1183 1098 impr
1207 1002 1356 1086 immta.
1487 998 1671 1100 Tempora,
1697 1027 1769 1101 quae
1792 1003 1923 1107 nupsit,
1942 1003 2181 1080 necaturum

430 1143 433 1160 =
554 1101 708 1196 facilius
726 1100 946 1196 deteganturr
985 1106 1026 1172 ed
1043 1101 1123 1191 quid
1144 1097 1204 1170 fibi
1218 1098 1292 1172 vult
1308 1102 1357 1170 vi·
1517 1137 1520 1146 ·
1991 1103 2071 1200 furt

560 1196 642 1274 riola
661 1197 717 1271 illa
732 1201 897 1285 tdprndix
919 1197 1045 1271 ibidem
1062 1199 1195 1280 additae
1217 1198 1281 1297 nist
1303 1220 1359 1270 or·
1433 1195 1514 1272 Hac
1536 1222 1660 1297 quoque
1682 1198 1862 1298 derauso,
1889 1203 1922 1300 st
1944 1211 1976 1274 te
1997 1159 2178 1298 prouerbio

559 1297 717 1372 dinarius
729 1293 798 1392 ipse
814 1293 970 1394 expedire
979 1296 1207 1393 judicaverit,
1222 1307 1261 1370 ut
1270 1315 1359 1393 prae-
1580 1302 1582 1308 '
1914 1311 2084 1395 tangunt,

405 1405 409 1416 '
542 1395 658 1472 ailla
671 1395 941 1472 denunciationis
954 1397 1191 1479 remittantur,
1213 1390 1359 1491 puodil·
1480 1393 1599 1494 Mense
1630 1396 1741 1472 molor
1771 1395 1876 1496 Mojo
1907 1398 2027 1474 nubm
2060 1395 2180 1498 vulgar

560 1495 629 1572 lius
644 1493 829 1591 prudentia
843 1491 890 1570 ,Θ
906 1492 1045 1591 judicio
1063 1491 1186 1590 santia
1205 1492 1359 1591 synodus
2017 1497 2084 1572 ait.
2118 1565 2122 1572 .

559 1589 749 1690 relinquit?
773 1599 877 1668 Certe
900 1619 967 1665 non
990 1593 1133 1667 debebat
1157 1589 1357 1666 amillio-ri·
1383 1599 1543 1671 Rationes
1563 1593 1758 1669 Plurarrhm
1776 1595 1815 1666 d.
1837 1592 1859 1666 l.
1890 1604 1925 1668 dt
1946 1595 2006 1668 alii
2024 1593 2179 1669 ttfemat

560 1716 699 1768 rustam
719 1689 868 1766 salutaris
891 1691 1125 1779 atqueutilir,
1156 1715 1225 1780 quo
1251 1689 1359 1778 pluri·
1381 1721 1458 1779 eat,
1497 1698 1630 1780 a.)quia
1654 1690 1841 1764 blemensis
1865 1696 1993 1766 medius
2018 1697 2070 1768 est
2095 1695 2178 1764 inter
2212 1763 2215 1768 .

533 1869 536 1874 ,
560 1796 624 1864 mie
639 1791 795 1864 scandalis
817 1801 853 1865 dt
876 1790 1143 1863 contentionibus
1158 1789 1294 1862 obviarn
1316 1789 1359 1859 iri
1385 1792 1538 1884 Aprilem
1551 1775 1597 1865 &⁸
1606 1794 1767 1883 Juniuna,
1787 1791 1910 1877 quibus
1930 1793 2178 1866 convenientior
2214 1799 2215 1852 }

559 1893 686 1981 potest,
708 1893 841 1979 priuato
857 1890 1083 1978 parochorum
1098 1887 1237 1960 arbitrio
1257 1885 1360 1958 relin-
1382 1895 1429 1965 est
1452 1891 1604 1974 nubere,
1627 1894 1714 1977 quod
1736 1888 1788 1958 hir
1806 1890 1950 1979 Junoni,
1975 1890 2033 1962 ille
2061 1889 2178 1960 Veneti

560 1993 619 2077 qui
643 1986 766 2066 libera,
791 2011 873 2076 quot
899 2008 1035 2074 acceptu
1063 1988 1205 2074 perunit
1231 1989 1359 2056 denun-
1384 1987 1474 2062 sacer
1487 1991 1545 2066 est,
1563 1987 1685 2058 deabus
1698 1984 1839 2062 scilicet,
1864 2013 1937 2076 φη
1954 1991 2084 2076 nuptiis
2100 2007 2178 2074 prt-

559 2089 718 2162 eiationer
740 2085 811 2158 illas
832 2088 1055 2158 intermittere
1077 2086 1291 2170 experientia
1312 2106 1359 2154 te·
1383 2085 1468 2160 sunt.
1522 2091 1574 2174 2.)
1600 2092 1742 2172 Propter
1763 2082 1887 2154 fanen.
1905 2088 2049 2174 piacula,
2066 2083 2178 2175 quibu

503 2271 505 2276 A
561 2186 715 2260 stimonio
732 2187 869 2256 constat.
923 2185 975 2254 Sic
993 2183 1211 2254 Belltrarinus
1227 2180 1290 2252 lint
1310 2179 1360 2252 lo·
1384 2213 1424 2261 eo
1440 2183 1549 2256 munst
1570 2186 1714 2254 Rom'ani
1732 2187 1936 2265 utebantur,
1965 2183 2101 2276 effigies
2125 2181 2179 2252 lto·

560 2307 604 2356 uo
623 2285 714 2354 tolle
733 2278 896 2371 disputat,
930 2301 1035 2353 nooor
1047 2276 1191 2376 sponsor
1207 2281 1244 2352 in
1261 2278 1360 2353 eccle·
1375 2289 1513 2358 ¹minum
1533 2283 1575 2353 dt
1605 2303 1707 2370 ponte
1741 2285 1775 2351 iu
1798 2283 1962 2354 Tiberim·
1976 2283 2176 2369 deiicieottr⁸

555 2377 857 2480 fialenedicentlos
871 2373 950 2474 effer
967 2373 1022 2452 sed
1036 2380 1117 2468 quid
1129 2378 1188 2450 sibi
1203 2376 1275 2450 vult
1290 2403 1361 2448 mo·
1390 2387 1444 2474 3.)
1464 2383 1568 2473 Quod
1590 2379 1700 2475 Major
1721 2405 1740 2448 a
1760 2378 1941 2464 majoribus
1963 2401 2046 2452 aartt
2075 2375 2114 2450 lit
2134 2376 2180 2448 di·

461 2479 464 2484 ’
563 2476 711 2554 nathalie
739 2477 798 2550 illa
824 2473 1027 2565 disparatio,
1064 2501 1164 2565 quam
1196 2500 1269 2564 cap.
1301 2473 1361 2546 lx.
1388 2485 1477 2557 tius,
1504 2478 1711 2566 &grandior
1723 2497 1800 2546 etat
1813 2477 1922 2546 minus
1935 2478 2180 2548 eonvenietno-

564 2577 745 2668 proponit,
768 2581 858 2664 quod
875 2570 1024 2664 secunda
1048 2574 1175 2666 nuptia
1205 2573 1237 2667 [a
1262 2572 1362 2642 viduo
1387 2580 1475 2667 priis.
1528 2591 1576 2655 a.)
1598 2575 1701 2670 Quod
1724 2596 1765 2644 eo
1796 2569 1906 2645 mense
1924 2579 2053 2646 Remus
2075 2567 2179 2670 fnilset

566 2669 691 2746 scilicet
723 2672 777 2746 vel
807 2675 905 2744 vidua
935 2672 1107 2768 innitutae]
1135 2690 1201 2740 non
1225 2667 1363 2739 debeant
1387 2668 1607 2749 intersertos,
1634 2695 1674 2743 ex
1696 2695 1763 2756 quo
1785 2695 1904 2758 parum
1929 2668 2054 2744 faustus
2076 2683 2110 2746 dt
2126 2667 2177 2756 ,ft-

568 2768 733 2856 limodici,
748 2768 1030 2866 propterea,quool
1045 2764 1223 2838 berndiuiio
1241 2767 1278 2837 in
1289 2765 1363 2860 pri·
1388 2771 1431 2840 lix
1459 2764 1662 2840 censebatur.
1714 2770 1849 2839 Miraris
1872 2772 2040 2842 rationum
2057 2769 2177 2842 'barna

568 2869 636 2944 mir
651 2870 781 2964 nuptiis
801 2868 886 2940 dota
901 2889 967 2938 non
984 2865 1140 2960 perierit,
1166 2884 1228 2934 nec
1243 2866 1363 2935 iterum
1389 2867 1610 2939 futilitatem‘l
1634 2887 1667 2936 tt
1683 2870 1787 2956 mugit
1803 2868 1918 2937 mirari
1929 2869 2088 2942 carnemt
2101 2889 2177 2956 patt-

569 2965 718 3044 tandin·
732 2966 893 3048 drlreunt,
919 2963 978 3058 qui
990 2961 1095 3058 srmrl
1115 2958 1274 3037 beneditti
1286 2961 1364 3055 sue-
1388 2964 1564 3036 tificiotum
1596 2964 1763 3053 stuporem
1788 2989 1826 3035 rc
1850 2968 2064 3052 eoecitmetn,
2078 3017 2081 3024 -
2095 2957 2189 3053 epul-

567 3076 659 3142 runt.
708 3062 811 3155 Quofi
839 3085 919 3133 veto
941 3083 1010 3131 non
1037 3056 1075 3130 iit
1099 3082 1226 3129 novum
1248 3069 1363 3146 conju·
1389 3087 1471 3150 quos
1491 3062 1674 3133 multorum
1695 3064 1811 3130 animis
1834 3057 2128 3151 superstitiosa-illa
2144 3081 2178 3132 ι

568 3167 685 3257 flium.
710 3163 800 3249 quod
820 3161 937 3230 uiduus
958 3181 1035 3228 eum
1057 3157 1213 3245 virgine,
1240 3155 1292 3228 vel
1315 3159 1364 3227 vi·
1388 3162 1481 3249 pinio
1504 3156 1613 3230 adhuc
1632 3153 1768 3240 initiet,
1796 3163 1886 3246 quod
1910 3160 2060 3253 infauste
2082 3161 2179 3235 dein·

568 3267 634 3335 dua
654 3285 729 3332 cum
745 3253 973 3339 adolescente,
999 3251 1053 3324 vel
1072 3254 1189 3325 viduus
1217 3276 1293 3324 cum
1316 3256 1363 3325 vi·
1390 3255 1502 3327 felices
1525 3254 1585 3326 fint
1605 3260 1756 3346 nuptiae,
1789 3282 1861 3343 que
1886 3255 1997 3331 mense
2018 3266 2113 3348 Majo
2130 3281 2177 3329 ee·

568 3365 635 3433 dut
657 3355 877 3435 contrahunt,
915 3375 955 3424 ar
976 3351 1119 3438 proinde
1148 3373 1236 3421 nort
1264 3352 1364 3422 etium
1389 3354 1594 3433 lebrtatur,
1616 3375 1654 3424 ut
1674 3352 1779 3426 relert
1806 3354 1969 3428 Thadaeus
1993 3354 2067 3430 Piso
2090 3363 2177 3430 Soat-

570 3456 802 3529 benedictione
823 3448 944 3519 merito
965 3443 1232 3520 sandificandum
1254 3443 1362 3521 tense·
1390 3454 1484 3535 rius,
1515 3450 1703 3539 pontificius
1730 3448 1897 3541 scriptor,
1931 3458 1965 3526 in
1991 3461 2121 3528 traditu
2142 3455 2177 3524 de

569 3557 600 3628 ti
617 3552 755 3627 debeat,
775 3572 840 3635 qua
863 3550 905 3616 de
921 3569 958 3616 re
983 3542 1082 3633 plura
1102 3547 1245 3617 diximus
1268 3541 1366 3636 supe·
1391 3546 1497 3639 spons.
1518 3561 1553 3621 δι
1573 3553 1761 3621 matrimon.
1780 3573 1865 3637 part.
1882 3558 1922 3622 11.
1940 3556 1973 3622 iu
1991 3579 2065 3642 rap.
2094 3548 2176 3648 Quu-

570 3652 639 3722 riut
657 3671 729 3731 rap.
748 3651 790 3715 V.
809 3640 953 3716 membr.
969 3639 995 3713 I.
1016 3654 1050 3733 §.
1080 3665 1158 3730 ¹93·
1177 3671 1180 3676 ·
1211 3687 1216 3693 ·
1392 3646 1439 3720 les
1455 3646 1547 3743 opud
1566 3649 1721 3744 antiquos
1740 3649 1823 3721 olim
1838 3650 1975 3743 suerint
1991 3654 2177 3749 nuptiarum

891 3750 926 3834 5.
943 3741 1207 3814 cccclxvii.
1236 3740 1369 3838 Qnaeri·
1391 3747 1479 3819 ritus
1496 3766 1573 3837 pig.
1597 3766 1676 3835 1³7·
1696 3750 1776 3820 edit.
1792 3750 1912 3821 Colon.
1932 3750 1991 3821 ubi
2007 3776 2049 3821 ex
2067 3747 2177 3822 multo·

571 3833 792 3976 sstmriturl.)
841 3835 1085 3910 turhorloco:
1126 3834 1173 3933 1.)
1195 3833 1258 3908 An
1281 3847 1368 3911 certo
1393 3869 1468 3915 rum
1496 3867 1556 3915 ore
1585 3840 1649 3914 sese
1674 3843 1756 3914 illud
1780 3843 1936 3922 audiville
1961 3852 2065 3923 addit.
2125 3846 2178 3919 Sel

572 3921 791 4056 mntffi‘zae'l‘
840 3936 925 4048 anni
952 3935 1295 4049 temporeonuptr'ulrs
1311 3935 1366 4029 st·
1392 3944 1538 4014 redimus
1564 3948 1604 4013 td
1631 3947 1798 4014 Romanos
1818 3967 1973 4029 veteres,
1999 3949 2178 4036 quibusn-

572 4014 792 4218 morlo
832 4031 1367 4206 luxuriantium
1576 4040 1754 4210 utut
1768 4040 2178 4237 trituranda

675 4174 694 4214 n
715 4173 760 4216 Μ.
881 4211 886 4218 ,
997 4187 1006 4201 ·
1555 4191 1564 4220 n
2169 4191 2195 4222 p·

844 4231 1005 4317 temporit
1028 4231 1062 4300 in
1089 4230 1287 4316 adpetendis
1307 4254 1367 4300 nu·
1393 4235 1456 4304 hor
1476 4235 1546 4318 est,
1574 4236 1782 4314 devitandae,
1809 4260 1845 4307 ut
1865 4242 1974 4328 inquit
1995 4239 2179 4313 Macrobius

575 4331 653 4422 ptiie
668 4328 790 4415 duplex
811 4329 881 4406 eli,
907 4328 972 4398 alia
985 4322 1218 4426 stuperslitiosa
1243 4348 1283 4398 oc
1308 4326 1368 4399 do-
1392 4331 1479 4400 libro
1501 4336 1524 4400 l.
1543 4336 1672 4403 saturn.
1689 4359 1761 4421 rap.
1780 4342 1852 4406 xV.
1881 4362 1921 4409 eo
1946 4341 2040 4426 quod
2059 4343 2134 4413 Idne
2148 4343 2179 4407 dt

574 4426 756 4502 attrahilisr
780 4424 842 4497 alit
859 4424 1015 4520 legitimo
1032 4448 1072 4495 or
1089 4421 1291 4519 probabilis.
1309 4431 1368 4498 Su·
1394 4427 1549 4502 Calendae
1568 4429 1637 4500 dies
1653 4430 1762 4504 feriati
1780 4431 1901 4521 essent,
1930 4447 1964 4509 dr
1983 4432 2203 4525 potiridutni¹

574 4523 792 4618 perstitiosam
824 4550 862 4596 ar
890 4522 1116 4595 damnabilem
1149 4547 1235 4594 voco
1263 4547 1336 4595 eam
1358 4577 1367 4605 ‚
1392 4531 1461 4600 dies
1485 4526 1732 4615 Calendarum,
1766 4535 1967 4612 Nonarum,
2005 4537 2124 4606 iduum
2147 4554 2184 4604 ex

559 4651 648 4715 ,que
678 4649 718 4696 et
744 4621 920 4712 gentilium
945 4618 1173 4708 superstitione
1201 4624 1369 4711 originem
1393 4650 1486 4713 aequo
1506 4628 1587 4708 arti,
1612 4627 1731 4713 quibus
1754 4630 1881 4702 idcirco
1897 4656 1985 4703 noua
2009 4657 2113 4722 nupta
2129 4653 2185 4703 nec

576 4722 688 4796 trabit.
740 4724 841 4807 Apud
856 4717 1028 4794 Romanos
1049 4718 1167 4790 mensis
1184 4725 1293 4807 Mojua
1307 4744 1369 4790 nu·
1393 4722 1581 4796 libertatem
1606 4722 1765 4812 auspicari
1785 4731 1957 4809 uxoriam,
1985 4756 2096 4818 neque
2116 4752 2187 4801 rem

575 4823 654 4912 ptiit
671 4815 828 4890 infaustus
848 4829 883 4892 dt
906 4813 1124 4906 innuspIcatus
1142 4816 1368 4904 judicabatur,
1397 4823 1542 4893 divinam
1561 4818 1670 4894 fucere
1685 4823 1858 4912 potuillet,
1885 4847 1922 4897 ut
1947 4830 2109 4915 postridie
2129 4851 2191 4902 ou-

574 4922 657 4991 reste
690 4915 866 4989 Plutarcho
897 4919 931 4987 in
965 4915 1197 5005 quaestionibus
1230 4922 1373 4988 Roman.
1398 4921 1542 5006 priorum
1566 4939 1637 4991 tum
1661 4920 1731 4993 fieri
1748 4922 1934 5010 oportebat.
1958 4932 1989 4997 S.
2014 4933 2190 5019 Pompeius

575 5019 687 5107 quest.
709 5025 765 5100 86.
788 5040 828 5087 ex
851 5039 919 5102 quo
940 5012 1023 5085 illud
1047 5016 1165 5083 tritum
1189 5011 1282 5103 vulgi
1308 5009 1374 5084 scr·
1398 5019 1503 5088 Festus
1524 5019 1556 5088 in
1578 5018 1683 5090 verbo
1700 5017 1889 5098 Nonarum
1956 5027 2089 5099 Contra
2114 5047 2192 5101 teto

575 5109 1115 5209 moneptouerbiumfuitortutn:
1134 5108 1253 5209 Mense
1270 5108 1374 5208 Mojo
1397 5116 1513 5188 diebus
1531 5113 1618 5189 fellis
1642 5121 1752 5193 viduor
1778 5119 1975 5222 nubebant,
2006 5149 2076 5201 ooo
2093 5124 2197 5218 virgi·

2119 5250 2177 5300 oet
2190 5277 2202 5312 ,
