4884 5984
297 551 442 629 *aa
587 525 1280 654 '‘tocrs'xxr'ncrutv.
1331 539 1553 619 sacru.
1602 527 1820 621 arnt.

379 761 566 838 cumpater
579 765 616 814 ac
631 744 734 822 frater
748 744 912 822 Rcbeccae
933 748 976 819 de
1001 746 1216 824 matrimonio
1240 742 1311 816 dist.
1330 768 1361 817 2.
1384 769 1415 833 q.
1434 767 1502 839 27.¹
1547 739 1707 842 Sufficiat
1717 742 1816 843 stolus
1830 743 2011 843 secuudum
2034 743 2095 823 le⁴¹

326 837 348 852 ”
379 859 458 941 ejas
479 873 556 924 cum
593 844 774 929 Eleazaro,
802 869 1020 935 procuratore
1042 843 1215 927 Abrahae,
1239 867 1298 939 ges
1318 843 1488 940 cousensus
1504 870 1638 931 earum,
1664 845 1704 941 de
1724 868 1863 942 quorum
1879 865 2087 946 quarumque

316 1007 321 1034 .
379 952 438 1041 qui
454 973 527 1021 eam
543 941 650 1018 isaaco
679 952 713 1021 in
735 971 872 1018 uxorem
898 921 1057 1036 petebas,
1096 947 1216 1020 traebi-
1240 940 1396 1041 consessu
1417 942 1458 1019 sd
1475 943 1765 1043 confessionibus
1782 949 1923 1043 agitur,
1993 950 2007 1020 i
2022 945 2110 1045 soa.

378 1070 474 1128 rent,
498 1046 673 1118 dicebant:
707 1047 874 1121 Vacemus
891 1044 1062 1143 puellam,
1101 1042 1143 1120 ds
1165 1048 1218 1120 in-
1242 1043 1296 1117 lus
1304 1045 1337 1143 st
1355 1042 1518 1138 desuerit,
1541 1057 1668 1146 ‚catera
1687 1046 1789 1119 etiam
1810 1072 1883 1119 cum
1902 1049 1938 1144 ip
1957 1049 2086 1122 ocoilrs

377 1149 549 1247 quiramus
573 1148 643 1242 ejus
659 1147 878 1219 voluntalem.
926 1145 1118 1220 Ambrosius
1143 1148 1217 1236 qui·
1242 1141 1410 1218 celebrata
1418 1146 1642 1247 sruslraatur.
1660 1150 1745 1235 Cap.
1767 1147 1840 1218 Ubi
1856 1172 1924 1219 non
1948 1148 1995 1219 est
2010 1158 2082 1221 arc.

376 1253 454 1322 dem
478 1245 553 1319 libr.
576 1253 601 1319 1.
629 1250 671 1319 de
692 1244 818 1320 Abrab.
844 1270 916 1338 cap.
944 1253 1002 1318 IX.
1028 1266 1129 1340 negat
1160 1245 1214 1318 hic
1239 1246 1310 1316 dist.
1343 1270 1399 1334 30.
1430 1272 1462 1335 q.
1494 1275 1526 1322 2.
1622 1243 1694 1321 Ubi
1730 1268 1796 1317 uon
1832 1248 1875 1348 esl
1904 1242 2081 1343 consensus

300 1425 306 1436 ,
376 1351 421 1421 de
451 1347 662 1418 matrimonio
686 1347 750 1439 agi.
821 1338 1047 1440 Consulitur,
1077 1347 1214 1431 inquit,
1238 1344 1419 1442 utriusque,
1438 1345 1488 1421 ibi
1504 1368 1571 1419 nors
1587 1346 1629 1446 esi
1649 1344 1860 1441 conjugium,
1875 1346 2005 1447 etiamst
2015 1367 2080 1443 qa·
2111 1416 2118 1429 ,

376 1444 489 1547 puella
505 1469 571 1518 noa
588 1443 627 1518 de
635 1441 876 1543 sponsalibus,
902 1443 962 1516 illa
981 1445 1068 1517 caim
1091 1444 1138 1517 ad
1157 1446 1215 1540 ju·
1239 1453 1291 1517 rer
1309 1440 1351 1519 &
1368 1455 1476 1520 mater
1489 1444 1552 1520 loc
1568 1442 1736 1518 volueriut
1753 1440 1957 1539 &serarium
1982 1447 2080 1520 Idem

330 1597 333 1602 ·
377 1545 509 1624 dicium
524 1556 699 1644 parentum
709 1542 881 1643 spellari,
904 1566 970 1616 narr
995 1545 1216 1645 esluirgiua·
1238 1541 1382 1617 habetur
1402 1547 1488 1637 Cup.
1512 1551 1602 1642 Tuas
1628 1547 1755 1619 dudum
1780 1548 1822 1618 de
1851 1537 1967 1636 sponsa
1993 1548 2082 1620 duo·

375 1645 424 1722 lis
440 1645 582 1745 pudoris
609 1643 731 1741 eligere
758 1644 946 1732 maritum,
972 1641 1037 1740 sed
1056 1647 1133 1742 jam
1158 1643 1215 1717 de·
1239 1668 1327 1718 rum.
1360 1653 1425 1718 acc.
1457 1647 1556 1719 unico
1583 1648 1624 1718 dc
1650 1639 1798 1736 despons.
1823 1643 1953 1734 impub.
1980 1643 2017 1715 in
2042 1654 2079 1719 6.

367 1743 536 1845 sponsata
559 1746 635 1820 uiro
652 1744 693 1818 de
706 1743 927 1843 professionis
952 1743 1008 1818 die
1029 1741 1215 1841 consulitur
1239 1747 1362 1815 Eadem
1377 1746 1460 1831 iuris
1483 1742 1590 1817 ciuilis
1610 1739 1786 1834 dispositio.
1821 1746 1994 1835 ,Nuptias
2019 1769 2080 1833 30.

369 1846 465 1948 puell
496 1901 506 1933 ‚
533 1870 605 1934 quc
627 1844 730 1918 rerba
752 1846 852 1918 ctiam
877 1848 911 1914 in
936 1852 988 1934 jus
1017 1846 1214 1917 canonicum
1239 1844 1280 1914 dc
1295 1845 1341 1915 R.
1359 1842 1391 1936 J.
1412 1844 1435 1916 l.
1467 1870 1531 1917 nec
1557 1840 1663 1915 filium
1687 1842 1709 1917 l.
1737 1845 1772 1915 in
1797 1844 2002 1932 copulandis.
2031 1845 2080 1930 C.

374 1939 452 2022 sunt
473 1945 598 2026 relata,
622 1970 694 2035 cap.
719 1948 937 2017 Honorantur
964 1952 1030 2019 &a
1055 1946 1126 2017 diu.
1155 1969 1214 2029 ῃ.
1238 1945 1281 2011 de
1302 1963 1398 2030 nupt.
1420 1940 1443 2015 l.
1464 1965 1520 2015 ro.
1542 1940 1577 2014 ff.
1597 1946 1638 2015 de
1655 1943 1710 2019 rit.
1734 1965 1827 2035 nupt.
1849 1944 1871 2016 l.
1897 1964 1949 2015 rt.
1975 1941 2014 2017 ff.
2034 1943 2079 2019 de

272 2055 276 2061 “
374 2047 408 2138 'q.
427 2072 461 2121 r.
511 2050 552 2117 Et
572 2039 645 2118 sane
663 2045 896 2125 concedimus,
919 2045 1030 2132 primo
1054 2066 1093 2115 ac
1120 2044 1215 2134 prin.
1238 2032 1377 2128 sponsal.
1428 2046 1487 2131 V.)
1502 2047 1550 2114 Ex
1570 2042 1854 2116 incommodarum
1872 2038 2077 2139 consecutio·

252 2197 259 2212 .
373 2144 526 2235 cipaliter
547 2141 606 2235 lric
623 2168 690 2216 non
706 2144 762 2235 agi
781 2145 822 2216 de
843 2143 1076 2223 matrimonio,
1102 2136 1158 2216 sed
1174 2145 1216 2216 de
1242 2161 1292 2212 sse.
1343 2144 1590 2224 Matrimonia,
1626 2168 1698 2231 quc
1718 2141 1832 2216 inuitis
1850 2139 2079 2218 contrahenti·

373 2238 516 2329 itineres
539 2243 651 2331 visre,
678 2243 855 2331 inquiunt,
876 2237 1049 2341 proficisci
1067 2266 1140 2314 cum
1155 2239 1217 2313 loc
1241 2236 1302 2311 bus
1321 2235 1468 2341 personis
1490 2238 1729 2325 conciliantur,
1753 2243 1857 2338 multa
1879 2235 1987 2316 secum
2009 2264 2080 2315 tro·

322 2388 329 2394 -
373 2342 484 2420 uiro?
509 2345 648 2416 Interim
678 2365 793 2415 tamen
817 2366 859 2414 er
881 2339 946 2414 line
972 2338 1215 2431 profectionis,
1239 2334 1325 2409 hunt
1350 2340 1585 2424 incommoda,
1622 2337 1663 2416 {5
1697 2341 1806 2415 malos
1826 2337 1946 2416 labere
1960 2339 2078 2437 sallent

372 2445 521 2538 quierat
545 2441 748 2535 matrimonii
771 2465 848 2511 cum
876 2435 983 2513 isaaco
1007 2436 1213 2530 celebratio,
1239 2436 1364 2512 exitus.
1383 2441 1468 2529 Cap
1491 2438 1661 2529 requisivit
1675 2451 1740 2520 &a
1763 2445 1804 2516 dc
1829 2437 1967 2532 sponsal.
1989 2439 2083 2537 quod

372 2548 467 2636 redte
491 2540 696 2634 colligitur,
714 2537 920 2616 voluntatem
943 2547 1014 2627 ejus
1035 2543 1077 2622 de
1095 2537 1212 2636 conju.
1239 2538 1326 2612 enim
1347 2535 1474 2706 aliquis
1498 2562 1565 2612 uon
1581 2539 1722 2636 diligit,
1739 2536 1851 2636 facile
1873 2542 2076 2628 coutemnit,

371 2643 432 2744 gio
450 2639 546 2716 suilse
566 2639 796 2731 exploratam,
823 2648 859 2712 &
872 2662 912 2712 ex
929 2634 994 2710 boc
1013 2643 1220 2720 antecedens
1234 2663 1309 2730 cap.
1325 2661 1394 2727 prae
1409 2662 1467 2710 ens
1487 2660 1542 2713 ao.
1563 2664 1595 2728 q.
1627 2662 1656 2733 3.
1686 2665 1759 2731 cap.
1787 2666 1866 2716 cum
1892 2639 2004 2715 locum
2032 2644 2081 2716 dc·

373 2763 433 2824 te,
468 2734 624 2814 consensu
646 2736 773 2811 'scilicet
806 2739 932 2809 irritet
961 2741 1002 2810 ad
1038 2732 1212 2819 isaacum,
1236 2731 1450 2825 sponsalibus.
1499 2738 1613 2812 Omne
1633 2737 1846 2813 necelsrrium
1863 2741 1970 2825 trisle,
1994 2742 2076 2815 telle

259 2855 273 2874 '‘
372 2835 629 2917 retieinsert‘oc
645 2833 873 2926 consequeus,
899 2832 1070 2909 consensus
1089 2834 1212 2910 scilicet
1235 2831 1460 2927 philosopho,
1490 2841 1577 2910 unde
1599 2842 1747 2912 Socrates
1766 2837 1920 2925 dicebat,
1945 2827 2083 2916 inuitas

251 2997 271 3009 ..
348 2944 409 3016 ‘in
436 2942 689 3016 matrimonium
718 2963 795 3008 cntra
826 2931 935 3009 isaaco
962 2936 1211 3010 celebrandum.
1236 2934 1372 3031 nauplias
1385 2932 1459 3010 lraec
1475 2937 1634 3012 comitari
1652 2938 1771 3025 atala,
1800 2950 1997 3035 perpetuam
2013 2937 2077 3038 sa

373 3039 450 3115 Nec
466 3035 573 3112 abfuit
595 3036 772 3117 Rebecca,
797 3061 874 3107 cum
890 3029 1004 3108 servus
1019 3038 1148 3109 itineris
1164 3033 1211 3134 sui
1236 3033 1463 3123 liciludr'rrem,
1491 3038 1736 3112 excruciantem
1749 3038 1978 3134 zelotypiam,
1991 3064 2073 3114 con-
2102 3111 2105 3118 ,

333 3213 354 3234 d
374 3136 505 3213 causam
522 3159 722 3232 exponeret,
752 3145 788 3209 δι
813 3137 979 3227 virginem
995 3136 1077 3209 hero
1100 3131 1155 3207 suo
1177 3137 1210 3207 in
1236 3143 1365 3210 textum
1391 3136 1617 3231 querelarum,
1655 3137 1929 3233 exprobationem
1955 3138 2073 3227 dotis,

376 3257 516 3312 uxorem
536 3258 690 3328 peteret,
714 3232 767 3305 sed
791 3258 905 3307 coram
928 3236 1075 3316 adstitit,
1099 3261 1138 3306 ac
1154 3259 1213 3324 pa·
1234 3257 1341 3332 graue
1356 3236 1521 3333 adfinium
1544 3233 1790 3335 stupescilium,
1816 3237 1923 3309 alieni
1952 3240 2074 3314 matri·

349 3345 352 3352 '
376 3339 438 3411 tris
459 3347 497 3420 ες
511 3335 626 3409 metris
643 3329 894 3426 promissionem
915 3357 982 3405 non
997 3328 1100 3406 solum
1117 3330 1212 3406 filen-
1235 3336 1342 3407 monii
1358 3332 1604 3431 subceusuras‚
1630 3340 1745 3411 uarios
1756 3335 1901 3436 stamius,
1930 3338 2078 3413 incertos

373 3437 440 3520 tio,
467 3433 522 3512 sed
547 3446 581 3511 δι
604 3459 781 3506 nannetum
803 3434 995 3522 receptione
1014 3432 1212 3523 comproba·
1236 3432 1416 3509 liberorum
1439 3445 1597 3524 euentus,
1625 3460 1858 3537 nonnunquam
1882 3434 2074 3529 orbitates,
2102 3505 2108 3517 .

373 3540 443 3628 ult,
470 3559 508 3610 ut
526 3539 617 3609 reue
638 3555 751 3606 monet
770 3536 816 3605 D.
841 3527 1005 3605 Gesneros
1027 3534 1062 3604 in
1086 3557 1209 3606 comm.
1237 3533 1410 3609 interilum
1425 3537 1575 3630 gesseris,
1601 3535 1760 3611 lacedem
1780 3536 1926 3611 alienum
1952 3534 1994 3613 ss
2012 3536 2078 3613 sla·

373 3631 411 3728 lt,
423 3635 444 3709 l.
463 3632 588 3711 isaacus
606 3625 750 3736 eJa'calro
765 3627 833 3704 filio
851 3656 918 3704 non
938 3634 1045 3707 inuito
1061 3658 1099 3705 ac
1113 3657 1211 3706 recu·
1236 3631 1324 3708 lorcs
1345 3634 1544 3718 innumeros.
1608 3635 1704 3714 Alex.
1737 3639 1894 3712 Carerius
1924 3636 1983 3713 lib.
2011 3642 2072 3740 lv,

371 3733 456 3812 sonti
474 3758 612 3811 uxorem
629 3732 797 3813 obtrudit,
822 3724 878 3803 sed
898 3750 1037 3821 paterne
1053 3729 1112 3823 ipfi
1131 3756 1210 3804 con·
1235 3736 1277 3807 de
1297 3729 1435 3825 sponsal.
1459 3745 1494 3809 δι
1521 3738 1666 3810 matrim.
1699 3762 1770 3828 cap.
1795 3743 1839 3811 X.
1908 3734 2073 3834 Iustuma-

301 3915 304 3919 Α
372 3831 449 3908 sulit
474 3846 508 3911 ὅ(
525 3834 655 3916 suadet,
682 3854 719 3904 ut
741 3832 775 3903 in
797 3825 1072 3921 Mesopotamiam
1097 3830 1210 3902 abiens
1234 3856 1313 3905 rurs
1322 3833 1474 3931 prosilio
1492 3831 1616 3910 liberos
1633 3859 1748 3933 cogere
1772 3835 1820 3908 acl
1839 3860 1877 3910 ca
1895 3839 2073 3932 suatrimo-

371 3938 416 4008 cd
443 3940 581 4008 domum
608 3929 746 4006 bathuel
769 3931 883 4001 matris
909 3926 998 4016 sua,
1036 3932 1117 4003 inde
1149 3929 1209 4001 stbi
1234 3933 1316 4020 nin,
1342 3931 1501 4031 aquibus
1529 3946 1600 4009 toto
1625 3935 1750 4034 pellere
1771 3930 1979 4023 abhorrent,
2002 3937 2074 4010 imo

293 4043 298 4057 '
368 4057 509 4110 uxorem
528 4036 570 4108 de
591 4027 722 4105 filiabus
743 4028 1036 4117 Laban,rvunculi
1050 4025 1108 4117 sui,
1125 4031 1210 4102 acci-
1226 4029 1393 4130 se‘rvitutc
1408 4032 1526 4108 durius
1548 4034 1587 4107 id
1603 4032 1844 4131 judicandum,
1869 4032 2071 4134 quiaserui·

364 4139 450 4227 piat.
476 4142 560 4209 Gen.
586 4127 756 4203 XXVIll.
779 4154 812 4202 2.
868 4119 1005 4225 Simsmr
1027 4153 1067 4203 er
1088 4151 1214 4202 arcano·
1233 4139 1303 4208 lule
1318 4132 1435 4208 multis
1453 4133 1563 4207 modis
1577 4132 1704 4232 aliquis
1716 4132 1858 4207 liberari
1875 4139 1994 4236 patesl,
2005 4134 2075 4233 sed

369 4236 511 4326 Spiritus
542 4230 644 4307 sandi
680 4250 774 4304 motu
796 4226 1002 4303 ‘Philillaam
1032 4226 1208 4303 mulierem
1233 4254 1256 4306 a
1277 4235 1430 4331 conjugii
1445 4232 1581 4307 uinculo
1589 4230 1670 4330 scola
1686 4257 1778 4308 mors
1791 4232 1924 4310 liberal.
1947 4235 2073 4312 tuthe-

276 4378 280 4384 ’
368 4335 549 4428 conjugem
563 4332 622 4405 libi
639 4329 790 4423 deligens
806 4331 847 4401 ad
871 4350 1026 4421 parentes
1054 4349 1127 4400 rem
1151 4330 1209 4401 de·
1232 4358 1288 4407 rus
1301 4335 1336 4406 in
1349 4340 1483 4414 XXIX,
1512 4328 1628 4408 Genes.
1639 4346 1772 4430 p.408.
1824 4331 1905 4409 Nost
1918 4333 2073 4432 sarulsu-
2110 4361 2113 4366 ·

341 4429 462 4521 sert,
501 4433 558 4523 qul
584 4430 735 4521 quamuis
759 4429 853 4499 initio
884 4423 1076 4501 consensum
1112 4421 1206 4499 suum
1231 4431 1335 4530 garruli
1351 4432 1451 4507 liberi
1462 4431 1509 4507 ad
1521 4457 1679 4519 amorem,
1695 4445 1756 4508 aul
1768 4435 2069 4526 coartabiaeorum,

364 4552 436 4607 nort
467 4531 591 4622 absque
619 4530 747 4615 ratione
777 4522 963 4610 differunt,
993 4548 1104 4627 tulmen
1129 4551 1206 4600 cum
1232 4529 1388 4628 aquibus
1407 4531 1597 4609 abstorreret.
1652 4529 1751 4610 Salis
1777 4536 1930 4633 alioquin
1950 4534 2073 4635 super·

275 4687 283 4700 ,
365 4634 484 4708 uident
505 4628 586 4726 ipsu,
611 4633 656 4701 ita
675 4626 773 4719 plone
792 4629 1006 4724 constitutum
1025 4623 1111 4714 else,
1139 4651 1205 4699 noa
1230 4655 1290 4729 que
1309 4629 1402 4729 satis
1427 4631 1652 4730 periculorum
1679 4632 1720 4710 85
1744 4634 1899 4737 molesliae
1919 4636 2071 4729 incidit,

363 4729 509 4822 amplius
525 4747 735 4822 repugnant,
761 4720 815 4798 sed
843 4728 885 4799 ud
912 4729 1043 4817 nuptias
1067 4746 1143 4798 cum
1165 4750 1205 4800 eo
1222 4732 1370 4833 fielium
1389 4756 1502 4807 amore
1524 4735 1613 4808 iuter
1628 4732 1668 4831 se
1689 4734 1841 4827 ardenter
1861 4740 2072 4834 conjungun-

359 4831 497 4907 cbeant.
524 4833 601 4923 Jud.
625 4825 724 4899 XIV.
752 4851 784 4913 ς.
835 4825 969 4919 Raguel
994 4825 1096 4898 filiam
1114 4820 1204 4899 stram
1229 4841 1312 4915 rur,
1343 4835 1432 4934 seul
1468 4834 1641 4933 oslruduut
1677 4834 1876 4929 quotidiana
1902 4838 2070 4935 exeuspl.

368 4921 486 5006 Talia
504 4926 707 5019 despondet,
733 4927 906 5018 postquam
924 4942 962 4998 ex
978 4926 1120 5009 lacrimis
1133 4929 1204 5016 ejus
1228 4933 1315 5005 Vide
1332 4936 1481 5026 ejusdem
1496 4936 1589 5025 epist.
1606 4938 1646 5007 ad
1669 4932 1856 5026 Jobcnnem
1888 4932 2070 5023 bilustre,

357 5034 487 5127 gaudio
504 5027 631 5104 obortis
647 5021 892 5100 consensum&
911 5025 1117 5098 voluntatem
1132 5027 1202 5100 uir·
1226 5032 1328 5123 equit.
1357 5027 1472 5107 durat.
1495 5055 1575 5107 roan.
1607 5035 1648 5108 ll.
1677 5037 1752 5124 Jen.
1787 5062 1895 5131 germ.
1923 5036 1947 5111 f.
1984 5067 2068 5130 443·

260 5181 263 5194 .
357 5134 451 5224 ginis
470 5127 677 5221 exploratam
693 5117 943 5199 haberetTols.
969 5124 1052 5198 Vll.
1080 5139 1113 5211 ς.
1147 5128 1380 5228 150vl.)Ex
1410 5135 1561 5230 ostrirqpi
1592 5132 1791 5208 conditione.
1859 5141 2071 5230 Conjuginm

361 5227 441 5327 IV·)
465 5229 516 5309 Εἴ
531 5228 625 5336 slsis
642 5219 965 5331 ‘sssllffssmcfllb
979 5222 1202 5340 sufficiatur.
1227 5231 1275 5318 rsl
1295 5233 1505 5316 adumbratio
1526 5225 1703 5332 spiritual&
1725 5237 2074 5421 cunjunsliouisgqre:
