4884 5984
466 507 478 549 -.
504 476 570 553 oe
614 470 923 550 nnrmrrnre
973 426 1336 552 naramomrn
1383 445 1705 558 moenum-e·
1838 499 1924 577 arr.

348 668 472 763 pserui,
497 672 587 744 nulla
601 668 733 763 spiritus
748 673 896 762 carnisve
911 669 1074 745 discretio.
1101 701 1190 763 „ma
1223 679 1373 770 coniugii
1401 664 1504 767 fides,
1539 681 1692 752 militatis
1717 680 1823 771 gratia
1844 681 1903 755 est.

348 776 504 864 quivere
524 776 592 865 duo
611 774 645 842 in
664 796 761 870 carpe
783 798 857 843 una.
909 771 981 844 Ubi
996 797 1075 844 caro
1101 779 1168 861 „Si
1188 777 1275 847 idola
1298 779 1407 862 colat,
1431 801 1575 865 quornm
1600 780 1822 867 predicantur
1845 783 1903 851 ed·

349 899 397 955 a,
416 894 499 966 unus
521 866 721 959 despicitur.
771 868 875 943 Simul
892 892 1008 951 orant,
1039 867 1078 941 st·
1097 872 1269 956 ,‚ulteria‚
1291 874 1903 966 srChrillunrneget,quipraeceptor
2002 956 2005 960 ,

348 966 595 1042 alvnlutantur
626 978 661 1042 &
692 965 787 1040 simul
814 970 936 1057 jejunia
962 965 1076 1039 transr-
1098 980 1163 1055 „&
1191 994 1420 1045 remunerator
1446 977 1493 1045 cll
1518 977 1709 1063 pudicitiae,
1732 979 1902 1061 quomodo

348 1087 408 1151 nt,
433 1064 594 1138 alterutro
615 1068 792 1145 ducentes,
816 1065 977 1137 alterutro
994 1064 1074 1136 hur·
1098 1115 1122 1149 „
1133 1070 1603 1161 potelidiligerepudicitiam?
1614 1076 1645 1142 Si
1654 1074 1838 1145 Christiana
1849 1073 1900 1154 fit,

348 1186 422 1237 rtet.
474 1170 512 1235 ln
535 1161 669 1237 ecclesia
686 1166 752 1235 Dei
775 1167 919 1251 pariter,
943 1166 977 1259 in
993 1188 1074 1235 cun·
1099 1175 1200 1252 „obn
1226 1169 1275 1238 est
1297 1164 1390 1256 satis,
1416 1168 1474 1240 nisa
1498 1167 1597 1241 ambo
1623 1170 1741 1240 initiati
1768 1170 1833 1243 fitis
1852 1165 1901 1246 sa·

349 1261 409 1335 bio
427 1265 562 1352 pariter,
614 1269 651 1333 ln
677 1263 849 1352 angustiis,
873 1263 907 1332 in
932 1260 1073 1352 refrige·
1096 1285 1301 1345 ,ieranrento
1318 1262 1532 1355 baptismatis.
1582 1267 1685 1339 Simul
1712 1270 1751 1339 ad
1776 1273 1900 1342 oratio·

348 1378 494 1438 tneotcr
511 1361 653 1434 alterum
672 1361 773 1443 celat,
797 1382 916 1431 neuter
928 1358 1070 1430 alterum
1095 1387 1203 1443 ,mem
1222 1368 1319 1434 node
1340 1363 1434 1435 vobis
1452 1361 1653 1454 surgendum
1671 1367 1741 1448 eli,
1767 1376 1801 1440 dr
1820 1392 1900 1441 con·

348 1482 408 1546 at,
431 1480 552 1533 neuter
570 1459 665 1531 alteri
693 1459 805 1549 gratis
830 1460 887 1530 cll.
951 1455 1070 1529 Libere
1096 1462 1245 1545 „junctis
1262 1459 1417 1548 precibus
1441 1458 1659 1537 obsecrandus
1680 1470 1784 1535 Deus.
1834 1471 1900 1539 dc·

348 1580 388 1633 er
404 1556 574 1640 visitatur,
594 1558 750 1647 'indigens
771 1551 977 1628 sustentatur.
1030 1560 1070 1626 Ε·
1092 1560 1211 1640 „cedit
1234 1555 1323 1628 aliud
1342 1557 1468 1652 infigne
1491 1562 1714 1641 castimonie,
1738 1560 1761 1632 li
1782 1568 1898 1637 credes

348 1653 493 1744 :mosyne
514 1653 581 1727 stne
603 1676 794 1735 termento,
819 1648 975 1724 sacrificia
1003 1650 1144 1736 finem
1163 1677 1221 1726 tuo
1242 1660 1318 1727 Deo
1333 1657 1414 1737 tibi,
1439 1659 1528 1745 quod
1545 1654 1676 1729 sortitus
1691 1682 1744 1740 cs,
1781 1670 1904 1750 conju.

349 1756 472 1845 apulo,
498 1754 687 1842 quotidiana
720 1751 892 1843 diligentie
915 1749 982 1823 fine
1005 1752 1069 1821 im·
1085 1754 1218 1841 „gium
1233 1754 1360 1834 datum.
1413 1762 1494 1830 Non
1512 1752 1645 1845 poliunt
1664 1755 1727 1828 hoc
1750 1752 1896 1848 dispares

348 1857 499 1928 limento.
548 1855 630 1924 Non
646 1848 782 1924 ,furtiva
806 1847 975 1943 signatio,
998 1874 1069 1921 non
1092 1847 1187 1935 „fide
1202 1853 1360 1942 credere,
1380 1875 1416 1924 ut
1431 1852 1473 1925 ab
1487 1877 1547 1940 co,
1574 1878 1673 1949 quem
1685 1875 1754 1925 non
1768 1857 1895 1939 colunt,

349 1953 429 2043 pide
438 1950 643 2043 gratulatio,
670 1974 738 2019 non
759 1970 850 2021 muta
866 1946 1064 2027 benedidim
1089 1967 1243 2035 „putent
1262 1953 1411 2043 conjugii
1430 1950 1489 2022 stbi
1510 1952 1715 2038 impertitam
1736 1956 1892 2043 gretiam.

348 2071 414 2123 tant
431 2054 526 2135 ,inter
550 2053 633 2121 duos
658 2045 776 2137 psalmi
803 2057 837 2122 dt
866 2045 1005 2131 hymni,
1030 2053 1064 2119 dr
1088 2048 1222 2128 ,‚Ratio
1249 2051 1368 2132 docet,
1392 2046 1446 2121 sed
1467 2047 1609 2136 amplius
1631 2049 1784 2139 exempla
1801 2076 1895 2126 com.
2100 2131 2117 2143 μ

348 2169 420 2223 ttuo
441 2168 647 2238 provocant,
669 2147 743 2232 quis
770 2142 888 2217 melius
908 2148 985 2233 Deo
1007 2140 1065 2214 suo
1088 2165 1269 2227 „movent
1321 2150 1452 2236 Species
1480 2144 1638 2217 illecebra
1664 2147 1814 2236 mulieris
1834 2155 1894 2242 de·
1921 2132 1954 2213 '·
2036 2191 2039 2198 ·

348 2269 402 2320 ran
453 2245 547 2318 Talia
567 2243 718 2318 Christus
739 2246 854 2314 ridens
878 2251 912 2314 δι
929 2242 1064 2313 audiens
1087 2244 1209 2332 „cepit
1233 2246 1333 2317 etiam
1353 2242 1508 2317 fortiores
1535 2243 1695 2323 maritos,
1722 2255 1792 2319 &a
1813 2249 1892 2322 reli·

348 2349 441 2426 rdet,
463 2342 513 2413 his
534 2365 652 2433 pacem
675 2336 763 2410 suam
783 2342 894 2410 mittit.
922 2335 1001 2411 Lib.
1025 2339 1065 2410 de
1088 2343 1226 2432 „gione
1247 2340 1326 2414 fecit
1352 2338 1542 2417 discedere.'
1592 2344 1634 2412 Et
1662 2342 1738 2414 ideo
1769 2363 1806 2415 tu
1834 2337 1891 2421 'vel

348 2465 414 2518 ono
431 2439 538 2514 'melin
556 2461 630 2535 cap.
652 2435 765 2511 XIII.
789 2442 866 2509 iden
884 2462 949 2508 non
964 2435 1064 2508 nubi·
1087 2441 1223 2516 ‚numi
1242 2434 1400 2529 consule,
1427 2438 1482 2513 sel
1506 2461 1657 2516 errorem
1683 2461 1775 2514 cave.
1796 2440 1892 2519 Idem

348 2568 369 2614 u
385 2541 552 2622 ethnicis,
577 2562 620 2609 ne
636 2560 697 2607 nos
713 2542 753 2608 ad
773 2528 992 2606 idololatriam
1009 2559 1061 2606 as·
1085 2590 1106 2621 ‚‚
1117 2535 1177 2608 lib.
1192 2534 1259 2609 IX.
1275 2538 1365 2637 epist.
1381 2559 1439 2629 50·
1454 2537 1501 2609 ad
1519 2534 1635 2631 Vigil.
1650 2534 1685 2608 t’n
1696 2538 1889 2638 principio:
2028 2627 2031 2632 ,

348 2667 363 2714 e
383 2642 568 2716 deducant,
594 2659 702 2722 a..qua
730 2639 817 2721 apud
837 2632 910 2704 illus
936 2634 1060 2721 nuptiae
1084 2640 1209 2719 „Doce
1225 2632 1381 2723 plebem,
1411 2657 1534 2707 utnon
1554 2658 1595 2707 ex
1619 2632 1813 2729 alienigenis
1830 2635 1888 2716 sed
2113 2630 2119 2638 ’

348 2741 497 2829 ipiunt.„
544 2736 736 2823 Cyprianus
753 2729 828 2802 libr.
847 2728 904 2804 lll.
920 2735 962 2803 ad
973 2732 1060 2827 Qui·
1084 2758 1156 2810 „ex
1176 2732 1331 2805 domibus
1352 2733 1535 2805 chrilliani's
1556 2735 1704 2824 conjugii
1719 2760 1896 2822 quaeratur.
1935 2785 1938 2790 ·

348 2863 371 2909 n
385 2838 577 2925 caplim.
596 2832 843 2902 matrimonium
857 2853 932 2899 cum
949 2831 1059 2918 genti·
1083 2827 1239 2917 „copula
1257 2838 1323 2904 dte.
1373 2829 1516 2903 Nullum
1547 2825 1617 2902 fere
1646 2835 1781 2921 gravius
1801 2836 1887 2908 deli.

368 2935 578 3026 iungendum
597 2927 660 3002 else
676 2948 793 3018 neget,
823 2937 856 2999 δι
881 2928 915 2996 in
936 2921 1057 2997 sermo·
1083 2932 1225 3011 ,‚Clum,
1248 2952 1346 3015 quam
1364 2927 1516 3018 copulari
1531 2927 1744 3019 alienigene,
1769 2932 1826 3003 ubi
1847 2942 1884 3008 de
1954 2924 1960 2931 ’

348 3031 460 3123 elapsis
470 3034 557 3102 inter
580 3024 888 3124 criminafidelium
906 3042 1058 3095 numerat
1081 3022 1260 3103 „libidinis
1276 3034 1310 3098 dc
1329 3021 1496 3097 discordie
1510 3027 1677 3096 incentiva
1694 3036 1735 3099 ·&
1752 3023 1884 3105 sacrile-

348 3156 400 3204 ere
430 3154 508 3205 cum
533 3124 720 3197 infidelibus
747 3123 981 3200 matrimonia,
1007 3121 1058 3192 id·
1079 3124 1162 3213 „gii
1178 3119 1303 3213 flagitia
1323 3122 1518 3194 conflantur.
1570 3124 1660 3193 Nam
1682 3148 1759 3197 cum
1773 3123 1882 3215 ipsum

348 3225 409 3302 effe
426 3227 507 3318 dicit
528 3226 723 3393 prosiluere
747 3218 901 3317 gentibus
930 3215 1057 3317 Christi·
1080 3224 1304 3311 „conjugium
1325 3219 1490 3292 velamine
1508 3215 1699 3292 sacerdotali
1724 3232 1758 3296 δι
1781 3223 1882 3299 bene·
2007 3256 2009 3260 ·
2115 3257 2117 3261 ·

348 3325 414 3400 ira.
452 3321 644 3396 Ambrorus
672 3321 730 3391 lib.
755 3320 781 3389 l.
812 3322 854 3390 de
885 3316 1054 3389 Abraham
1078 3319 1253 3399 „dictione
1284 3311 1478 3402 sandlilicari
1504 3337 1682 3406 oporteat,
1709 3328 1880 3409 quomodo

348 3480 355 3500 ‚
405 3423 751 3510 .‚Constringiteuur,
775 3413 972 3507 [Abraham
982 3413 1055 3510 scr·
1078 3416 1218 3504 „potest
1243 3416 1441 3506 conjugium
1464 3417 1564 3497 duci,
1588 3416 1646 3486 ubi
1661 3442 1728 3488 non
1742 3422 1788 3491 eli
1800 3418 1879 3494 fidei

349 3526 379 3623 r]
403 3542 440 3592 ut
464 3543 531 3591 nan
550 3513 729 3590 desemine
750 3519 990 3589 Cananaenrum
1016 3536 1056 3584 u·
1076 3515 1288 3593 ‚‚concotdia
1302 3518 1319 3592 ⁴?
1355 3538 1432 3584 cum
1463 3515 1568 3609 oratio
1603 3517 1788 3604 communis
1815 3517 1880 3593 elie

348 3644 398 3695 em
430 3612 610 3690 accerseret
632 3617 768 3686 domino
798 3609 880 3698 luo,
907 3634 1048 3699 quoram
1075 3609 1240 3693 ‚,debcat,
1257 3614 1425 3696 quomodo
1442 3611 1529 3682 inter
1542 3604 1686 3701 dispares
1700 3615 1877 3688 devotione

348 3707 541 3791 eris'audior
560 3734 690 3803 patrem
717 3735 784 3781 non
802 3709 1049 3796 honoraverat,
1074 3709 1213 3796 „potell
1234 3705 1297 3779 elie
1329 3710 1479 3800 conjugii
1504 3712 1689 3781 communis
1720 3711 1877 3784 caritas?

348 3820 412 3905 deo
435 3811 673 3884 maledidionis
702 3806 917 3881 hereditatem
944 3827 1050 3877 trans·
1071 3810 1197 3894 „Saepe
1222 3805 1375 3896 plerique
1402 3806 1492 3895 capti
1522 3830 1636 3878 amore
1660 3804 1876 3884 foeminarum

348 3938 367 3986 r
383 3914 420 3983 in
434 3906 531 3994 suos,
558 3929 594 3978 ut
610 3902 866 3999 cognoscamus,
893 3902 992 3976 fidem
1012 3913 1048 3978 dc
1072 3901 1204 3983 „fidem
1218 3898 1308 3975 suam
1325 3906 1568 3993 prodiderunt,
1595 3926 1632 3974 ut
1659 3910 1876 3998 Petrumpo-
1961 3906 1964 3911 ’

348 4013 456 4084 undam
479 4008 694 4081 hereditatem
709 4009 751 4076 de
771 4005 915 4078 authoris
937 3998 1048 4092 prosa·
1070 4000 1200 4090 „pulus
1217 4002 1252 4072 in
1268 4001 1488 4093 Beelphegor.
1540 4003 1628 4093 Quis
1643 3998 1766 4077 fortior
1781 4016 1815 4079 δι
1831 4006 1875 4080 ab

348 4111 382 4181 in
402 4110 440 4178 iis
455 4107 710 4195 requirendam,
735 4127 817 4191 quos
837 4099 931 4173 nobis
952 4099 1048 4172 volu·
1071 4096 1315 4186 „incunabulis
1345 4096 1409 4171 suis
1440 4099 1601 4170 munitior
1628 4104 1693 4173 Dei
1721 4105 1872 4192 Spiritu,

353 4208 559 4296 adjungere.
611 4206 701 4276 Cum
721 4195 831 4272 sansto
858 4201 948 4271 enim
974 4193 1047 4269 sarn-
1069 4221 1202 4287 „quam
1224 4193 1373 4268 naliraeus
1396 4191 1552 4275 Samson?
1578 4205 1612 4269 dt
1631 4193 1700 4287 ipse
1720 4204 1873 4288 proditus

371 4306 457 4384 eris,
485 4312 520 4377 &
543 4303 621 4373 cnm
645 4292 804 4389 perverso
831 4295 1051 4386 perverteris..
1069 4296 1148 4375 „est
1161 4303 1196 4366 dc
1216 4292 1286 4383 ipse
1304 4320 1366 4383 per
1383 4292 1559 4365 mulierem
1573 4317 1641 4365 non
1657 4298 1766 4382 potuit
1779 4295 1872 4373 serm

348 4426 388 4476 oc
401 4402 435 4473 in
453 4399 542 4485 aliis,
564 4397 808 4492 quantomagis
824 4398 857 4467 in
873 4395 1043 4485 conjugio,
1068 4412 1215 4471 »tenere
1231 4395 1384 4482 gratiam.
1437 4389 1607 4489 Expofito
1628 4391 1688 4465 illa
1707 4392 1749 4465 de
1770 4392 1872 4470 Sam·
2013 4436 2019 4444 ·

351 4523 430 4575 caro
448 4524 512 4571 una
530 4506 565 4570 &
583 4521 665 4569 nnus
685 4496 815 4583 spiritns
835 4494 907 4567 est?
947 4493 1044 4590 Quo·
1066 4487 1324 4588 „sonehistorio
1340 4487 1472 4580 tandem
1488 4489 1668 4576 concludit,
1684 4490 1871 4568 hoceretn-

348 4604 375 4673 lo
389 4619 498 4671 autem
519 4596 627 4685 potest
646 4615 830 4685 congruere
855 4591 990 4675 caritas,
1018 4586 1041 4661 li
1066 4587 1154 4675 „plo
1170 4582 1295 4675 liquet,
1318 4586 1579 4679 alienigenarum
1598 4584 1761 4662 consortia
1776 4591 1868 4667 refu·

348 4718 435 4786 repet
455 4691 558 4775 fides,
580 4703 615 4767 &
631 4694 708 4764 ideo
732 4714 823 4769 cave,
841 4685 1040 4765 Christiana,
1064 4688 1235 4775 „gienda‚
1258 4709 1300 4760 ue
1312 4709 1376 4775 pto
1391 4688 1526 4758 caritate
1545 4688 1692 4778 conjugii
1706 4693 1868 4778 proditio·

348 4793 394 4867 tili
411 4813 468 4866 aut
495 4794 611 4885 Judoeo
634 4788 734 4862 filiam
765 4811 857 4881 tuam
884 4786 1145 4882 :indempnis
1164 4779 1285 4853 infidia
1306 4779 1491 4855 succedant.
1541 4780 1636 4854 Idem
1659 4784 1733 4859 lib..
1751 4785 1865 4865 VIII,

348 4890 536 4985 rgentilem
556 4910 612 4962 aut
632 4892 780 4978 Judaeem
804 4908 902 4973 atque
925 4883 1040 4955 alieni·
1061 4903 1210 4966 „camon
1231 4880 1266 4953 r'n
1291 4878 1375 4953 Luc.
1399 4878 1445 4953 X
1445 4877 1510 4953 Vl.
1561 4880 1754 4957 Christianae
1781 4913 1866 4978 gen·
1916 4913 1921 4918 ·
1956 4946 1960 4952 .

348 5017 421 5075 rm,
451 4988 517 5061 hnc
537 4989 604 5068 eli,
630 4985 819 5057 haereticam
845 4991 879 5056 dt
905 5004 1039 5052 omnem
1063 4977 1207 5059 „tilibus
1222 4980 1518 5079 non-copulantur
1533 4981 1600 5049 Dei
1618 4984 1761 5067 judicio,
1787 5011 1865 5061 cum

348 5115 410 5168 tam
428 5113 449 5163 a
466 5084 533 5166 lide
548 5108 685 5162 uxorem
703 5083 763 5157 tibi
782 5074 934 5157 accersas.
967 5079 1040 5156 Pri-
1061 5077 1144 5166 „lex
1157 5073 1346 5183 prohibeat.
1397 5080 1461 5150 Sed
1477 5076 1624 5151 occurrit
1644 5077 1749 5160 illud,
1774 5071 1867 5196 quad¹

1364 5230 1366 5233 -
1819 5198 1868 5252 arr
