4884 5984
404 511 477 600 243
530 505 680 583 rocos
707 506 836 583 xxvi.
863 500 1474 591 montecornuto
1501 501 1669 581 tuom.
1698 506 1749 582 11.
1777 503 1939 593 ruam
1958 504 2009 587 m
2061 526 2063 533 ·

407 686 507 758 Deus
527 691 737 776 coniunxit,
764 684 895 759 lllattlt.
922 687 1017 760 XIX.
1038 692 1073 763 6.
1101 697 1134 762 δι
1160 691 1210 781 2.)
1242 688 1466 759 habitationem
1502 708 1673 776 vocant,
1712 689 1873 783 quando
1906 709 2035 763 manera

367 829 370 835 ·
408 786 714 860 unicam‘tantum
732 787 886 859 faciendi
910 789 1055 859 divortii
1072 786 1212 860 causam
1244 789 1426 882 coniugali
1439 788 1585 858 vinculo
1599 788 1791 882 coniuges
1807 811 1829 858 a
1843 785 2035 859 societatelo
2061 806 2063 813 ’

409 880 549 970 statuit,
573 887 739 959 videlicet
756 886 995 972 adulterium,
1021 887 1070 978 3.)
1094 887 1211 980 liapo-
1244 883 1292 957 tii
1324 907 1366 955 ae
1392 883 1518 954 mensa
1547 881 1768 979 separantur
1798 909 1810 956 t
1859 884 2035 959 solutionem

407 978 517 1053 llolus
547 983 729 1056 infidelem
764 1005 847 1054 cum
879 982 975 1055 fideli
1010 982 1210 1055 cohabitare
1245 983 1559 1076 quoadm'ncolum,
1587 984 1743 1076 quando
1761 1006 1840 1053 non
1858 982 2036 1058 solumlcili

409 1077 685 1154 consentientem
705 1106 777 1154 non
798 1076 862 1152 else
885 1082 1137 1153 dimittendum
1150 1083 1210 1153 ad·
1246 1088 1280 1152 δι
1296 1078 1421 1153 mensae
1442 1078 1602 1151 societate
1626 1083 1914 1165 excluduntur,
1939 1080 1988 1153 sed
2003 1102 2035 1153 et·

406 1175 510 1262 serit,
541 1203 572 1252 t.
590 1179 670 1250 Cor.
684 1181 762 1251 Vll.
783 1196 837 1252 12·
856 1179 916 1272 Α.)
939 1200 1005 1249 nec
1019 1177 1208 1252 infidelitas
1245 1180 1318 1250 iam
1343 1175 1414 1270 ipse
1431 1199 1546 1248 nexus
1568 1178 1786 1272 coniugalis
1814 1177 2033 1266 solvitur,itt

407 1296 474 1347 nec
488 1277 625 1349 ltaetcsts
643 1301 726 1350 cum
744 1278 965 1349 matrimonii
981 1274 1208 1348 substantiali·
1243 1296 1284 1346 ut
1307 1277 1412 1346 liccat
1436 1276 1579 1366 utrique
1606 1274 1668 1345 vel
1698 1276 1883 1347 alterutri
1916 1279 2034 1350 adalia

406 1368 677 1469 buspugnant,
709 1377 755 1467 ς.)
782 1376 924 1445 nullum
937 1375 1084 1444 omnino
1104 1397 1148 1445 ex
1160 1373 1208 1446 sa·
1243 1375 1384 1467 nuptias
1414 1370 1569 1442 transire.
1617 1371 1772 1443 Votum
1790 1374 1929 1466 stelenne
1956 1378 2035 1448 coni.

295 1559 297 1564 Ι
407 1470 477 1539 cris
502 1470 615 1541 literis
630 1469 913 1567 prol'erripotcst
926 1474 984 1541 vel
999 1473 1208 1543 mandatum
1242 1472 1369 1541 nentia
1385 1489 1543 1555 vocant,
1568 1471 1668 1563 quod
1690 1470 1845 1543 fadlum
1868 1473 1914 1545 eli
1931 1474 1964 1547 in
1980 1496 2033 1545 coo

405 1566 465 1636 vel
491 1568 666 1660 permissio
696 1572 753 1640 vel
784 1567 975 1662 probatum
999 1571 1207 1663 exemplum
1242 1566 1363 1662 spctiu
1385 1564 1559 1653 ecclesiae,
1585 1568 1643 1637 cui
1670 1565 1704 1637 se
1727 1593 1881 1642 vovens
1904 1572 2032 1666 posita

315 1708 320 1725 ι
407 1663 556 1741 divortii
572 1687 719 1761 propter
736 1665 981 1737 infidelitatem
1009 1674 1043 1737 &
1063 1665 1206 1737 haerefin
1242 1687 1353 1760 gnam
1375 1664 1668 1736 deliberationem
1689 1674 1727 1737 &
1749 1668 2033 1765 diuturnampro·

403 1757 522 1848 sosii,
553 1765 610 1856 6.)
636 1785 759 1836 contra
784 1765 1048 1856 complurima
1076 1763 1212 1834 adferri
1242 1760 1423 1834 bationem
1442 1763 1562 1855 sponte
1581 1760 1727 1834 subiicit
1751 1783 1796 1836 ut
1821 1767 1889 1859 ips
1901 1769 2032 1855 Deo,t

404 1857 544 1952 possunt
575 1863 740 1956 exempla
762 1881 915 1946 eorum,
942 1864 1006 1954 qui
1028 1861 1066 1931 in
1087 1861 1208 1932 matri·
1242 1861 1310 1931 hoc
1327 1859 1401 1955 ipso
1429 1859 1555 1930 liatum
1577 1881 1708 1932 mutat.
1764 1860 2031 1962 Distinguuntil·

403 1959 529 2028 monio
550 1960 722 2054 coniuges
742 1957 1207 2030 infidelesahaereticosre-
1242 1954 1304 2030 lud
1333 1980 1354 2029 a
1376 1980 1458 2030 voto
1469 1955 1608 2055 stapsiec
1625 2006 1648 2049 ‚⁴
1690 1958 1774 2029 uod
1808 1958 1864 2032 est
1886 1966 2029 2057 promitio

402 2053 612 2142 timuerunt,
639 2058 690 2148 7.)
718 2057 872 2146 denique
893 2053 917 2124 sr
935 2053 1102 2149 separatio
1124 2077 1207 2127 con·
1242 2057 1466 2127 continentiae
1484 2075 1664 2148 perpetua
1718 2079 1764 2126 eo
1781 2060 1960 2151 privatim
1971 2062 2029 2135 libe·

401 2149 535 2243 iugum
550 2173 697 2246 propter
717 2150 857 2223 haerelin
880 2155 939 2222 vel
961 2151 1205 2224 infidelitatem
1241 2174 1281 2223 ra
1297 2153 1479 2225 voluntate
1502 2153 1775 2247 excellentioris
1801 2157 2030 2231 alicuiusboei

403 2247 650 2321 multasecum
672 2253 776 2320 trabit
795 2249 1044 2335 incommoda,
1066 2250 1204 2344 pericu·
1238 2250 1355 2344 gratia
1380 2248 1485 2322 latia.
1536 2251 1713 2346 Religionis
1743 2253 1906 2327 nomine
1933 2258 2029 2337 intelli

333 2419 349 2446 „
401 2338 438 2411 la
453 2349 486 2413 &
500 2343 675 2436 absurda3
694 2345 911 2437 consequens
930 2344 996 2431 est,
1012 2350 1109 2440 quod
1122 2369 1204 2442 pro·
1236 2366 1329 2442 gunt
1343 2349 1617 2434 monachatum,
1642 2369 1711 2441 per
1724 2350 1938 2444 ingressum
1946 2356 2029 2454 igitar

399 2457 481 2532 pter
500 2440 643 2511 lraetestn
664 2444 723 2513 vel
744 2441 989 2514 infidelitatem
1005 2466 1076 2515 non
1096 2443 1134 2515 srt
1151 2444 1202 2516 fa·
1235 2444 1273 2514 in
1308 2445 1524 2539 religionem
1559 2445 1776 2539 intelligunt

399 2535 570 2609 ciendum
602 2538 809 2610 divortium.
864 2538 931 2610 Sed
956 2540 1074 2628 illud,
1113 2563 1200 2637 ergo
1234 2539 1463 2612 monasticam
1477 2540 1767 2638 profeffionem.)
1847 2548 2016 2612 Rationem·

400 2633 554 2733 &hon
580 2635 684 2708 Plura
709 2637 772 2731 qui
794 2636 983 2724 deliderat,
1008 2661 1054 2711 ex
1074 2649 1103 2726 ς.
1115 2659 1199 2731 390.
1233 2638 1310 2711 Nos
1346 2658 1543 2731 utrumque
1576 2660 1774 2732 negamus.
1827 2628 2028 2708 trasennam

357 2787 364 2797 .
399 2749 442 2801 ea
457 2751 578 2826 petere
599 2733 721 2830 potest.
830 2830 832 2835 .
1232 2738 1335 2808 Prius
1367 2737 1479 2831 igitur
1502 2739 1599 2828 quod
1618 2739 1770 2813 adtinet
1825 2713 2027 2853 jsshfflss

535 2855 541 2863 ·
1231 2832 1476 2920 membrum,
1509 2834 1677 2904 videlicet
1699 2860 1772 2927 per
1860 2828 1874 2851 ⁵

736 2939 766 3016 §.
792 2925 978 3004 Dcttllx.
1030 2928 1106 3023 111.)
1126 2926 1170 3002 V
1163 2953 1196 2999 o-
1229 2930 1768 3025 uotumfhlennecontinentiaenon

396 3013 480 3099 ¹1¹·)
501 3018 602 3084 Vm
668 3040 739 3098 tum
750 3029 881 3119 solenne
898 3031 1109 3097 continentiae
1124 3027 1196 3104 ,sr-
1220 3030 1306 3124 steini
1325 3031 1567 3101 matrimonium
1589 3040 1700 3098 ratum
1723 3038 1847 3126 quoad
1867 3036 2023 3111 niumm.

386 3095 500 3181 ffl‘tm‘
516 3105 599 3162 ‘⁰⁸¹⁵'
668 3149 713 3196 ve
726 3121 899 3292 inpressos
918 3125 955 3195 in
970 3125 1194 3220 religionem·
1229 3125 1457 3221 sequentibus
1474 3125 1760 3202 demonstramus
1772 3133 2023 3207 laudamentis:

445 3184 555 3243 Μία·
664 3225 765 3295 Ponti
793 3223 839 3294 cii
864 3225 930 3291 hac
951 3222 993 3291 de
1016 3245 1054 3292 re
1073 3221 1195 3295 fictta-
1233 3226 1292 3318 1.)
1319 3225 1429 3295 Nullo
1466 3222 1643 3317 scripture
1673 3226 1773 3300 dieto
1812 3228 2024 3303 demonstrari

663 3340 797 3406 tuunt,
823 3321 1062 3389 matrimonium
1082 3333 1195 3390 ratum
1228 3319 1370 3415 potest,
1396 3344 1460 3414 per
1482 3342 1609 3391 votum
1635 3321 1784 3397 solenne
1819 3328 2023 3400 continenda

392 3417 885 3514 nandamconsummatumsoloi
900 3420 1110 3512 etiamqooad
1124 3420 1195 3488 uin·
1228 3419 1317 3490 solvi
1347 3420 1619 3495 matrimonium
1652 3442 1791 3495 rottnn.
1845 3428 1945 3547 Erpa
1968 3428 2022 3495 bet

391 3528 498 3593 calum
506 3544 568 3616 par
580 3531 690 3588 aotam
703 3515 834 3608 solenne
850 3516 1135 3613 continentiaestve
1146 3517 1194 3585 in·
1228 3515 1494 3610 pontificiorum
1512 3514 1660 3586 adsertio
1676 3524 2021 3624 totiquatnayeeua

389 3615 533 3716 graffum
560 3621 594 3686 in
621 3615 808 3711 religionem
826 3665 841 3693 ,
873 3610 1066 3709 dissentiente
1098 3616 1195 3683 etiam
1231 3613 1393 3686 &dubia
1416 3614 1543 3684 merito
1565 3613 1741 3703 reiicitur.
1795 3621 2018 3697 Bellarminot

276 3772 282 3777 .
385 3730 485 3811 parte
502 3714 769 3806 alterafadum
795 3714 1036 3781 matrimonium
1054 3710 1195 3805 consum·
1230 3711 1292 3782 lib.
1308 3712 1351 3781 de
1367 3713 1530 3781 monach.
1553 3731 1628 3804 cap.
1646 3704 1703 3794 3'8.
1731 3714 2018 3793 demonstratum

327 3805 344 3851 ·’
391 3828 516 3887 matum
536 3813 621 3906 fhloi
649 3814 755 3906 quoad
785 3810 912 3880 tiorum
931 3808 1196 3882 &cohabitatio
1231 3807 2019 3904 contraquosdamsuiordinishominesm

242 3904 251 3917 ‘
392 3937 466 3982 neta
484 3925 643 3993 tantum,
675 3933 740 3979 non
773 3918 881 3978 autem
907 3912 1014 4001 quoad
1035 3908 1196 3978 uinculum
1229 3907 1417 3978 trimonium
1433 3905 1768 3998 consummatumnon
1789 3917 1881 4004 firtoi
1897 3938 1957 4010 per
1970 3934 2019 3984 aa·

306 4036 322 4047 -
389 4036 453 4105 per
474 4013 557 4080 idem
578 4008 791 4081 continentiae
807 4017 917 4074 uotum
940 4008 1108 4100 utriusque
1126 4029 1197 4077 eon·
1230 4002 1381 4099 nastieam
1392 4003 1625 4096 prosefflonem,
1651 4004 1773 4080 adfert
1796 4008 2019 4109 scripturali·

299 4194 305 4199 ,
390 4112 426 4178 iu
452 4113 479 4177 ir
504 4103 852 4199 eonsensususeeptum.
876 4099 1081 4173 Concilium
1093 4103 1195 4174 Trid.
1233 4100 1314 4174 &aa
1342 4103 1439 4194 Quod
1459 4103 1553 4176 Deus
1570 4103 1766 4191 coniunxit,
1795 4108 2017 4204 bonianensis

247 4204 255 4217 ‘
388 4135 460 4278 seii.
483 4205 622 4275 XXIV.·
635 4224 712 4274 can.
731 4203 766 4273 6.
800 4201 836 4271 Si
856 4201 927 4292 quis
942 4201 1064 4293 dixerit
1080 4203 1196 4271 matri·
1222 4212 1335 4294 paret.
1384 4201 1453 4294 Qui
1480 4198 1632 4294 dimiserit
1661 4225 1802 4277 uxorem
1828 4257 1844 4285 ,
1861 4211 1949 4307 facit
1968 4228 2017 4277 eae

387 4303 536 4372 monium
544 4316 655 4373 ratum
675 4320 738 4368 non
757 4294 1009 4393 confirmantium
1022 4320 1081 4389 per
1086 4297 1193 4392 solea·
1230 4299 1384 4368 tractari.
1434 4299 1507 4384 Iis,
1533 4301 1588 4395 qui
1603 4304 1812 4375 matrimonio
1830 4307 2017 4403 iuniiiflul·

282 4472 284 4479 ,
387 4401 635 4498 nemreligionir
643 4396 859 4492 proseffionem
874 4396 1005 4465 alterius
1022 4398 1192 4492 coniugum
1223 4397 1387 4487 prerecipio
1408 4395 1472 4465 non
1498 4421 1556 4493 ego
1570 4446 1584 4475 ,
1595 4397 1657 4488 sed
1683 4401 1893 4493 Dominus,
1912 4426 2017 4478 uxore

301 4570 309 4594 Ι
373 4516 451 4568 ¹non
465 4499 600 4585 dirimi,
624 4496 796 4566 anatliema
798 4494 859 4591 stt.
885 4490 1193 4585 (Matrimonium
1227 4496 1297 4562 viro
1311 4518 1375 4563 aon
1396 4493 1532 4587 dfiedat
1552 4494 1625 4568 &a
1652 4495 1711 4568 sed
1725 4523 1817 4574 cum
1836 4522 2017 4579 contranot

249 4609 253 4616 '
386 4608 499 4666 ratum
519 4613 686 4679 vocant,
712 4594 855 4686 quando
878 4590 965 4663 fides
991 4591 1201 4687 coniugalis·
1226 4560 1379 4685 prboare
1395 4591 1565 4680 deberet,
1590 4599 1846 4675 matrimonium
1860 4599 2017 4697 ratensi

387 4695 536 4785 quidem
551 4693 653 4780 data,
682 4689 739 4762 sed
758 4693 922 4762 nondum·
935 4689 1067 4760 accessit
1082 4710 1190 4782 copu·
1227 4693 1334 4780 viper
1345 4689 1545 4780 monasticam
1554 4691 1802 4784 profeffionem,
1830 4727 1880 4775 ne
1892 4706 2015 4777 unicum

384 4788 421 4859 la
440 4791 590 4862 carnalis
609 4811 619 4859 t
639 4789 914 4861 matrimonium
937 4787 1189 4879 consummatum
1227 4787 1374 4879 quidem
1390 4785 1568 4882 scriptura
1584 4791 1708 4865 locum
1719 4800 1900 4888 adducit,
1920 4800 2014 4875 seda-

383 4906 534 4973 vomm,
549 4888 692 4980 quando
707 4884 778 4956 non
796 4885 909 4958 solum
924 4883 1108 4957 consensus
1122 4905 1187 4955 nu·
1224 4881 1390 4957 dimonia
1416 4889 1549 4984 calefiat
1569 4939 1582 4977 ρ
1604 4889 1641 4959 id
1668 4889 1718 4963 esi
1743 4942 1758 4983 ,
1786 4901 2012 4973 Romanorum

379 4984 504 5076 ptialis
529 4983 649 5069 adest,
677 4982 733 5055 sed
766 4985 872 5055 etiam
894 4982 1103 5055 concubitus
1130 5004 1187 5055 ac·
1220 4980 1432 5074 pontificum
1449 4986 1636 5058 &concilii
1649 4988 1894 5085 Tridentini,
1920 5013 2012 5071 exea·

384 5079 488 5177 cellit.
537 5081 762 5160 soluoonem
785 5082 905 5179 quoad
924 5080 1050 5156 tiorum
1073 5080 1121 5163 te
1136 5103 1184 5152 co·
1218 5079 1282 5179 pla
1311 5078 1550 5177 sentiarum„
1578 5090 1613 5160 a
1636 5088 1826 5174 adonem
1858 5096 2011 5273 ⁶⁰⁹¹&
