<?xml version="1.0" encoding="UTF-8"?>
<!DOCTYPE html PUBLIC "-//W3C//DTD XHTML 1.0 Transitional//EN"
    "http://www.w3.org/TR/xhtml1/DTD/xhtml1-transitional.dtd">
<html xmlns="http://www.w3.org/1999/xhtml" xml:lang="en" lang="en">
 <head>
  <title>
</title>
<meta http-equiv="Content-Type" content="text/html;charset=utf-8" />
  <meta name='ocr-system' content='tesseract 3.04.00' />
  <meta name='ocr-capabilities' content='ocr_page ocr_carea ocr_par ocr_line ocrx_word'/>
</head>
<body>
  <div class='ocr_page' id='page_1' title='image "./locitheologicic06cottgoog_0135.png"; bbox 0 0 4884 5984; ppageno 0'>
   <div class='ocr_carea' id='block_1_1' title="bbox 512 517 2204 638">
    <p class='ocr_par' dir='ltr' id='par_1_1' title="bbox 512 517 2204 638">
     <span class='ocr_line' id='line_1_1' title="bbox 512 517 2204 638; baseline 0.005 -48"><span class='ocrx_word' id='word_1_1' title='bbox 512 517 577 600; x_wconf 79' lang='lat' dir='ltr'><em>nr</em></span> <span class='ocrx_word' id='word_1_2' title='bbox 602 519 865 596; x_wconf 74' lang='lat' dir='ltr'><em>contrusus</em></span> <span class='ocrx_word' id='word_1_3' title='bbox 889 519 955 600; x_wconf 81' lang='lat' dir='ltr'><em>no</em></span> <span class='ocrx_word' id='word_1_4' title='bbox 979 521 1186 600; x_wconf 82' lang='lat' dir='ltr'><em>nurum.</em></span> <span class='ocrx_word' id='word_1_5' title='bbox 1209 522 1444 620; x_wconf 79' lang='lat' dir='ltr'><em>ernsrrr</em></span> <span class='ocrx_word' id='word_1_6' title='bbox 1469 520 1747 618; x_wconf 78' lang='lat' dir='ltr'><em>ertrrurr.</em></span> <span class='ocrx_word' id='word_1_7' title='bbox 1905 537 1973 615; x_wconf 64' lang='grc' dir='ltr'><em>ης</em></span> <span class='ocrx_word' id='word_1_8' title='bbox 2099 633 2101 638; x_wconf 16' lang='grc' dir='ltr'>Ι</span> <span class='ocrx_word' id='word_1_9' title='bbox 2198 531 2204 544; x_wconf 96' lang='grc'>·</span> 
     </span>
    </p>
   </div>
   <div class='ocr_carea' id='block_1_2' title="bbox 277 689 1975 1011">
    <p class='ocr_par' dir='ltr' id='par_1_2' title="bbox 277 689 1975 1011">
     <span class='ocr_line' id='line_1_2' title="bbox 277 689 1974 810; baseline 0.002 -22"><span class='ocrx_word' id='word_1_10' title='bbox 277 709 305 788; x_wconf 78' lang='lat' dir='ltr'>fi</span> <span class='ocrx_word' id='word_1_11' title='bbox 326 733 417 808; x_wconf 74' lang='lat' dir='ltr'><em>ergo</em></span> <span class='ocrx_word' id='word_1_12' title='bbox 438 727 598 805; x_wconf 71' lang='lat' dir='ltr'><em>putentes</em></span> <span class='ocrx_word' id='word_1_13' title='bbox 615 742 695 790; x_wconf 88' lang='lat' dir='ltr'><em>eum</em></span> <span class='ocrx_word' id='word_1_14' title='bbox 713 720 746 789; x_wconf 89' lang='lat' dir='ltr'><em>vi</em></span> <span class='ocrx_word' id='word_1_15' title='bbox 763 741 886 810; x_wconf 81' lang='lat' dir='ltr'><em>cogere</em></span> <span class='ocrx_word' id='word_1_16' title='bbox 902 727 938 795; x_wconf 82' lang='lat' dir='ltr'><em>dc</em></span> <span class='ocrx_word' id='word_1_17' title='bbox 951 721 1121 806; x_wconf 80' lang='lat' dir='ltr'><em>tytrnnni·</em></span> <span class='ocrx_word' id='word_1_18' title='bbox 1143 723 1260 806; x_wconf 75' lang='lat' dir='ltr'><em>edum,</em></span> <span class='ocrx_word' id='word_1_19' title='bbox 1274 729 1309 794; x_wconf 79' lang='lat' dir='ltr'><em>dr</em></span> <span class='ocrx_word' id='word_1_20' title='bbox 1323 723 1456 810; x_wconf 89' lang='lat' dir='ltr'><em>quidem</em></span> <span class='ocrx_word' id='word_1_21' title='bbox 1471 689 1667 809; x_wconf 79' lang='lat' dir='ltr'><em>cumprimis</em></span> <span class='ocrx_word' id='word_1_22' title='bbox 1681 723 1721 791; x_wconf 78' lang='lat' dir='ltr'><em>ed</em></span> <span class='ocrx_word' id='word_1_23' title='bbox 1737 742 1811 803; x_wconf 83' lang='lat' dir='ltr'><em>eos,</em></span> <span class='ocrx_word' id='word_1_24' title='bbox 1832 718 1889 807; x_wconf 89' lang='lat' dir='ltr'><em>qui</em></span> <span class='ocrx_word' id='word_1_25' title='bbox 1904 717 1974 792; x_wconf 86' lang='lat' dir='ltr'><em>rim</em></span> 
     </span>
     <span class='ocr_line' id='line_1_3' title="bbox 280 815 1975 909; baseline 0.001 -22"><span class='ocrx_word' id='word_1_26' title='bbox 280 837 443 907; x_wconf 76' lang='lat' dir='ltr'><em>tergere</em></span> <span class='ocrx_word' id='word_1_27' title='bbox 464 815 601 897; x_wconf 82' lang='lat' dir='ltr'><em>uelint,</em></span> <span class='ocrx_word' id='word_1_28' title='bbox 632 839 692 890; x_wconf 80' lang='lat' dir='ltr'><em>rer</em></span> <span class='ocrx_word' id='word_1_29' title='bbox 710 815 889 890; x_wconf 83' lang='lat' dir='ltr'><em>deserenda</em></span> <span class='ocrx_word' id='word_1_30' title='bbox 919 822 965 892; x_wconf 83' lang='lat' dir='ltr'><em>esi</em></span> <span class='ocrx_word' id='word_1_31' title='bbox 990 826 1031 889; x_wconf 80' lang='lat' dir='ltr'><em>cd</em></span> <span class='ocrx_word' id='word_1_32' title='bbox 1051 843 1120 892; x_wconf 82' lang='lat' dir='ltr'><em>mr·</em></span> <span class='ocrx_word' id='word_1_33' title='bbox 1143 818 1321 904; x_wconf 81' lang='lat' dir='ltr'><em>sustinent,</em></span> <span class='ocrx_word' id='word_1_34' title='bbox 1343 826 1433 909; x_wconf 89' lang='lat' dir='ltr'><em>quod</em></span> <span class='ocrx_word' id='word_1_35' title='bbox 1455 823 1545 892; x_wconf 90' lang='lat' dir='ltr'><em>enim</em></span> <span class='ocrx_word' id='word_1_36' title='bbox 1562 821 1596 891; x_wconf 90' lang='lat' dir='ltr'><em>in</em></span> <span class='ocrx_word' id='word_1_37' title='bbox 1615 820 1687 890; x_wconf 86' lang='lat' dir='ltr'><em>viro</em></span> <span class='ocrx_word' id='word_1_38' title='bbox 1703 819 1824 906; x_wconf 84' lang='lat' dir='ltr'><em>julium</em></span> <span class='ocrx_word' id='word_1_39' title='bbox 1846 838 1975 890; x_wconf 90' lang='lat' dir='ltr'><em>metum</em></span> 
     </span>
     <span class='ocr_line' id='line_1_4' title="bbox 278 914 1975 1011; baseline 0.004 -29"><span class='ocrx_word' id='word_1_40' title='bbox 278 915 488 1006; x_wconf 69' lang='lat' dir='ltr'><em>gistratum,</em></span> <span class='ocrx_word' id='word_1_41' title='bbox 514 922 610 1003; x_wconf 82' lang='lat' dir='ltr'><em>cujus</em></span> <span class='ocrx_word' id='word_1_42' title='bbox 642 917 689 987; x_wconf 88' lang='lat' dir='ltr'><em>esi</em></span> <span class='ocrx_word' id='word_1_43' title='bbox 716 914 846 990; x_wconf 70' lang='lat' dir='ltr'><em>causam</em></span> <span class='ocrx_word' id='word_1_44' title='bbox 876 914 1058 997; x_wconf 90' lang='lat' dir='ltr'><em>discutere,</em></span> <span class='ocrx_word' id='word_1_45' title='bbox 1084 929 1120 994; x_wconf 75' lang='grc' dir='ltr'><em>δι</em></span> <span class='ocrx_word' id='word_1_46' title='bbox 1143 917 1277 992; x_wconf 87' lang='lat' dir='ltr'><em>efficere</em></span> <span class='ocrx_word' id='word_1_47' title='bbox 1298 943 1366 992; x_wconf 87' lang='lat' dir='ltr'><em>non</em></span> <span class='ocrx_word' id='word_1_48' title='bbox 1387 916 1515 1011; x_wconf 82' lang='lat' dir='ltr'><em>pollet,</em></span> <span class='ocrx_word' id='word_1_49' title='bbox 1536 920 1571 990; x_wconf 89' lang='lat' dir='ltr'><em>in</em></span> <span class='ocrx_word' id='word_1_50' title='bbox 1591 915 1738 990; x_wconf 73' lang='lat' dir='ltr'><em>seminis</em></span> <span class='ocrx_word' id='word_1_51' title='bbox 1751 940 1868 990; x_wconf 81' lang='lat' dir='ltr'><em>nrturu</em></span> <span class='ocrx_word' id='word_1_52' title='bbox 1885 918 1975 990; x_wconf 88' lang='lat' dir='ltr'><em>timi-</em></span> 
     </span>
    </p>
   </div>
   <div class='ocr_carea' id='block_1_3' title="bbox 276 1005 2141 1108">
    <p class='ocr_par' dir='ltr' id='par_1_3' title="bbox 276 1005 2141 1108">
     <span class='ocr_line' id='line_1_5' title="bbox 276 1005 2141 1108; baseline 0.001 -22"><span class='ocrx_word' id='word_1_53' title='bbox 276 1009 424 1092; x_wconf 80' lang='lat' dir='ltr'><em>silium,</em></span> <span class='ocrx_word' id='word_1_54' title='bbox 448 1011 593 1086; x_wconf 79' lang='lat' dir='ltr'><em>finimie</em></span> <span class='ocrx_word' id='word_1_55' title='bbox 611 1013 733 1088; x_wconf 77' lang='lat' dir='ltr'><em>acerbe</em></span> <span class='ocrx_word' id='word_1_56' title='bbox 752 1038 950 1106; x_wconf 81' lang='lat' dir='ltr'><em>premetur,</em></span> <span class='ocrx_word' id='word_1_57' title='bbox 975 1014 1017 1089; x_wconf 82' lang='lat' dir='ltr'><em>rb</em></span> <span class='ocrx_word' id='word_1_58' title='bbox 1035 1015 1120 1106; x_wconf 85' lang='lat' dir='ltr'><em>inju·</em></span> <span class='ocrx_word' id='word_1_59' title='bbox 1142 1019 1292 1092; x_wconf 82' lang='lat' dir='ltr'><em>dioribus</em></span> <span class='ocrx_word' id='word_1_60' title='bbox 1313 1043 1391 1090; x_wconf 89' lang='lat' dir='ltr'><em>eum</em></span> <span class='ocrx_word' id='word_1_61' title='bbox 1408 1015 1542 1092; x_wconf 86' lang='lat' dir='ltr'><em>efficere</em></span> <span class='ocrx_word' id='word_1_62' title='bbox 1554 1018 1690 1108; x_wconf 88' lang='lat' dir='ltr'><em>poterit.</em></span> <span class='ocrx_word' id='word_1_63' title='bbox 1740 1012 1885 1090; x_wconf 84' lang='lat' dir='ltr'><em>l&#39;orisma</em></span> <span class='ocrx_word' id='word_1_64' title='bbox 1912 1015 1975 1088; x_wconf 87' lang='lat' dir='ltr'><em>hu·</em></span> <span class='ocrx_word' id='word_1_65' title='bbox 2106 1005 2141 1022; x_wconf 69' lang='grc'><em>“’</em></span> 
     </span>
    </p>
   </div>
   <div class='ocr_carea' id='block_1_4' title="bbox 269 1109 2022 3195">
    <p class='ocr_par' dir='ltr' id='par_1_4' title="bbox 269 1109 2022 1810">
     <span class='ocr_line' id='line_1_6' title="bbox 280 1109 1976 1206; baseline 0.003 -22"><span class='ocrx_word' id='word_1_66' title='bbox 280 1113 333 1184; x_wconf 78' lang='lat' dir='ltr'><em>lle</em></span> <span class='ocrx_word' id='word_1_67' title='bbox 351 1109 516 1186; x_wconf 75' lang='lat' dir='ltr'><em>violentie</em></span> <span class='ocrx_word' id='word_1_68' title='bbox 543 1111 734 1186; x_wconf 77' lang='lat' dir='ltr'>defendere.</span> <span class='ocrx_word' id='word_1_69' title='bbox 784 1119 838 1187; x_wconf 86' lang='lat' dir='ltr'><em>De</em></span> <span class='ocrx_word' id='word_1_70' title='bbox 859 1119 956 1187; x_wconf 80' lang='lat' dir='ltr'><em>tertia</em></span> <span class='ocrx_word' id='word_1_71' title='bbox 975 1118 1119 1188; x_wconf 78' lang='lat' dir='ltr'><em>eordiio·</em></span> <span class='ocrx_word' id='word_1_72' title='bbox 1142 1125 1194 1205; x_wconf 85' lang='lat' dir='ltr'><em>jut</em></span> <span class='ocrx_word' id='word_1_73' title='bbox 1209 1117 1400 1190; x_wconf 74' lang='lat' dir='ltr'><em>adlectionis</em></span> <span class='ocrx_word' id='word_1_74' title='bbox 1419 1119 1509 1199; x_wconf 86' lang='lat' dir='ltr'><em>elio,</em></span> <span class='ocrx_word' id='word_1_75' title='bbox 1543 1119 1632 1205; x_wconf 84' lang='lat' dir='ltr'><em>quod</em></span> <span class='ocrx_word' id='word_1_76' title='bbox 1653 1139 1806 1206; x_wconf 81' lang='lat' dir='ltr'><em>putentes</em></span> <span class='ocrx_word' id='word_1_77' title='bbox 1828 1140 1896 1188; x_wconf 87' lang='lat' dir='ltr'><em>non</em></span> <span class='ocrx_word' id='word_1_78' title='bbox 1915 1119 1976 1189; x_wconf 91' lang='lat' dir='ltr'><em>de·</em></span> 
     </span>
     <span class='ocr_line' id='line_1_7' title="bbox 278 1205 1974 1310; baseline 0.001 -27"><span class='ocrx_word' id='word_1_79' title='bbox 278 1212 336 1283; x_wconf 75' lang='lat' dir='ltr'><em>nir</em></span> <span class='ocrx_word' id='word_1_80' title='bbox 350 1205 461 1301; x_wconf 83' lang='lat' dir='ltr'><em>specie</em></span> <span class='ocrx_word' id='word_1_81' title='bbox 490 1213 562 1303; x_wconf 81' lang='lat' dir='ltr'><em>ugit</em></span> <span class='ocrx_word' id='word_1_82' title='bbox 585 1211 612 1284; x_wconf 90' lang='lat' dir='ltr'><em>l.</em></span> <span class='ocrx_word' id='word_1_83' title='bbox 635 1207 705 1284; x_wconf 77' lang='lat' dir='ltr'><em>Sed</em></span> <span class='ocrx_word' id='word_1_84' title='bbox 724 1234 806 1307; x_wconf 82' lang='lat' dir='ltr'><em>qrtae.</em></span> <span class='ocrx_word' id='word_1_85' title='bbox 820 1211 868 1309; x_wconf 81' lang='lat' dir='ltr'><em>ff</em></span> <span class='ocrx_word' id='word_1_86' title='bbox 887 1213 926 1287; x_wconf 82' lang='lat' dir='ltr'><em>de</em></span> <span class='ocrx_word' id='word_1_87' title='bbox 946 1211 1119 1310; x_wconf 79' lang='lat' dir='ltr'><em>sponsuli·</em></span> <span class='ocrx_word' id='word_1_88' title='bbox 1144 1217 1244 1289; x_wconf 81' lang='lat' dir='ltr'><em>beant</em></span> <span class='ocrx_word' id='word_1_89' title='bbox 1260 1215 1314 1289; x_wconf 89' lang='lat' dir='ltr'><em>vel</em></span> <span class='ocrx_word' id='word_1_90' title='bbox 1331 1221 1600 1306; x_wconf 82' lang='lat' dir='ltr'><em>rucuprudrrum</em></span> <span class='ocrx_word' id='word_1_91' title='bbox 1620 1216 1824 1300; x_wconf 75' lang='lat' dir='ltr'><em>divitiorum,</em></span> <span class='ocrx_word' id='word_1_92' title='bbox 1843 1214 1897 1288; x_wconf 83' lang='lat' dir='ltr'><em>vel</em></span> <span class='ocrx_word' id='word_1_93' title='bbox 1917 1240 1974 1286; x_wconf 85' lang='lat' dir='ltr'><em>ert·</em></span> 
     </span>
     <span class='ocr_line' id='line_1_8' title="bbox 281 1305 1974 1410; baseline 0.003 -26"><span class='ocrx_word' id='word_1_94' title='bbox 281 1307 368 1388; x_wconf 73' lang='lat' dir='ltr'><em>bure</em></span> <span class='ocrx_word' id='word_1_95' title='bbox 398 1305 484 1408; x_wconf 72' lang='lat' dir='ltr'><em>Qun</em></span> <span class='ocrx_word' id='word_1_96' title='bbox 499 1312 616 1408; x_wconf 80' lang='lat' dir='ltr'><em>patris</em></span> <span class='ocrx_word' id='word_1_97' title='bbox 636 1309 807 1384; x_wconf 81' lang='lat' dir='ltr'><em>voluntati</em></span> <span class='ocrx_word' id='word_1_98' title='bbox 832 1336 898 1386; x_wconf 89' lang='lat' dir='ltr'><em>non</em></span> <span class='ocrx_word' id='word_1_99' title='bbox 925 1324 1118 1410; x_wconf 74' lang='lat' dir='ltr'><em>repugnat,</em></span> <span class='ocrx_word' id='word_1_100' title='bbox 1144 1338 1318 1388; x_wconf 88' lang='lat' dir='ltr'><em>ternorum</em></span> <span class='ocrx_word' id='word_1_101' title='bbox 1332 1319 1588 1388; x_wconf 89' lang='lat' dir='ltr'><em>commodorum</em></span> <span class='ocrx_word' id='word_1_102' title='bbox 1615 1311 1709 1388; x_wconf 72' lang='lat' dir='ltr'><em>coust</em></span> <span class='ocrx_word' id='word_1_103' title='bbox 1732 1313 1855 1387; x_wconf 80' lang='lat' dir='ltr'><em>liberor</em></span> <span class='ocrx_word' id='word_1_104' title='bbox 1875 1312 1974 1404; x_wconf 81' lang='lat' dir='ltr'><em>plun&#39;e</em></span> 
     </span>
     <span class='ocr_line' id='line_1_9' title="bbox 281 1405 1974 1510; baseline 0.005 -29"><span class='ocrx_word' id='word_1_105' title='bbox 281 1405 472 1506; x_wconf 75' lang='lat' dir='ltr'><em>consmtir&#39;c</em></span> <span class='ocrx_word' id='word_1_106' title='bbox 492 1410 707 1506; x_wconf 74' lang='lat' dir='ltr'><em>intelligitur.</em></span> <span class='ocrx_word' id='word_1_107' title='bbox 767 1406 803 1483; x_wconf 87' lang='lat' dir='ltr'><em>T</em></span> <span class='ocrx_word' id='word_1_108' title='bbox 795 1436 860 1484; x_wconf 85' lang='lat' dir='ltr'><em>unc</em></span> <span class='ocrx_word' id='word_1_109' title='bbox 879 1424 988 1486; x_wconf 82' lang='lat' dir='ltr'><em>autom</em></span> <span class='ocrx_word' id='word_1_110' title='bbox 1003 1410 1117 1510; x_wconf 82' lang='lat' dir='ltr'><em>solum</em></span> <span class='ocrx_word' id='word_1_111' title='bbox 1142 1416 1264 1486; x_wconf 86' lang='lat' dir='ltr'><em>invites</em></span> <span class='ocrx_word' id='word_1_112' title='bbox 1280 1439 1319 1486; x_wconf 80' lang='lat' dir='ltr'><em>uc</em></span> <span class='ocrx_word' id='word_1_113' title='bbox 1342 1438 1570 1508; x_wconf 77' lang='lat' dir='ltr'><em>repugnrntes</em></span> <span class='ocrx_word' id='word_1_114' title='bbox 1591 1437 1744 1508; x_wconf 78' lang='lat' dir='ltr'><em>cogere,</em></span> <span class='ocrx_word' id='word_1_115' title='bbox 1778 1438 1844 1503; x_wconf 86' lang='lat' dir='ltr'><em>qur</em></span> <span class='ocrx_word' id='word_1_116' title='bbox 1871 1416 1974 1488; x_wconf 90' lang='lat' dir='ltr'><em>dere</em></span> 
     </span>
     <span class='ocr_line' id='line_1_10' title="bbox 279 1505 2022 1610; baseline 0.002 -30"><span class='ocrx_word' id='word_1_117' title='bbox 279 1530 307 1580; x_wconf 88' lang='lat' dir='ltr'><em>o</em></span> <span class='ocrx_word' id='word_1_118' title='bbox 326 1519 429 1605; x_wconf 83' lang='lat' dir='ltr'><em>polre</em></span> <span class='ocrx_word' id='word_1_119' title='bbox 456 1505 668 1608; x_wconf 78' lang='lat' dir='ltr'><em>diffintimdi</em></span> <span class='ocrx_word' id='word_1_120' title='bbox 693 1509 833 1584; x_wconf 83' lang='lat' dir='ltr'><em>licentio</em></span> <span class='ocrx_word' id='word_1_121' title='bbox 852 1511 944 1610; x_wconf 84' lang='lat' dir='ltr'><em>filiae</em></span> <span class='ocrx_word' id='word_1_122' title='bbox 967 1511 1117 1586; x_wconf 82' lang='lat' dir='ltr'><em>concedi·</em></span> <span class='ocrx_word' id='word_1_123' title='bbox 1142 1511 1240 1602; x_wconf 83' lang='lat' dir='ltr'><em>plura</em></span> <span class='ocrx_word' id='word_1_124' title='bbox 1259 1514 1402 1585; x_wconf 79' lang='lat' dir='ltr'><em>diximus</em></span> <span class='ocrx_word' id='word_1_125' title='bbox 1415 1510 1584 1602; x_wconf 84' lang='lat' dir='ltr'><em>superius,</em></span> <span class='ocrx_word' id='word_1_126' title='bbox 1610 1512 1668 1585; x_wconf 87' lang='lat' dir='ltr'><em>ubi</em></span> <span class='ocrx_word' id='word_1_127' title='bbox 1683 1511 1827 1586; x_wconf 86' lang='lat' dir='ltr'><em>liberum</em></span> <span class='ocrx_word' id='word_1_128' title='bbox 1842 1534 1974 1586; x_wconf 68' lang='lat' dir='ltr'><em>contcu</em></span> <span class='ocrx_word' id='word_1_129' title='bbox 2020 1531 2022 1536; x_wconf 86' lang='lat'>·</span> 
     </span>
     <span class='ocr_line' id='line_1_11' title="bbox 279 1607 1974 1710; baseline 0 -28"><span class='ocrx_word' id='word_1_130' title='bbox 279 1617 359 1694; x_wconf 78' lang='lat' dir='ltr'><em>itur,</em></span> <span class='ocrx_word' id='word_1_131' title='bbox 379 1609 604 1710; x_wconf 79' lang='lat' dir='ltr'><em>stindignum</em></span> <span class='ocrx_word' id='word_1_132' title='bbox 630 1608 864 1693; x_wconf 82' lang='lat' dir='ltr'><em>morilur,oel</em></span> <span class='ocrx_word' id='word_1_133' title='bbox 880 1622 1008 1708; x_wconf 75' lang='lat' dir='ltr'><em>turpem</em></span> <span class='ocrx_word' id='word_1_134' title='bbox 1015 1609 1119 1709; x_wconf 78' lang='lat' dir='ltr'><em>spon·</em></span> <span class='ocrx_word' id='word_1_135' title='bbox 1142 1611 1294 1687; x_wconf 77' lang='lat' dir='ltr'><em>luentium</em></span> <span class='ocrx_word' id='word_1_136' title='bbox 1320 1607 1511 1686; x_wconf 89' lang='lat' dir='ltr'><em>consensum</em></span> <span class='ocrx_word' id='word_1_137' title='bbox 1542 1614 1578 1683; x_wconf 90' lang='lat' dir='ltr'><em>in</em></span> <span class='ocrx_word' id='word_1_138' title='bbox 1608 1612 1734 1702; x_wconf 76' lang='lat' dir='ltr'><em>nuptiis</em></span> <span class='ocrx_word' id='word_1_139' title='bbox 1754 1607 1833 1708; x_wconf 90' lang='lat' dir='ltr'><em>jure</em></span> <span class='ocrx_word' id='word_1_140' title='bbox 1858 1612 1974 1686; x_wconf 82' lang='lat' dir='ltr'><em>divino</em></span> 
     </span>
     <span class='ocr_line' id='line_1_12' title="bbox 269 1705 1706 1810; baseline 0.003 -30"><span class='ocrx_word' id='word_1_141' title='bbox 269 1705 415 1806; x_wconf 80' lang='lat' dir='ltr'><em>sum-ri</em></span> <span class='ocrx_word' id='word_1_142' title='bbox 427 1720 526 1803; x_wconf 77' lang='lat' dir='ltr'><em>pater</em></span> <span class='ocrx_word' id='word_1_143' title='bbox 544 1709 662 1806; x_wconf 72' lang='lat' dir='ltr'><em>eligor.</em></span> <span class='ocrx_word' id='word_1_144' title='bbox 717 1717 802 1782; x_wconf 83' lang='lat' dir='ltr'><em>stem</em></span> <span class='ocrx_word' id='word_1_145' title='bbox 830 1709 853 1781; x_wconf 91' lang='lat' dir='ltr'><em>l.</em></span> <span class='ocrx_word' id='word_1_146' title='bbox 870 1712 903 1810; x_wconf 86' lang='lat' dir='ltr'><em>st</em></span> <span class='ocrx_word' id='word_1_147' title='bbox 923 1721 1031 1806; x_wconf 73' lang='lat' dir='ltr'><em>polin</em></span> <span class='ocrx_word' id='word_1_148' title='bbox 1059 1736 1116 1786; x_wconf 79' lang='lat'><em>22.</em></span> <span class='ocrx_word' id='word_1_149' title='bbox 1141 1719 1176 1786; x_wconf 77' lang='grc' dir='ltr'><em>δι</em></span> <span class='ocrx_word' id='word_1_150' title='bbox 1190 1708 1336 1786; x_wconf 72' lang='lat' dir='ltr'><em>humano</em></span> <span class='ocrx_word' id='word_1_151' title='bbox 1351 1713 1478 1802; x_wconf 78' lang='lat' dir='ltr'><em>requiri</em></span> <span class='ocrx_word' id='word_1_152' title='bbox 1492 1710 1706 1786; x_wconf 77' lang='lat' dir='ltr'><em>ostendimus.</em></span> 
     </span>
    </p>

    <p class='ocr_par' dir='ltr' id='par_1_5' title="bbox 275 1801 1118 1905">
     <span class='ocr_line' id='line_1_13' title="bbox 275 1801 1118 1905; baseline 0.001 -25"><span class='ocrx_word' id='word_1_153' title='bbox 275 1803 384 1903; x_wconf 64' lang='grc' dir='ltr'><em>Μ</em></span> <span class='ocrx_word' id='word_1_154' title='bbox 394 1808 561 1905; x_wconf 72' lang='lat' dir='ltr'><em>ris‘nupt.</em></span> <span class='ocrx_word' id='word_1_155' title='bbox 613 1801 656 1881; x_wconf 87' lang='lat' dir='ltr'><em>Si</em></span> <span class='ocrx_word' id='word_1_156' title='bbox 669 1819 912 1905; x_wconf 79' lang='lat' dir='ltr'><em>potrrcogrnle</em></span> <span class='ocrx_word' id='word_1_157' title='bbox 927 1809 1022 1882; x_wconf 83' lang='lat' dir='ltr'><em>ducit</em></span> <span class='ocrx_word' id='word_1_158' title='bbox 1032 1833 1118 1882; x_wconf 87' lang='lat' dir='ltr'><em>noro·</em></span> 
     </span>
    </p>

    <p class='ocr_par' dir='ltr' id='par_1_6' title="bbox 279 1904 1932 2106">
     <span class='ocr_line' id='line_1_14' title="bbox 279 1904 1932 2006; baseline 0.005 -23"><span class='ocrx_word' id='word_1_159' title='bbox 279 1929 377 1990; x_wconf 79' lang='lat' dir='ltr'><em>rem,</em></span> <span class='ocrx_word' id='word_1_160' title='bbox 402 1927 502 2003; x_wconf 85' lang='lat' dir='ltr'><em>quom</em></span> <span class='ocrx_word' id='word_1_161' title='bbox 517 1907 744 1994; x_wconf 81' lang='lat' dir='ltr'><em>nonduccrct,</em></span> <span class='ocrx_word' id='word_1_162' title='bbox 762 1908 795 2006; x_wconf 81' lang='lat' dir='ltr'><em>st</em></span> <span class='ocrx_word' id='word_1_163' title='bbox 804 1905 863 2004; x_wconf 91' lang='lat' dir='ltr'><em>sui</em></span> <span class='ocrx_word' id='word_1_164' title='bbox 879 1908 1022 1983; x_wconf 76' lang='lat' dir='ltr'><em>arbitrii</em></span> <span class='ocrx_word' id='word_1_165' title='bbox 1032 1905 1116 2006; x_wconf 77' lang='lat' dir='ltr'><em>effes,</em></span> <span class='ocrx_word' id='word_1_166' title='bbox 1186 1919 1216 2003; x_wconf 68' lang='grc' dir='ltr'><em>ς.</em></span> <span class='ocrx_word' id='word_1_167' title='bbox 1241 1913 1348 1984; x_wconf 78' lang='lat' dir='ltr'><strong>CXX.</strong></span> <span class='ocrx_word' id='word_1_168' title='bbox 1375 1914 1449 1982; x_wconf 84' lang='lat' dir='ltr'><em>&#39;Ex</em></span> <span class='ocrx_word' id='word_1_169' title='bbox 1466 1933 1527 1991; x_wconf 91' lang='lat' dir='ltr'><em>eo,</em></span> <span class='ocrx_word' id='word_1_170' title='bbox 1554 1910 1641 1998; x_wconf 86' lang='lat' dir='ltr'><em>quod</em></span> <span class='ocrx_word' id='word_1_171' title='bbox 1665 1907 1711 1983; x_wconf 88' lang='lat' dir='ltr'><em>li·</em></span> <span class='ocrx_word' id='word_1_172' title='bbox 1760 1904 1810 1971; x_wconf 66' lang='grc' dir='ltr'><em>θ’</em></span> <span class='ocrx_word' id='word_1_173' title='bbox 1829 1913 1932 1991; x_wconf 59' lang='grc' dir='ltr'><em>ΜΡΝ·</em></span> 
     </span>
     <span class='ocr_line' id='line_1_15' title="bbox 280 2003 1807 2106; baseline 0 -28"><span class='ocrx_word' id='word_1_174' title='bbox 280 2008 597 2106; x_wconf 74' lang='lat' dir='ltr'><em>cannamomum</em></span> <span class='ocrx_word' id='word_1_175' title='bbox 622 2006 894 2092; x_wconf 82' lang='lat' dir='ltr'><em>matrimonium,</em></span> <span class='ocrx_word' id='word_1_176' title='bbox 920 2009 1007 2105; x_wconf 82' lang='lat' dir='ltr'><em>quod</em></span> <span class='ocrx_word' id='word_1_177' title='bbox 1030 2009 1118 2082; x_wconf 78' lang='lat' dir='ltr'><em>inter</em></span> <span class='ocrx_word' id='word_1_178' title='bbox 1140 2003 1252 2080; x_wconf 84' lang='lat' dir='ltr'><em>berum</em></span> <span class='ocrx_word' id='word_1_179' title='bbox 1267 2029 1338 2082; x_wconf 87' lang='lat' dir='ltr'><em>tum</em></span> <span class='ocrx_word' id='word_1_180' title='bbox 1351 2012 1497 2097; x_wconf 77' lang='lat' dir='ltr'><em>portium</em></span> <span class='ocrx_word' id='word_1_181' title='bbox 1514 2004 1713 2082; x_wconf 85' lang='lat' dir='ltr'><em>contrehen·</em></span> <span class='ocrx_word' id='word_1_182' title='bbox 1803 2015 1807 2024; x_wconf 91' lang='lat'><em>&#39;</em></span> 
     </span>
    </p>

    <p class='ocr_par' dir='ltr' id='par_1_7' title="bbox 275 2100 2018 3195">
     <span class='ocr_line' id='line_1_16' title="bbox 280 2100 1971 2206; baseline -0.002 -26"><span class='ocrx_word' id='word_1_183' title='bbox 280 2105 416 2206; x_wconf 67' lang='lat' dir='ltr'><em>invitor</em></span> <span class='ocrx_word' id='word_1_184' title='bbox 430 2127 498 2180; x_wconf 92' lang='lat' dir='ltr'><em>non</em></span> <span class='ocrx_word' id='word_1_185' title='bbox 515 2103 749 2193; x_wconf 76' lang='lat' dir='ltr'><em>contruditur,</em></span> <span class='ocrx_word' id='word_1_186' title='bbox 776 2103 928 2203; x_wconf 79' lang='lat' dir='ltr'><em>moluiſjr</em></span> <span class='ocrx_word' id='word_1_187' title='bbox 941 2107 1004 2182; x_wconf 84' lang='lat' dir='ltr'><em>lroc</em></span> <span class='ocrx_word' id='word_1_188' title='bbox 1025 2106 1118 2181; x_wconf 84' lang='lat' dir='ltr'><em>uide·</em></span> <span class='ocrx_word' id='word_1_189' title='bbox 1141 2108 1246 2190; x_wconf 90' lang='lat' dir='ltr'><em>tium,</em></span> <span class='ocrx_word' id='word_1_190' title='bbox 1263 2129 1334 2180; x_wconf 88' lang='lat' dir='ltr'><em>tum</em></span> <span class='ocrx_word' id='word_1_191' title='bbox 1348 2131 1487 2190; x_wconf 86' lang='lat' dir='ltr'><em>eorum,</em></span> <span class='ocrx_word' id='word_1_192' title='bbox 1503 2109 1537 2178; x_wconf 91' lang='lat' dir='ltr'><em>in</em></span> <span class='ocrx_word' id='word_1_193' title='bbox 1554 2129 1697 2196; x_wconf 83' lang='lat' dir='ltr'><em>quorum</em></span> <span class='ocrx_word' id='word_1_194' title='bbox 1715 2100 1971 2196; x_wconf 74' lang='lat' dir='ltr'><em>potestatesunt,</em></span> 
     </span>
     <span class='ocr_line' id='line_1_17' title="bbox 279 2200 1971 2300; baseline -0.002 -21"><span class='ocrx_word' id='word_1_195' title='bbox 279 2215 368 2288; x_wconf 76' lang='lat' dir='ltr'><em>tur.¹</em></span> <span class='ocrx_word' id='word_1_196' title='bbox 402 2209 511 2298; x_wconf 75' lang='lat' dir='ltr'><em>Leges</em></span> <span class='ocrx_word' id='word_1_197' title='bbox 525 2202 640 2280; x_wconf 78' lang='lat' dir='ltr'><em>civiles</em></span> <span class='ocrx_word' id='word_1_198' title='bbox 657 2207 758 2280; x_wconf 82' lang='lat' dir='ltr'><em>etium</em></span> <span class='ocrx_word' id='word_1_199' title='bbox 777 2204 832 2277; x_wconf 84' lang='lat' dir='ltr'><em>hic</em></span> <span class='ocrx_word' id='word_1_200' title='bbox 847 2207 1054 2300; x_wconf 80' lang='lat' dir='ltr'><em>distinguunt</em></span> <span class='ocrx_word' id='word_1_201' title='bbox 1066 2210 1117 2279; x_wconf 87' lang='lat' dir='ltr'><em>in·</em></span> <span class='ocrx_word' id='word_1_202' title='bbox 1140 2200 1333 2278; x_wconf 84' lang='lat' dir='ltr'><em>consensum</em></span> <span class='ocrx_word' id='word_1_203' title='bbox 1355 2208 1396 2278; x_wconf 78' lang='lat' dir='ltr'><em>ud</em></span> <span class='ocrx_word' id='word_1_204' title='bbox 1418 2207 1516 2293; x_wconf 81' lang='lat' dir='ltr'><em>julius</em></span> <span class='ocrx_word' id='word_1_205' title='bbox 1530 2213 1565 2279; x_wconf 81' lang='lat' dir='ltr'><em>dr</em></span> <span class='ocrx_word' id='word_1_206' title='bbox 1582 2203 1748 2296; x_wconf 78' lang='lat' dir='ltr'><em>legitimus</em></span> <span class='ocrx_word' id='word_1_207' title='bbox 1766 2206 1897 2293; x_wconf 82' lang='lat' dir='ltr'><em>nuptitr</em></span> <span class='ocrx_word' id='word_1_208' title='bbox 1916 2228 1971 2276; x_wconf 86' lang='lat' dir='ltr'><em>re·</em></span> 
     </span>
     <span class='ocr_line' id='line_1_18' title="bbox 279 2297 1968 2396; baseline -0.003 -18"><span class='ocrx_word' id='word_1_209' title='bbox 279 2323 337 2378; x_wconf 82' lang='lat' dir='ltr'><em>ter</em></span> <span class='ocrx_word' id='word_1_210' title='bbox 360 2298 468 2377; x_wconf 87' lang='lat' dir='ltr'><em>filium</em></span> <span class='ocrx_word' id='word_1_211' title='bbox 493 2314 527 2379; x_wconf 79' lang='grc' dir='ltr'><em>δι</em></span> <span class='ocrx_word' id='word_1_212' title='bbox 541 2301 797 2376; x_wconf 75' lang='lat' dir='ltr'><em>filiumfamilias.</em></span> <span class='ocrx_word' id='word_1_213' title='bbox 848 2304 1026 2379; x_wconf 78' lang='lat' dir='ltr'><em>Filiusnon</em></span> <span class='ocrx_word' id='word_1_214' title='bbox 1040 2327 1118 2396; x_wconf 89' lang='lat' dir='ltr'><em>por·</em></span> <span class='ocrx_word' id='word_1_215' title='bbox 1143 2305 1256 2391; x_wconf 89' lang='lat' dir='ltr'><em>quiri,</em></span> <span class='ocrx_word' id='word_1_216' title='bbox 1282 2329 1320 2378; x_wconf 82' lang='lat' dir='ltr'><em>rc</em></span> <span class='ocrx_word' id='word_1_217' title='bbox 1349 2302 1497 2377; x_wconf 78' lang='lat' dir='ltr'><em>libertati</em></span> <span class='ocrx_word' id='word_1_218' title='bbox 1519 2297 1690 2376; x_wconf 80' lang='lat' dir='ltr'><em>consensus</em></span> <span class='ocrx_word' id='word_1_219' title='bbox 1715 2301 1968 2375; x_wconf 75' lang='lat' dir='ltr'><em>matrimonialis</em></span> 
     </span>
     <span class='ocr_line' id='line_1_19' title="bbox 279 2395 1971 2496; baseline -0.004 -18"><span class='ocrx_word' id='word_1_220' title='bbox 279 2403 426 2496; x_wconf 74' lang='lat' dir='ltr'><em>est-cogi</em></span> <span class='ocrx_word' id='word_1_221' title='bbox 447 2405 488 2477; x_wconf 81' lang='lat' dir='ltr'><em>ed</em></span> <span class='ocrx_word' id='word_1_222' title='bbox 510 2406 696 2476; x_wconf 79' lang='lat' dir='ltr'><em>ducendam</em></span> <span class='ocrx_word' id='word_1_223' title='bbox 716 2427 816 2482; x_wconf 79' lang='lat' dir='ltr'><em>enm,</em></span> <span class='ocrx_word' id='word_1_224' title='bbox 842 2427 941 2492; x_wconf 84' lang='lat' dir='ltr'><em>quum</em></span> <span class='ocrx_word' id='word_1_225' title='bbox 960 2402 1114 2492; x_wconf 74' lang='lat' dir='ltr'><em>recusat,</em></span> <span class='ocrx_word' id='word_1_226' title='bbox 1140 2400 1322 2474; x_wconf 82' lang='lat' dir='ltr'><em>violentum</em></span> <span class='ocrx_word' id='word_1_227' title='bbox 1340 2405 1545 2476; x_wconf 68' lang='lat' dir='ltr'><em>cordionem</em></span> <span class='ocrx_word' id='word_1_228' title='bbox 1565 2395 1730 2473; x_wconf 69' lang='lat' dir='ltr'><em>adversari</em></span> <span class='ocrx_word' id='word_1_229' title='bbox 1748 2401 1909 2481; x_wconf 75' lang='lat' dir='ltr'><em>diximus,</em></span> <span class='ocrx_word' id='word_1_230' title='bbox 1922 2398 1971 2472; x_wconf 81' lang='lat' dir='ltr'><em>sr-</em></span> 
     </span>
     <span class='ocr_line' id='line_1_20' title="bbox 280 2493 1968 2592; baseline -0.001 -19"><span class='ocrx_word' id='word_1_231' title='bbox 280 2498 354 2574; x_wconf 71' lang='lat' dir='ltr'><em>nli·</em></span> <span class='ocrx_word' id='word_1_232' title='bbox 373 2523 487 2574; x_wconf 79' lang='lat' dir='ltr'><em>eutem</em></span> <span class='ocrx_word' id='word_1_233' title='bbox 501 2495 686 2573; x_wconf 80' lang='lat' dir='ltr'><em>consentire</em></span> <span class='ocrx_word' id='word_1_234' title='bbox 706 2504 858 2590; x_wconf 81' lang='lat' dir='ltr'><em>cogitur,</em></span> <span class='ocrx_word' id='word_1_235' title='bbox 881 2501 903 2573; x_wconf 86' lang='lat' dir='ltr'><em>sr</em></span> <span class='ocrx_word' id='word_1_236' title='bbox 925 2527 1022 2592; x_wconf 83' lang='lat' dir='ltr'><em>puter</em></span> <span class='ocrx_word' id='word_1_237' title='bbox 1038 2529 1114 2588; x_wconf 65' lang='lat' dir='ltr'><em>prm</em></span> <span class='ocrx_word' id='word_1_238' title='bbox 1140 2500 1204 2571; x_wconf 87' lang='lat' dir='ltr'><em>cile</em></span> <span class='ocrx_word' id='word_1_239' title='bbox 1226 2498 1423 2591; x_wconf 82' lang='lat' dir='ltr'><em>colligitur,</em></span> <span class='ocrx_word' id='word_1_240' title='bbox 1461 2523 1538 2572; x_wconf 89' lang='lat' dir='ltr'><em>cum</em></span> <span class='ocrx_word' id='word_1_241' title='bbox 1570 2493 1726 2572; x_wconf 87' lang='lat' dir='ltr'><em>consensu</em></span> <span class='ocrx_word' id='word_1_242' title='bbox 1756 2498 1909 2590; x_wconf 79' lang='lat' dir='ltr'><em>legitimo</em></span> <span class='ocrx_word' id='word_1_243' title='bbox 1929 2522 1968 2572; x_wconf 81' lang='lat' dir='ltr'><em>rc</em></span> 
     </span>
     <span class='ocr_line' id='line_1_21' title="bbox 281 2595 1969 2698; baseline -0.004 -24"><span class='ocrx_word' id='word_1_244' title='bbox 281 2597 427 2674; x_wconf 71' lang='lat' dir='ltr'><em>honesto</em></span> <span class='ocrx_word' id='word_1_245' title='bbox 444 2601 518 2672; x_wconf 83' lang='lat' dir='ltr'><em>uiro</em></span> <span class='ocrx_word' id='word_1_246' title='bbox 533 2597 744 2689; x_wconf 71' lang='lat' dir='ltr'><em>despondent.</em></span> <span class='ocrx_word' id='word_1_247' title='bbox 759 2601 782 2672; x_wconf 89' lang='lat' dir='ltr'><em>l.</em></span> <span class='ocrx_word' id='word_1_248' title='bbox 797 2600 993 2698; x_wconf 78' lang='lat' dir='ltr'><em>norfilium.</em></span> <span class='ocrx_word' id='word_1_249' title='bbox 1006 2600 1031 2675; x_wconf 88' lang='lat' dir='ltr'><em>l.</em></span> <span class='ocrx_word' id='word_1_250' title='bbox 1048 2624 1115 2673; x_wconf 92' lang='lat' dir='ltr'><em>non</em></span> <span class='ocrx_word' id='word_1_251' title='bbox 1139 2597 1247 2670; x_wconf 85' lang='lat' dir='ltr'><em>libero</em></span> <span class='ocrx_word' id='word_1_252' title='bbox 1265 2600 1300 2670; x_wconf 89' lang='lat' dir='ltr'><em>in</em></span> <span class='ocrx_word' id='word_1_253' title='bbox 1316 2602 1442 2688; x_wconf 83' lang='lat' dir='ltr'><em>nuptiis</em></span> <span class='ocrx_word' id='word_1_254' title='bbox 1463 2595 1620 2686; x_wconf 79' lang='lat' dir='ltr'><em>requifim&#39;</em></span> <span class='ocrx_word' id='word_1_255' title='bbox 1640 2619 1789 2671; x_wconf 77' lang='lat' dir='ltr'><em>extreme</em></span> <span class='ocrx_word' id='word_1_256' title='bbox 1816 2621 1969 2690; x_wconf 71' lang='lat' dir='ltr'><em>pugnare</em></span> 
     </span>
     <span class='ocr_line' id='line_1_22' title="bbox 283 2692 1968 2797; baseline -0.003 -24"><span class='ocrx_word' id='word_1_257' title='bbox 283 2699 433 2796; x_wconf 79' lang='lat' dir='ltr'><em>cogitur.</em></span> <span class='ocrx_word' id='word_1_258' title='bbox 451 2697 492 2771; x_wconf 85' lang='lat' dir='ltr'><em>de</em></span> <span class='ocrx_word' id='word_1_259' title='bbox 508 2698 566 2770; x_wconf 74' lang='lat' dir='ltr'><em>rit.</em></span> <span class='ocrx_word' id='word_1_260' title='bbox 593 2709 687 2796; x_wconf 79' lang='lat' dir='ltr'><em>nupt.</em></span> <span class='ocrx_word' id='word_1_261' title='bbox 740 2703 960 2788; x_wconf 76' lang='lat' dir='ltr'><em>Distinguunt</em></span> <span class='ocrx_word' id='word_1_262' title='bbox 980 2697 1116 2797; x_wconf 77' lang='lat' dir='ltr'><em>insuper</em></span> <span class='ocrx_word' id='word_1_263' title='bbox 1137 2705 1299 2792; x_wconf 81' lang='lat' dir='ltr'><em>raptum,</em></span> <span class='ocrx_word' id='word_1_264' title='bbox 1324 2720 1425 2784; x_wconf 89' lang='lat' dir='ltr'><em>quem</em></span> <span class='ocrx_word' id='word_1_265' title='bbox 1452 2694 1639 2775; x_wconf 86' lang='lat' dir='ltr'><em>definiunt,</em></span> <span class='ocrx_word' id='word_1_266' title='bbox 1663 2701 1753 2784; x_wconf 80' lang='lat' dir='ltr'><em>quod</em></span> <span class='ocrx_word' id='word_1_267' title='bbox 1778 2693 1816 2768; x_wconf 83' lang='lat' dir='ltr'><em>stt</em></span> <span class='ocrx_word' id='word_1_268' title='bbox 1833 2692 1968 2770; x_wconf 77' lang='lat' dir='ltr'><em>oblatio</em></span> 
     </span>
     <span class='ocr_line' id='line_1_23' title="bbox 280 2790 1965 2894; baseline -0.002 -22"><span class='ocrx_word' id='word_1_269' title='bbox 280 2799 380 2872; x_wconf 83' lang='lat' dir='ltr'><em>inter</em></span> <span class='ocrx_word' id='word_1_270' title='bbox 397 2793 654 2894; x_wconf 71' lang='lat' dir='ltr'><em>conformetur,</em></span> <span class='ocrx_word' id='word_1_271' title='bbox 683 2818 721 2871; x_wconf 88' lang='lat' dir='ltr'><em>ut</em></span> <span class='ocrx_word' id='word_1_272' title='bbox 744 2806 815 2886; x_wconf 85' lang='lat' dir='ltr'><em>ejus</em></span> <span class='ocrx_word' id='word_1_273' title='bbox 833 2799 971 2885; x_wconf 74' lang='lat' dir='ltr'><em>qualitur</em></span> <span class='ocrx_word' id='word_1_274' title='bbox 990 2809 1027 2873; x_wconf 82' lang='lat' dir='ltr'><em>dr</em></span> <span class='ocrx_word' id='word_1_275' title='bbox 1045 2824 1115 2870; x_wconf 83' lang='lat' dir='ltr'><em>me·</em></span> <span class='ocrx_word' id='word_1_276' title='bbox 1137 2792 1279 2872; x_wconf 80' lang='lat' dir='ltr'><em>ltumoni</em></span> <span class='ocrx_word' id='word_1_277' title='bbox 1293 2796 1444 2891; x_wconf 76' lang='lat' dir='ltr'><em>corporis</em></span> <span class='ocrx_word' id='word_1_278' title='bbox 1463 2796 1501 2868; x_wconf 89' lang='lat' dir='ltr'><em>ui</em></span> <span class='ocrx_word' id='word_1_279' title='bbox 1516 2790 1558 2868; x_wconf 71' lang='lat' dir='ltr'><em>ss</em></span> <span class='ocrx_word' id='word_1_280' title='bbox 1571 2792 1728 2868; x_wconf 83' lang='lat' dir='ltr'><em>libidinis</em></span> <span class='ocrx_word' id='word_1_281' title='bbox 1744 2791 1845 2891; x_wconf 74' lang='lat' dir='ltr'><em>conso</em></span> <span class='ocrx_word' id='word_1_282' title='bbox 1853 2794 1965 2890; x_wconf 78' lang='lat' dir='ltr'><em>sollo.</em></span> 
     </span>
     <span class='ocr_line' id='line_1_24' title="bbox 275 2891 2018 2994; baseline -0.001 -26"><span class='ocrx_word' id='word_1_283' title='bbox 275 2899 434 2988; x_wconf 60' lang='lat' dir='ltr'><em>gnitudo</em></span> <span class='ocrx_word' id='word_1_284' title='bbox 456 2899 579 2969; x_wconf 67' lang='lat' dir='ltr'><em>reditus</em></span> <span class='ocrx_word' id='word_1_285' title='bbox 601 2898 751 2967; x_wconf 70' lang='lat' dir='ltr'><em>adimari</em></span> <span class='ocrx_word' id='word_1_286' title='bbox 778 2892 886 2984; x_wconf 80' lang='lat' dir='ltr'><em>possit.</em></span> <span class='ocrx_word' id='word_1_287' title='bbox 954 2901 1117 2969; x_wconf 80' lang='lat' dir='ltr'><em>incutitur</em></span> <span class='ocrx_word' id='word_1_288' title='bbox 1139 2892 1326 2967; x_wconf 83' lang='lat' dir='ltr'><em>Molrrdius</em></span> <span class='ocrx_word' id='word_1_289' title='bbox 1343 2896 1385 2967; x_wconf 87' lang='lat' dir='ltr'><em>de</em></span> <span class='ocrx_word' id='word_1_290' title='bbox 1400 2895 1546 2967; x_wconf 72' lang='lat' dir='ltr'><em>matrim.</em></span> <span class='ocrx_word' id='word_1_291' title='bbox 1565 2919 1600 2984; x_wconf 91' lang='lat' dir='ltr'><em>p.</em></span> <span class='ocrx_word' id='word_1_292' title='bbox 1626 2915 1704 2983; x_wconf 85' lang='lat'><strong>¹27·</strong></span> <span class='ocrx_word' id='word_1_293' title='bbox 1759 2891 1894 2991; x_wconf 81' lang='lat' dir='ltr'><em>Raptus</em></span> <span class='ocrx_word' id='word_1_294' title='bbox 1905 2898 1965 2994; x_wconf 82' lang='lat' dir='ltr'><em>est,</em></span> <span class='ocrx_word' id='word_1_295' title='bbox 2012 2915 2018 2930; x_wconf 55' lang='lat'>³</span> 
     </span>
     <span class='ocr_line' id='line_1_25' title="bbox 281 2990 1967 3094; baseline -0.004 -22"><span class='ocrx_word' id='word_1_296' title='bbox 281 2997 428 3072; x_wconf 76' lang='lat' dir='ltr'><em>enimn</em></span> <span class='ocrx_word' id='word_1_297' title='bbox 448 2994 504 3068; x_wconf 83' lang='lat' dir='ltr'><em>rel</em></span> <span class='ocrx_word' id='word_1_298' title='bbox 519 2993 706 3081; x_wconf 80' lang='lat' dir='ltr'><em>diuinitus,</em></span> <span class='ocrx_word' id='word_1_299' title='bbox 726 2990 801 3066; x_wconf 87' lang='lat' dir='ltr'><em>crsu</em></span> <span class='ocrx_word' id='word_1_300' title='bbox 828 2996 974 3083; x_wconf 81' lang='lat' dir='ltr'><em>quodum</em></span> <span class='ocrx_word' id='word_1_301' title='bbox 997 2993 1115 3066; x_wconf 86' lang='lat' dir='ltr'><em>fortui-</em></span> <span class='ocrx_word' id='word_1_302' title='bbox 1139 3014 1213 3064; x_wconf 89' lang='lat' dir='ltr'><em>cum</em></span> <span class='ocrx_word' id='word_1_303' title='bbox 1230 2993 1305 3089; x_wconf 83' lang='lat' dir='ltr'><em>quis</em></span> <span class='ocrx_word' id='word_1_304' title='bbox 1318 2990 1457 3094; x_wconf 79' lang='lat' dir='ltr'><em>bonejlae</em></span> <span class='ocrx_word' id='word_1_305' title='bbox 1468 2991 1795 3088; x_wconf 79' lang='lat' dir='ltr'><em>somaefororinom‚</em></span> <span class='ocrx_word' id='word_1_306' title='bbox 1811 2994 1883 3091; x_wconf 81' lang='lat' dir='ltr'><em>stoc</em></span> <span class='ocrx_word' id='word_1_307' title='bbox 1896 2996 1967 3066; x_wconf 83' lang='lat' dir='ltr'><em>uir·</em></span> 
     </span>
     <span class='ocr_line' id='line_1_26' title="bbox 279 3087 1968 3195; baseline -0.001 -29"><span class='ocrx_word' id='word_1_308' title='bbox 279 3113 349 3180; x_wconf 83' lang='lat' dir='ltr'><em>to,</em></span> <span class='ocrx_word' id='word_1_309' title='bbox 377 3091 431 3166; x_wconf 82' lang='lat' dir='ltr'><em>vel</em></span> <span class='ocrx_word' id='word_1_310' title='bbox 453 3093 666 3180; x_wconf 83' lang='lat' dir='ltr'><em>lrumonitur,</em></span> <span class='ocrx_word' id='word_1_311' title='bbox 685 3096 786 3180; x_wconf 83' lang='lat' dir='ltr'><em>idque</em></span> <span class='ocrx_word' id='word_1_312' title='bbox 799 3094 883 3165; x_wconf 79' lang='lat' dir='ltr'><em>vela</em></span> <span class='ocrx_word' id='word_1_313' title='bbox 905 3095 1116 3195; x_wconf 83' lang='lat' dir='ltr'><em>mogiflrotu,</em></span> <span class='ocrx_word' id='word_1_314' title='bbox 1139 3114 1185 3186; x_wconf 85' lang='lat' dir='ltr'><em>go</em></span> <span class='ocrx_word' id='word_1_315' title='bbox 1197 3138 1218 3176; x_wconf 11' lang='grc' dir='ltr'><em>,ς</em></span> <span class='ocrx_word' id='word_1_316' title='bbox 1227 3095 1299 3191; x_wconf 78' lang='lat' dir='ltr'><em>flue</em></span> <span class='ocrx_word' id='word_1_317' title='bbox 1322 3091 1449 3191; x_wconf 83' lang='lat' dir='ltr'><em>viduo,</em></span> <span class='ocrx_word' id='word_1_318' title='bbox 1474 3094 1547 3193; x_wconf 82' lang='lat' dir='ltr'><em>stoc</em></span> <span class='ocrx_word' id='word_1_319' title='bbox 1568 3087 1727 3165; x_wconf 82' lang='lat' dir='ltr'><em>monialis</em></span> <span class='ocrx_word' id='word_1_320' title='bbox 1740 3093 1813 3190; x_wconf 85' lang='lat' dir='ltr'><em>stt,</em></span> <span class='ocrx_word' id='word_1_321' title='bbox 1846 3093 1968 3167; x_wconf 84' lang='lat' dir='ltr'><em>inuitis</em></span> 
     </span>
    </p>
   </div>
   <div class='ocr_carea' id='block_1_5' title="bbox 279 3187 2101 3291">
    <p class='ocr_par' dir='ltr' id='par_1_8' title="bbox 279 3187 2101 3291">
     <span class='ocr_line' id='line_1_27' title="bbox 279 3187 2101 3291; baseline -0.003 -23"><span class='ocrx_word' id='word_1_322' title='bbox 279 3191 342 3268; x_wconf 79' lang='lat' dir='ltr'><em>rel</em></span> <span class='ocrx_word' id='word_1_323' title='bbox 361 3217 381 3264; x_wconf 82' lang='lat' dir='ltr'><em>r</em></span> <span class='ocrx_word' id='word_1_324' title='bbox 400 3191 623 3288; x_wconf 73' lang='lat' dir='ltr'><em>parentibus,</em></span> <span class='ocrx_word' id='word_1_325' title='bbox 644 3191 698 3263; x_wconf 82' lang='lat' dir='ltr'><em>vel</em></span> <span class='ocrx_word' id='word_1_326' title='bbox 718 3192 761 3262; x_wconf 82' lang='lat' dir='ltr'><em>rb</em></span> <span class='ocrx_word' id='word_1_327' title='bbox 778 3215 835 3274; x_wconf 88' lang='lat' dir='ltr'><em>eo,</em></span> <span class='ocrx_word' id='word_1_328' title='bbox 859 3193 917 3288; x_wconf 82' lang='lat' dir='ltr'><em>qui</em></span> <span class='ocrx_word' id='word_1_329' title='bbox 938 3190 1116 3290; x_wconf 74' lang='lat' dir='ltr'><em>desponso-</em></span> <span class='ocrx_word' id='word_1_330' title='bbox 1140 3189 1228 3275; x_wconf 82' lang='lat' dir='ltr'><em>illis,</em></span> <span class='ocrx_word' id='word_1_331' title='bbox 1253 3213 1390 3286; x_wconf 84' lang='lat' dir='ltr'><em>quorum</em></span> <span class='ocrx_word' id='word_1_332' title='bbox 1405 3192 1441 3263; x_wconf 87' lang='lat' dir='ltr'><em>in</em></span> <span class='ocrx_word' id='word_1_333' title='bbox 1455 3190 1612 3286; x_wconf 69' lang='lat' dir='ltr'><em>proflare</em></span> <span class='ocrx_word' id='word_1_334' title='bbox 1626 3192 1687 3291; x_wconf 79' lang='lat' dir='ltr'><em>cst,</em></span> <span class='ocrx_word' id='word_1_335' title='bbox 1711 3187 1869 3264; x_wconf 86' lang='lat' dir='ltr'><em>libidinis</em></span> <span class='ocrx_word' id='word_1_336' title='bbox 1883 3214 1985 3287; x_wconf 68' lang='lat' dir='ltr'><em>grn-</em></span> <span class='ocrx_word' id='word_1_337' title='bbox 2099 3219 2101 3224; x_wconf 95' lang='lat'>·</span> 
     </span>
    </p>
   </div>
   <div class='ocr_carea' id='block_1_6' title="bbox 276 3285 1966 3485">
    <p class='ocr_par' dir='ltr' id='par_1_9' title="bbox 276 3285 1966 3485">
     <span class='ocr_line' id='line_1_28' title="bbox 276 3285 1966 3366; baseline -0.001 -2"><span class='ocrx_word' id='word_1_338' title='bbox 276 3291 412 3364; x_wconf 75' lang='lat' dir='ltr'><em>¹tionem</em></span> <span class='ocrx_word' id='word_1_339' title='bbox 431 3289 552 3364; x_wconf 80' lang='lat' dir='ltr'><em>ambil.</em></span> <span class='ocrx_word' id='word_1_340' title='bbox 602 3293 632 3362; x_wconf 90' lang='lat' dir='ltr'><em>Si</em></span> <span class='ocrx_word' id='word_1_341' title='bbox 652 3285 727 3361; x_wconf 79' lang='lat' dir='ltr'><em>casu</em></span> <span class='ocrx_word' id='word_1_342' title='bbox 740 3286 880 3362; x_wconf 84' lang='lat' dir='ltr'><em>fortuito</em></span> <span class='ocrx_word' id='word_1_343' title='bbox 894 3291 1054 3366; x_wconf 86' lang='lat' dir='ltr'><em>divinitus</em></span> <span class='ocrx_word' id='word_1_344' title='bbox 1065 3296 1116 3363; x_wconf 88' lang='lat' dir='ltr'><em>in·</em></span> <span class='ocrx_word' id='word_1_345' title='bbox 1139 3289 1190 3363; x_wconf 80' lang='lat' dir='ltr'><em>lio</em></span> <span class='ocrx_word' id='word_1_346' title='bbox 1204 3286 1352 3363; x_wconf 66' lang='lat' dir='ltr'><em>abrincis</em></span> <span class='ocrx_word' id='word_1_347' title='bbox 1402 3293 1502 3363; x_wconf 83' lang='lat' dir='ltr'><em>Circe</em></span> <span class='ocrx_word' id='word_1_348' title='bbox 1523 3313 1600 3360; x_wconf 88' lang='lat' dir='ltr'><em>eum</em></span> <span class='ocrx_word' id='word_1_349' title='bbox 1619 3293 1764 3362; x_wconf 87' lang='lat' dir='ltr'><em>notrndr</em></span> <span class='ocrx_word' id='word_1_350' title='bbox 1789 3289 1863 3362; x_wconf 88' lang='lat' dir='ltr'><em>sunt</em></span> <span class='ocrx_word' id='word_1_351' title='bbox 1885 3294 1966 3363; x_wconf 84' lang='lat' dir='ltr'><em>tria:</em></span> 
     </span>
     <span class='ocr_line' id='line_1_29' title="bbox 280 3382 1966 3485; baseline 0 -23"><span class='ocrx_word' id='word_1_352' title='bbox 280 3389 433 3462; x_wconf 72' lang='lat' dir='ltr'><em>mtir‘tur</em></span> <span class='ocrx_word' id='word_1_353' title='bbox 457 3412 591 3476; x_wconf 83' lang='lat' dir='ltr'><em>metus,</em></span> <span class='ocrx_word' id='word_1_354' title='bbox 627 3386 783 3459; x_wconf 83' lang='lat' dir='ltr'><em>videlicet</em></span> <span class='ocrx_word' id='word_1_355' title='bbox 805 3386 829 3459; x_wconf 81' lang='lat' dir='ltr'><em>st</em></span> <span class='ocrx_word' id='word_1_356' title='bbox 850 3391 923 3477; x_wconf 85' lang='lat' dir='ltr'><em>quis</em></span> <span class='ocrx_word' id='word_1_357' title='bbox 944 3393 1115 3462; x_wconf 70' lang='lat' dir='ltr'><em>matrimo-</em></span> <span class='ocrx_word' id='word_1_358' title='bbox 1144 3398 1188 3482; x_wconf 88' lang='lat' dir='ltr'><em>r.)</em></span> <span class='ocrx_word' id='word_1_359' title='bbox 1227 3385 1422 3485; x_wconf 79' lang='lat' dir='ltr'><em>Objcilum,</em></span> <span class='ocrx_word' id='word_1_360' title='bbox 1462 3389 1496 3460; x_wconf 90' lang='lat' dir='ltr'><em>in</em></span> <span class='ocrx_word' id='word_1_361' title='bbox 1524 3386 1644 3475; x_wconf 82' lang='lat' dir='ltr'><em>quibus</em></span> <span class='ocrx_word' id='word_1_362' title='bbox 1671 3382 1796 3463; x_wconf 88' lang='lat' dir='ltr'><em>scilicet</em></span> <span class='ocrx_word' id='word_1_363' title='bbox 1817 3385 1966 3480; x_wconf 74' lang='lat' dir='ltr'><em>personis</em></span> 
     </span>
    </p>
   </div>
   <div class='ocr_carea' id='block_1_7' title="bbox 280 3482 2132 3577">
    <p class='ocr_par' dir='ltr' id='par_1_10' title="bbox 280 3482 2132 3577">
     <span class='ocr_line' id='line_1_30' title="bbox 280 3482 2132 3577; baseline -0.001 -17"><span class='ocrx_word' id='word_1_364' title='bbox 280 3491 380 3560; x_wconf 88' lang='lat' dir='ltr'><em>nium</em></span> <span class='ocrx_word' id='word_1_365' title='bbox 399 3489 577 3577; x_wconf 77' lang='lat' dir='ltr'><em>promittat</em></span> <span class='ocrx_word' id='word_1_366' title='bbox 593 3489 628 3558; x_wconf 90' lang='lat' dir='ltr'><em>in</em></span> <span class='ocrx_word' id='word_1_367' title='bbox 652 3482 841 3558; x_wconf 80' lang='lat' dir='ltr'><em>discrimine</em></span> <span class='ocrx_word' id='word_1_368' title='bbox 857 3485 960 3570; x_wconf 87' lang='lat' dir='ltr'><em>belli,</em></span> <span class='ocrx_word' id='word_1_369' title='bbox 981 3484 1113 3560; x_wconf 79' lang='lat' dir='ltr'><em>naufra-</em></span> <span class='ocrx_word' id='word_1_370' title='bbox 1137 3489 1506 3576; x_wconf 83' lang='lat' dir='ltr'><em>rupturcommittrtur.</em></span> <span class='ocrx_word' id='word_1_371' title='bbox 1548 3489 1742 3576; x_wconf 78' lang='lat' dir='ltr'><em>Rrpiuntur</em></span> <span class='ocrx_word' id='word_1_372' title='bbox 1754 3513 1821 3560; x_wconf 88' lang='lat' dir='ltr'><em>non</em></span> <span class='ocrx_word' id='word_1_373' title='bbox 1836 3511 1966 3573; x_wconf 81' lang='lat' dir='ltr'><em>tuntum</em></span> <span class='ocrx_word' id='word_1_374' title='bbox 2093 3531 2132 3553; x_wconf 60' lang='grc' dir='ltr'><em>ι,</em></span> 
     </span>
    </p>
   </div>
   <div class='ocr_carea' id='block_1_8' title="bbox 274 3581 2042 5158">
    <p class='ocr_par' dir='ltr' id='par_1_11' title="bbox 274 3581 2042 5158">
     <span class='ocr_line' id='line_1_31' title="bbox 278 3581 1964 3678; baseline 0.001 -20"><span class='ocrx_word' id='word_1_375' title='bbox 278 3588 356 3678; x_wconf 71' lang='lat' dir='ltr'><em>gii,</em></span> <span class='ocrx_word' id='word_1_376' title='bbox 383 3589 507 3676; x_wconf 77' lang='lat' dir='ltr'><em>peliis,</em></span> <span class='ocrx_word' id='word_1_377' title='bbox 531 3586 670 3665; x_wconf 87' lang='lat' dir='ltr'><em>mortis,</em></span> <span class='ocrx_word' id='word_1_378' title='bbox 699 3585 896 3672; x_wconf 82' lang='lat' dir='ltr'><em>direptionis</em></span> <span class='ocrx_word' id='word_1_379' title='bbox 921 3585 1112 3678; x_wconf 85' lang='lat' dir='ltr'><em>bonorum,</em></span> <span class='ocrx_word' id='word_1_380' title='bbox 1135 3581 1277 3674; x_wconf 68' lang='lat' dir='ltr'><em>puella,</em></span> <span class='ocrx_word' id='word_1_381' title='bbox 1304 3588 1451 3676; x_wconf 79' lang='lat' dir='ltr'><em>virgines</em></span> <span class='ocrx_word' id='word_1_382' title='bbox 1466 3585 1607 3656; x_wconf 84' lang='lat' dir='ltr'><em>honesiae</em></span> <span class='ocrx_word' id='word_1_383' title='bbox 1628 3581 1680 3657; x_wconf 80' lang='lat' dir='ltr'><em>vel</em></span> <span class='ocrx_word' id='word_1_384' title='bbox 1697 3587 1872 3675; x_wconf 71' lang='lat' dir='ltr'><em>ingenue,</em></span> <span class='ocrx_word' id='word_1_385' title='bbox 1898 3585 1964 3660; x_wconf 85' lang='lat' dir='ltr'><em>five</em></span> 
     </span>
     <span class='ocr_line' id='line_1_32' title="bbox 274 3679 1967 3774; baseline -0.002 -16"><span class='ocrx_word' id='word_1_386' title='bbox 274 3695 354 3758; x_wconf 67' lang='lat' dir='ltr'><em>‘dem</em></span> <span class='ocrx_word' id='word_1_387' title='bbox 384 3706 465 3756; x_wconf 85' lang='lat' dir='ltr'><em>tunc</em></span> <span class='ocrx_word' id='word_1_388' title='bbox 492 3679 650 3774; x_wconf 77' lang='lat' dir='ltr'><em>sponsalia</em></span> <span class='ocrx_word' id='word_1_389' title='bbox 678 3707 746 3753; x_wconf 89' lang='lat' dir='ltr'><em>non</em></span> <span class='ocrx_word' id='word_1_390' title='bbox 776 3685 961 3757; x_wconf 89' lang='lat' dir='ltr'><em>redduntur</em></span> <span class='ocrx_word' id='word_1_391' title='bbox 991 3685 1114 3767; x_wconf 82' lang='lat' dir='ltr'><em>irritu,</em></span> <span class='ocrx_word' id='word_1_392' title='bbox 1137 3692 1203 3770; x_wconf 79' lang='lat' dir='ltr'><em>itm</em></span> <span class='ocrx_word' id='word_1_393' title='bbox 1225 3679 1424 3774; x_wconf 73' lang='lat' dir='ltr'><em>desponsatio</em></span> <span class='ocrx_word' id='word_1_394' title='bbox 1446 3680 1583 3764; x_wconf 89' lang='lat' dir='ltr'><em>fuerint,</em></span> <span class='ocrx_word' id='word_1_395' title='bbox 1598 3680 1664 3753; x_wconf 78' lang='lat' dir='ltr'><em>five</em></span> <span class='ocrx_word' id='word_1_396' title='bbox 1680 3706 1760 3768; x_wconf 87' lang='lat' dir='ltr'><em>non,</em></span> <span class='ocrx_word' id='word_1_397' title='bbox 1783 3682 1835 3756; x_wconf 86' lang='lat' dir='ltr'><em>vel</em></span> <span class='ocrx_word' id='word_1_398' title='bbox 1850 3682 1967 3772; x_wconf 70' lang='lat' dir='ltr'><em>quali·</em></span> 
     </span>
     <span class='ocr_line' id='line_1_33' title="bbox 280 3777 1960 3871; baseline -0.001 -18"><span class='ocrx_word' id='word_1_399' title='bbox 280 3785 365 3868; x_wconf 68' lang='lat' dir='ltr'><em>qnia</em></span> <span class='ocrx_word' id='word_1_400' title='bbox 381 3785 409 3856; x_wconf 85' lang='lat' dir='ltr'><em>ir</em></span> <span class='ocrx_word' id='word_1_401' title='bbox 428 3790 536 3856; x_wconf 82' lang='lat' dir='ltr'><em>metus</em></span> <span class='ocrx_word' id='word_1_402' title='bbox 553 3785 595 3854; x_wconf 80' lang='lat' dir='ltr'><em>ad</em></span> <span class='ocrx_word' id='word_1_403' title='bbox 617 3780 712 3852; x_wconf 87' lang='lat' dir='ltr'><em>illum</em></span> <span class='ocrx_word' id='word_1_404' title='bbox 732 3783 843 3853; x_wconf 78' lang='lat' dir='ltr'><em>ocium</em></span> <span class='ocrx_word' id='word_1_405' title='bbox 867 3780 1046 3871; x_wconf 78' lang='lat' dir='ltr'><em>sponsionis</em></span> <span class='ocrx_word' id='word_1_406' title='bbox 1064 3782 1114 3856; x_wconf 87' lang='lat' dir='ltr'><em>es.</em></span> <span class='ocrx_word' id='word_1_407' title='bbox 1138 3781 1197 3857; x_wconf 84' lang='lat' dir='ltr'><em>bet</em></span> <span class='ocrx_word' id='word_1_408' title='bbox 1209 3783 1317 3853; x_wconf 74' lang='lat' dir='ltr'><em>vidue</em></span> <span class='ocrx_word' id='word_1_409' title='bbox 1331 3780 1582 3860; x_wconf 76' lang='lat' dir='ltr'><em>foeminae,licet</em></span> <span class='ocrx_word' id='word_1_410' title='bbox 1601 3777 1776 3867; x_wconf 70' lang='lat' dir='ltr'><em>liberum,</em></span> <span class='ocrx_word' id='word_1_411' title='bbox 1791 3780 1846 3860; x_wconf 86' lang='lat' dir='ltr'><em>rel</em></span> <span class='ocrx_word' id='word_1_412' title='bbox 1859 3779 1960 3855; x_wconf 77' lang='lat' dir='ltr'><em>servz</em></span> 
     </span>
     <span class='ocr_line' id='line_1_34' title="bbox 280 3874 1965 3974; baseline 0 -21"><span class='ocrx_word' id='word_1_413' title='bbox 280 3875 464 3954; x_wconf 68' lang='lat' dir='ltr'><em>sciendum</em></span> <span class='ocrx_word' id='word_1_414' title='bbox 482 3906 548 3952; x_wconf 87' lang='lat' dir='ltr'><em>non</em></span> <span class='ocrx_word' id='word_1_415' title='bbox 564 3883 612 3952; x_wconf 85' lang='lat' dir='ltr'><em>eli</em></span> <span class='ocrx_word' id='word_1_416' title='bbox 634 3904 652 3949; x_wconf 80' lang='lat' dir='ltr'><em>u</em></span> <span class='ocrx_word' id='word_1_417' title='bbox 674 3885 749 3951; x_wconf 87' lang='lat' dir='ltr'><em>Deo</em></span> <span class='ocrx_word' id='word_1_418' title='bbox 764 3879 886 3952; x_wconf 79' lang='lat' dir='ltr'><em>illutus.</em></span> <span class='ocrx_word' id='word_1_419' title='bbox 948 3883 981 3954; x_wconf 85' lang='lat' dir='ltr'><em>si</em></span> <span class='ocrx_word' id='word_1_420' title='bbox 1007 3885 1115 3974; x_wconf 78' lang='lat' dir='ltr'><em>mugi.</em></span> <span class='ocrx_word' id='word_1_421' title='bbox 1137 3881 1252 3952; x_wconf 80' lang='lat' dir='ltr'><em>clienae</em></span> <span class='ocrx_word' id='word_1_422' title='bbox 1272 3880 1353 3958; x_wconf 81' lang='lat' dir='ltr'><em>snt,</em></span> <span class='ocrx_word' id='word_1_423' title='bbox 1379 3874 1552 3952; x_wconf 78' lang='lat' dir='ltr'><em>sedetiam</em></span> <span class='ocrx_word' id='word_1_424' title='bbox 1572 3900 1685 3969; x_wconf 72' lang='lat' dir='ltr'><em>nupt:</em></span> <span class='ocrx_word' id='word_1_425' title='bbox 1700 3880 1868 3962; x_wconf 84' lang='lat' dir='ltr'><em>mulieres,</em></span> <span class='ocrx_word' id='word_1_426' title='bbox 1882 3905 1965 3969; x_wconf 83' lang='lat' dir='ltr'><em>qur·</em></span> 
     </span>
     <span class='ocr_line' id='line_1_35' title="bbox 281 3976 1963 4072; baseline 0.001 -20"><span class='ocrx_word' id='word_1_427' title='bbox 281 3981 404 4052; x_wconf 78' lang='lat' dir='ltr'><em>iltutus</em></span> <span class='ocrx_word' id='word_1_428' title='bbox 418 3983 588 4070; x_wconf 87' lang='lat' dir='ltr'><em>potentior</em></span> <span class='ocrx_word' id='word_1_429' title='bbox 609 3999 737 4049; x_wconf 88' lang='lat' dir='ltr'><em>metum</em></span> <span class='ocrx_word' id='word_1_430' title='bbox 753 3980 893 4051; x_wconf 79' lang='lat' dir='ltr'><em>incutiat</em></span> <span class='ocrx_word' id='word_1_431' title='bbox 910 4027 921 4060; x_wconf 90' lang='lat'><em>,</em></span> <span class='ocrx_word' id='word_1_432' title='bbox 953 3983 988 4053; x_wconf 91' lang='lat' dir='ltr'><em>in</em></span> <span class='ocrx_word' id='word_1_433' title='bbox 1011 3991 1112 4072; x_wconf 75' lang='lat' dir='ltr'><em>majo·</em></span> <span class='ocrx_word' id='word_1_434' title='bbox 1137 4003 1214 4051; x_wconf 87' lang='lat' dir='ltr'><em>rum</em></span> <span class='ocrx_word' id='word_1_435' title='bbox 1227 4000 1378 4066; x_wconf 81' lang='lat' dir='ltr'><em>ruptores</em></span> <span class='ocrx_word' id='word_1_436' title='bbox 1400 3976 1526 4067; x_wconf 88' lang='lat' dir='ltr'><em>duplici</em></span> <span class='ocrx_word' id='word_1_437' title='bbox 1546 3998 1702 4051; x_wconf 86' lang='lat' dir='ltr'><em>tenentur</em></span> <span class='ocrx_word' id='word_1_438' title='bbox 1720 3981 1879 4068; x_wconf 87' lang='lat' dir='ltr'><em>crimine,</em></span> <span class='ocrx_word' id='word_1_439' title='bbox 1894 4002 1963 4054; x_wconf 84' lang='lat' dir='ltr'><em>tum</em></span> 
     </span>
     <span class='ocr_line' id='line_1_36' title="bbox 278 4071 1964 4174; baseline 0 -22"><span class='ocrx_word' id='word_1_440' title='bbox 278 4078 378 4152; x_wconf 83' lang='lat' dir='ltr'><em>ribus</em></span> <span class='ocrx_word' id='word_1_441' title='bbox 393 4076 572 4152; x_wconf 88' lang='lat' dir='ltr'><em>hrbebitur</em></span> <span class='ocrx_word' id='word_1_442' title='bbox 584 4079 687 4168; x_wconf 81' lang='lat' dir='ltr'><em>juiius</em></span> <span class='ocrx_word' id='word_1_443' title='bbox 704 4099 834 4159; x_wconf 78' lang='lat' dir='ltr'><em>metuo,</em></span> <span class='ocrx_word' id='word_1_444' title='bbox 857 4102 924 4158; x_wconf 81' lang='lat' dir='ltr'><em>non</em></span> <span class='ocrx_word' id='word_1_445' title='bbox 944 4081 1062 4152; x_wconf 61' lang='lat' dir='ltr'><em>&#39;nutem‘</em></span> <span class='ocrx_word' id='word_1_446' title='bbox 1078 4083 1112 4152; x_wconf 91' lang='lat' dir='ltr'><em>in</em></span> <span class='ocrx_word' id='word_1_447' title='bbox 1136 4076 1289 4151; x_wconf 74' lang='lat' dir='ltr'><em>adulterii</em></span> <span class='ocrx_word' id='word_1_448' title='bbox 1305 4071 1439 4163; x_wconf 85' lang='lat' dir='ltr'><em>scilicet,</em></span> <span class='ocrx_word' id='word_1_449' title='bbox 1453 4101 1552 4166; x_wconf 81' lang='lat' dir='ltr'><em>quum</em></span> <span class='ocrx_word' id='word_1_450' title='bbox 1568 4098 1723 4164; x_wconf 70' lang='lat' dir='ltr'><em>rupture.</em></span> <span class='ocrx_word' id='word_1_451' title='bbox 1776 4080 1873 4174; x_wconf 90' lang='lat' dir='ltr'><em>Quin</em></span> <span class='ocrx_word' id='word_1_452' title='bbox 1892 4081 1964 4152; x_wconf 90' lang='lat' dir='ltr'><em>imo</em></span> 
     </span>
     <span class='ocr_line' id='line_1_37' title="bbox 282 4172 1963 4272; baseline 0 -22"><span class='ocrx_word' id='word_1_453' title='bbox 282 4176 484 4252; x_wconf 79' lang='lat' dir='ltr'><em>minoribus.</em></span> <span class='ocrx_word' id='word_1_454' title='bbox 531 4178 566 4250; x_wconf 88' lang='lat' dir='ltr'><em>Si</em></span> <span class='ocrx_word' id='word_1_455' title='bbox 579 4198 733 4265; x_wconf 76' lang='lat' dir='ltr'><em>potentes</em></span> <span class='ocrx_word' id='word_1_456' title='bbox 752 4197 878 4248; x_wconf 87' lang='lat' dir='ltr'><em>metum</em></span> <span class='ocrx_word' id='word_1_457' title='bbox 890 4173 1049 4259; x_wconf 82' lang='lat' dir='ltr'><em>inserant,</em></span> <span class='ocrx_word' id='word_1_458' title='bbox 1061 4179 1113 4250; x_wconf 90' lang='lat' dir='ltr'><em>iti·</em></span> <span class='ocrx_word' id='word_1_459' title='bbox 1137 4180 1171 4249; x_wconf 91' lang='lat' dir='ltr'><em>in</em></span> <span class='ocrx_word' id='word_1_460' title='bbox 1198 4179 1372 4267; x_wconf 80' lang='lat' dir='ltr'><em>proprium</em></span> <span class='ocrx_word' id='word_1_461' title='bbox 1396 4178 1496 4251; x_wconf 83' lang='lat' dir='ltr'><em>etiem</em></span> <span class='ocrx_word' id='word_1_462' title='bbox 1517 4172 1678 4272; x_wconf 74' lang='lat' dir='ltr'><em>sponsum</em></span> <span class='ocrx_word' id='word_1_463' title='bbox 1698 4198 1813 4266; x_wconf 81' lang='lat' dir='ltr'><em>ruptus</em></span> <span class='ocrx_word' id='word_1_464' title='bbox 1833 4180 1963 4252; x_wconf 89' lang='lat' dir='ltr'><em>crimen</em></span> 
     </span>
     <span class='ocr_line' id='line_1_38' title="bbox 284 4271 1962 4373; baseline 0 -23"><span class='ocrx_word' id='word_1_465' title='bbox 284 4281 364 4350; x_wconf 86' lang='lat' dir='ltr'><em>dem</em></span> <span class='ocrx_word' id='word_1_466' title='bbox 385 4278 657 4367; x_wconf 75' lang='lat' dir='ltr'><em>distinguendum</em></span> <span class='ocrx_word' id='word_1_467' title='bbox 687 4277 776 4347; x_wconf 87' lang='lat' dir='ltr'><em>inter</em></span> <span class='ocrx_word' id='word_1_468' title='bbox 813 4275 1112 4366; x_wconf 59' lang='lat' dir='ltr'><em>minaturum,</em></span> <span class='ocrx_word' id='word_1_469' title='bbox 1135 4277 1300 4348; x_wconf 79' lang='lat' dir='ltr'><em>committi</em></span> <span class='ocrx_word' id='word_1_470' title='bbox 1317 4277 1436 4364; x_wconf 84' lang='lat' dir='ltr'><em>poteli.</em></span> <span class='ocrx_word' id='word_1_471' title='bbox 1470 4272 1494 4346; x_wconf 91' lang='grc'><em>1.</em></span> <span class='ocrx_word' id='word_1_472' title='bbox 1523 4271 1700 4372; x_wconf 79' lang='lat' dir='ltr'><em>Ropiorm.</em></span> <span class='ocrx_word' id='word_1_473' title='bbox 1734 4271 1774 4350; x_wconf 85' lang='lat' dir='ltr'><em>C.</em></span> <span class='ocrx_word' id='word_1_474' title='bbox 1801 4275 1843 4348; x_wconf 85' lang='lat' dir='ltr'><em>de</em></span> <span class='ocrx_word' id='word_1_475' title='bbox 1870 4287 1962 4373; x_wconf 66' lang='grc' dir='ltr'><em>παρτ.</em></span> 
     </span>
     <span class='ocr_line' id='line_1_39' title="bbox 285 4370 1964 4467; baseline -0.001 -20"><span class='ocrx_word' id='word_1_476' title='bbox 285 4372 443 4464; x_wconf 85' lang='lat' dir='ltr'><em>utpotesr</em></span> <span class='ocrx_word' id='word_1_477' title='bbox 462 4379 626 4455; x_wconf 81' lang='lat' dir='ltr'><em>mortem,</em></span> <span class='ocrx_word' id='word_1_478' title='bbox 645 4373 1112 4459; x_wconf 66' lang='lat' dir='ltr'><em>verberuexhaeredationem,</em></span> <span class='ocrx_word' id='word_1_479' title='bbox 1135 4373 1264 4467; x_wconf 85' lang='lat' dir='ltr'><em>virgin.</em></span> <span class='ocrx_word' id='word_1_480' title='bbox 1315 4370 1513 4450; x_wconf 73' lang='lat' dir='ltr'><em>Merit-ricus</em></span> <span class='ocrx_word' id='word_1_481' title='bbox 1533 4397 1643 4446; x_wconf 78' lang='lat' dir='ltr'><em>nutem</em></span> <span class='ocrx_word' id='word_1_482' title='bbox 1672 4399 1738 4445; x_wconf 89' lang='lat' dir='ltr'><em>non</em></span> <span class='ocrx_word' id='word_1_483' title='bbox 1758 4378 1964 4465; x_wconf 79' lang='lat' dir='ltr'><em>rapiuntur,</em></span> 
     </span>
     <span class='ocr_line' id='line_1_40' title="bbox 282 4467 2031 4566; baseline -0.005 -16"><span class='ocrx_word' id='word_1_484' title='bbox 282 4483 351 4550; x_wconf 76' lang='lat' dir='ltr'><em>&amp;c</em></span> <span class='ocrx_word' id='word_1_485' title='bbox 367 4473 584 4556; x_wconf 70' lang='lat' dir='ltr'><em>discolores,</em></span> <span class='ocrx_word' id='word_1_486' title='bbox 607 4469 630 4544; x_wconf 77' lang='lat' dir='ltr'><em>si</em></span> <span class='ocrx_word' id='word_1_487' title='bbox 650 4493 823 4562; x_wconf 77' lang='lat' dir='ltr'><em>paternum</em></span> <span class='ocrx_word' id='word_1_488' title='bbox 850 4475 1113 4566; x_wconf 81' lang='lat' dir='ltr'><em>indignutionem</em></span> <span class='ocrx_word' id='word_1_489' title='bbox 1136 4467 1190 4543; x_wconf 88' lang='lat' dir='ltr'><em>sed</em></span> <span class='ocrx_word' id='word_1_490' title='bbox 1206 4493 1334 4544; x_wconf 84' lang='lat' dir='ltr'><em>tuntum</em></span> <span class='ocrx_word' id='word_1_491' title='bbox 1351 4475 1382 4544; x_wconf 84' lang='lat' dir='ltr'><em>vi</em></span> <span class='ocrx_word' id='word_1_492' title='bbox 1400 4470 1581 4558; x_wconf 80' lang='lat' dir='ltr'><em>tolluntur,</em></span> <span class='ocrx_word' id='word_1_493' title='bbox 1594 4483 1631 4547; x_wconf 89' lang='lat'>&amp;</span> <span class='ocrx_word' id='word_1_494' title='bbox 1643 4495 1723 4545; x_wconf 90' lang='lat' dir='ltr'><em>tunc</em></span> <span class='ocrx_word' id='word_1_495' title='bbox 1739 4497 1806 4546; x_wconf 89' lang='lat' dir='ltr'><em>non</em></span> <span class='ocrx_word' id='word_1_496' title='bbox 1818 4475 1964 4556; x_wconf 68' lang='lat' dir='ltr'><em>esi-udilo</em></span> <span class='ocrx_word' id='word_1_497' title='bbox 1994 4503 1996 4507; x_wconf 93' lang='lat'>·</span> <span class='ocrx_word' id='word_1_498' title='bbox 2029 4537 2031 4541; x_wconf 87' lang='lat'>.</span> 
     </span>
     <span class='ocr_line' id='line_1_41' title="bbox 283 4565 1962 4661; baseline -0.001 -15"><span class='ocrx_word' id='word_1_499' title='bbox 283 4575 466 4646; x_wconf 83' lang='lat' dir='ltr'><em>minentur.</em></span> <span class='ocrx_word' id='word_1_500' title='bbox 540 4575 633 4644; x_wconf 77' lang='lat' dir='ltr'><em>[dem</em></span> <span class='ocrx_word' id='word_1_501' title='bbox 666 4574 829 4656; x_wconf 83' lang='lat' dir='ltr'><em>judicium</em></span> <span class='ocrx_word' id='word_1_502' title='bbox 859 4577 903 4644; x_wconf 87' lang='lat' dir='ltr'><em>de</em></span> <span class='ocrx_word' id='word_1_503' title='bbox 931 4573 1112 4652; x_wconf 81' lang='lat' dir='ltr'><em>violentia,</em></span> <span class='ocrx_word' id='word_1_504' title='bbox 1135 4589 1274 4658; x_wconf 82' lang='lat' dir='ltr'><em>ruptus,</em></span> <span class='ocrx_word' id='word_1_505' title='bbox 1295 4565 1350 4644; x_wconf 90' lang='lat' dir='ltr'><em>sed</em></span> <span class='ocrx_word' id='word_1_506' title='bbox 1374 4592 1502 4644; x_wconf 80' lang='lat' dir='ltr'><em>tuntum</em></span> <span class='ocrx_word' id='word_1_507' title='bbox 1522 4571 1731 4661; x_wconf 63' lang='lat' dir='ltr'><em>injuriarum.</em></span> <span class='ocrx_word' id='word_1_508' title='bbox 1794 4577 1844 4656; x_wconf 88' lang='lat'><em>2.)</em></span> <span class='ocrx_word' id='word_1_509' title='bbox 1875 4567 1962 4647; x_wconf 81' lang='lat' dir='ltr'><em>For-</em></span> 
     </span>
     <span class='ocr_line' id='line_1_42' title="bbox 283 4664 1962 4763; baseline -0.002 -17"><span class='ocrx_word' id='word_1_510' title='bbox 283 4697 387 4763; x_wconf 78' lang='lat' dir='ltr'><em>quum</em></span> <span class='ocrx_word' id='word_1_511' title='bbox 404 4695 529 4762; x_wconf 86' lang='lat' dir='ltr'><em>procus</em></span> <span class='ocrx_word' id='word_1_512' title='bbox 547 4671 601 4742; x_wconf 86' lang='lat' dir='ltr'><em>uel</em></span> <span class='ocrx_word' id='word_1_513' title='bbox 621 4694 685 4760; x_wconf 83' lang='lat' dir='ltr'><em>per</em></span> <span class='ocrx_word' id='word_1_514' title='bbox 701 4664 810 4758; x_wconf 87' lang='lat' dir='ltr'><em>ipsum</em></span> <span class='ocrx_word' id='word_1_515' title='bbox 825 4672 1035 4753; x_wconf 75' lang='lat' dir='ltr'><em>immediate,</em></span> <span class='ocrx_word' id='word_1_516' title='bbox 1057 4669 1112 4742; x_wconf 87' lang='lat' dir='ltr'><em>vel</em></span> <span class='ocrx_word' id='word_1_517' title='bbox 1136 4689 1202 4739; x_wconf 90' lang='lat' dir='ltr'><em>mo.</em></span> <span class='ocrx_word' id='word_1_518' title='bbox 1252 4672 1383 4758; x_wconf 75' lang='lat' dir='ltr'><em>Raptus</em></span> <span class='ocrx_word' id='word_1_519' title='bbox 1390 4669 1643 4758; x_wconf 81' lang='lat' dir='ltr'><em>committitur,</em></span> <span class='ocrx_word' id='word_1_520' title='bbox 1661 4666 1683 4742; x_wconf 84' lang='lat' dir='ltr'><em>st</em></span> <span class='ocrx_word' id='word_1_521' title='bbox 1701 4672 1864 4759; x_wconf 79' lang='lat' dir='ltr'><em>ejusmodi</em></span> <span class='ocrx_word' id='word_1_522' title='bbox 1880 4696 1962 4763; x_wconf 80' lang='lat' dir='ltr'><em>per·</em></span> 
     </span>
     <span class='ocr_line' id='line_1_43' title="bbox 285 4762 2042 4862; baseline -0.001 -17"><span class='ocrx_word' id='word_1_523' title='bbox 285 4795 350 4862; x_wconf 82' lang='lat' dir='ltr'><em>per</em></span> <span class='ocrx_word' id='word_1_524' title='bbox 365 4769 469 4844; x_wconf 82' lang='lat' dir='ltr'><em>elium</em></span> <span class='ocrx_word' id='word_1_525' title='bbox 481 4772 626 4845; x_wconf 73' lang='lat' dir='ltr'><em>mediate</em></span> <span class='ocrx_word' id='word_1_526' title='bbox 640 4765 756 4842; x_wconf 85' lang='lat' dir='ltr'><em>infert.</em></span> <span class='ocrx_word' id='word_1_527' title='bbox 806 4772 1000 4840; x_wconf 78' lang='lat' dir='ltr'><em>Notandum</em></span> <span class='ocrx_word' id='word_1_528' title='bbox 1012 4769 1112 4840; x_wconf 80' lang='lat' dir='ltr'><em>etium</em></span> <span class='ocrx_word' id='word_1_529' title='bbox 1136 4762 1221 4837; x_wconf 78' lang='lat' dir='ltr'><em>sonae</em></span> <span class='ocrx_word' id='word_1_530' title='bbox 1245 4788 1446 4840; x_wconf 73' lang='lat' dir='ltr'><em>enumerate</em></span> <span class='ocrx_word' id='word_1_531' title='bbox 1465 4795 1485 4840; x_wconf 95' lang='lat' dir='ltr'><em>e</em></span> <span class='ocrx_word' id='word_1_532' title='bbox 1505 4769 1650 4844; x_wconf 79' lang='lat' dir='ltr'><em>custodit</em></span> <span class='ocrx_word' id='word_1_533' title='bbox 1668 4792 1871 4860; x_wconf 84' lang='lat' dir='ltr'><em>petentum,</em></span> <span class='ocrx_word' id='word_1_534' title='bbox 1903 4769 1960 4844; x_wconf 86' lang='lat' dir='ltr'><em>vel</em></span> <span class='ocrx_word' id='word_1_535' title='bbox 2037 4807 2042 4816; x_wconf 95' lang='lat'>·</span> 
     </span>
     <span class='ocr_line' id='line_1_44' title="bbox 282 4863 1959 4958; baseline -0.002 -16"><span class='ocrx_word' id='word_1_536' title='bbox 282 4869 387 4953; x_wconf 90' lang='lat' dir='ltr'><em>iilud,</em></span> <span class='ocrx_word' id='word_1_537' title='bbox 407 4874 510 4958; x_wconf 67' lang='lat' dir='ltr'><em>⁴quod</em></span> <span class='ocrx_word' id='word_1_538' title='bbox 535 4864 668 4958; x_wconf 88' lang='lat' dir='ltr'><em>semper</em></span> <span class='ocrx_word' id='word_1_539' title='bbox 689 4864 863 4937; x_wconf 76' lang='lat' dir='ltr'><em>habendus</em></span> <span class='ocrx_word' id='word_1_540' title='bbox 883 4866 921 4939; x_wconf 83' lang='lat' dir='ltr'><em>stt</em></span> <span class='ocrx_word' id='word_1_541' title='bbox 946 4863 1114 4957; x_wconf 70' lang='lat' dir='ltr'><em>respersus</em></span> <span class='ocrx_word' id='word_1_542' title='bbox 1136 4887 1297 4948; x_wconf 85' lang='lat' dir='ltr'><em>tutorum,</em></span> <span class='ocrx_word' id='word_1_543' title='bbox 1316 4863 1643 4956; x_wconf 80' lang='lat' dir='ltr'><em>relcurrtorum,vel</em></span> <span class='ocrx_word' id='word_1_544' title='bbox 1657 4889 1887 4957; x_wconf 76' lang='lat' dir='ltr'><em>patronorum,</em></span> <span class='ocrx_word' id='word_1_545' title='bbox 1901 4870 1959 4942; x_wconf 85' lang='lat' dir='ltr'><em>rei</em></span> 
     </span>
     <span class='ocr_line' id='line_1_45' title="bbox 285 4962 1960 5057; baseline -0.004 -15"><span class='ocrx_word' id='word_1_546' title='bbox 285 4993 354 5042; x_wconf 84' lang='lat' dir='ltr'><em>non</em></span> <span class='ocrx_word' id='word_1_547' title='bbox 369 4966 479 5042; x_wconf 85' lang='lat' dir='ltr'><em>solum</em></span> <span class='ocrx_word' id='word_1_548' title='bbox 496 4970 539 5040; x_wconf 79' lang='lat' dir='ltr'><em>td</em></span> <span class='ocrx_word' id='word_1_549' title='bbox 556 4992 630 5050; x_wconf 78' lang='lat' dir='ltr'><em>eos,</em></span> <span class='ocrx_word' id='word_1_550' title='bbox 653 4967 711 5055; x_wconf 86' lang='lat' dir='ltr'><em>qui</em></span> <span class='ocrx_word' id='word_1_551' title='bbox 730 4968 798 5035; x_wconf 88' lang='lat' dir='ltr'><em>vim</em></span> <span class='ocrx_word' id='word_1_552' title='bbox 812 4962 989 5047; x_wconf 78' lang='lat' dir='ltr'><em>inferunt,</em></span> <span class='ocrx_word' id='word_1_553' title='bbox 1021 4975 1056 5038; x_wconf 76' lang='lat' dir='ltr'><em>dt</em></span> <span class='ocrx_word' id='word_1_554' title='bbox 1071 4969 1112 5038; x_wconf 78' lang='lat' dir='ltr'><em>nd</em></span> <span class='ocrx_word' id='word_1_555' title='bbox 1136 4963 1350 5036; x_wconf 87' lang='lat' dir='ltr'><em>dominorum</em></span> <span class='ocrx_word' id='word_1_556' title='bbox 1364 4966 1554 5054; x_wconf 69' lang='lat' dir='ltr'><em>rapiuntur,</em></span> <span class='ocrx_word' id='word_1_557' title='bbox 1575 4989 1611 5036; x_wconf 89' lang='lat' dir='ltr'><em>ut</em></span> <span class='ocrx_word' id='word_1_558' title='bbox 1623 4963 1790 5056; x_wconf 75' lang='lat' dir='ltr'><em>illegitimi</em></span> <span class='ocrx_word' id='word_1_559' title='bbox 1802 4962 1960 5057; x_wconf 75' lang='lat' dir='ltr'><em>congres-</em></span> 
     </span>
     <span class='ocr_line' id='line_1_46' title="bbox 280 5056 1960 5158; baseline -0.004 -16"><span class='ocrx_word' id='word_1_560' title='bbox 280 5069 414 5158; x_wconf 77' lang='lat' dir='ltr'><em>objedic</em></span> <span class='ocrx_word' id='word_1_561' title='bbox 428 5065 497 5140; x_wconf 83' lang='lat' dir='ltr'><em>sive</em></span> <span class='ocrx_word' id='word_1_562' title='bbox 513 5069 644 5148; x_wconf 78' lang='lat' dir='ltr'><em>medic,</em></span> <span class='ocrx_word' id='word_1_563' title='bbox 670 5087 733 5152; x_wconf 85' lang='lat' dir='ltr'><em>per</em></span> <span class='ocrx_word' id='word_1_564' title='bbox 746 5088 819 5150; x_wconf 73' lang='lat' dir='ltr'><em>quur</em></span> <span class='ocrx_word' id='word_1_565' title='bbox 835 5066 883 5134; x_wconf 87' lang='lat' dir='ltr'><em>vis</em></span> <span class='ocrx_word' id='word_1_566' title='bbox 899 5061 1060 5143; x_wconf 84' lang='lat' dir='ltr'><em>insertur,</em></span> <span class='ocrx_word' id='word_1_567' title='bbox 1077 5074 1112 5136; x_wconf 79' lang='lat' dir='ltr'><em>dr</em></span> <span class='ocrx_word' id='word_1_568' title='bbox 1137 5056 1188 5133; x_wconf 84' lang='lat' dir='ltr'><em>sus</em></span> <span class='ocrx_word' id='word_1_569' title='bbox 1202 5082 1436 5152; x_wconf 72' lang='lat' dir='ltr'><em>exerceantur,</em></span> <span class='ocrx_word' id='word_1_570' title='bbox 1455 5061 1521 5136; x_wconf 82' lang='lat' dir='ltr'><em>sure</em></span> <span class='ocrx_word' id='word_1_571' title='bbox 1542 5064 1751 5150; x_wconf 67' lang='lat' dir='ltr'><em>volentibus,</em></span> <span class='ocrx_word' id='word_1_572' title='bbox 1763 5063 1828 5134; x_wconf 77' lang='lat' dir='ltr'><em>stre</em></span> <span class='ocrx_word' id='word_1_573' title='bbox 1842 5064 1960 5137; x_wconf 85' lang='lat' dir='ltr'><em>nolen-</em></span> 
     </span>
    </p>
   </div>
   <div class='ocr_carea' id='block_1_9' title="bbox 280 5149 1961 5352">
    <p class='ocr_par' dir='ltr' id='par_1_12' title="bbox 280 5149 1961 5352">
     <span class='ocr_line' id='line_1_47' title="bbox 280 5149 1959 5352; baseline -0.006 -108"><span class='ocrx_word' id='word_1_574' title='bbox 280 5193 426 5265; x_wconf 72' lang='lat' dir='ltr'><em>qucruut</em></span> <span class='ocrx_word' id='word_1_575' title='bbox 444 5190 564 5244; x_wconf 86' lang='lat' dir='ltr'><em>retum</em></span> <span class='ocrx_word' id='word_1_576' title='bbox 583 5163 799 5240; x_wconf 83' lang='lat' dir='ltr'><em>comminutio</em></span> <span class='ocrx_word' id='word_1_577' title='bbox 816 5163 1035 5254; x_wconf 69' lang='lat' dir='ltr'><em>proponitum</em></span> <span class='ocrx_word' id='word_1_578' title='bbox 1056 5156 1115 5238; x_wconf 87' lang='lat' dir='ltr'><em>sed</em></span> <span class='ocrx_word' id='word_1_579' title='bbox 1130 5149 1232 5352; x_wconf 55' lang='lat' dir='ltr'><em>&#39;ringh</em></span> <span class='ocrx_word' id='word_1_580' title='bbox 1253 5157 1475 5252; x_wconf 62' lang='lat' dir='ltr'><em>virginibus,</em></span> <span class='ocrx_word' id='word_1_581' title='bbox 1491 5157 1560 5238; x_wconf 85' lang='lat' dir='ltr'><em>stre</em></span> <span class='ocrx_word' id='word_1_582' title='bbox 1578 5159 1651 5238; x_wconf 75' lang='lat' dir='ltr'><em>eliis</em></span> <span class='ocrx_word' id='word_1_583' title='bbox 1673 5159 1869 5239; x_wconf 64' lang='lat' dir='ltr'><em>muliuibur</em></span> <span class='ocrx_word' id='word_1_584' title='bbox 1881 5163 1959 5337; x_wconf 52' lang='lat' dir='ltr'><em>sude</em></span> 
     </span>
     <span class='ocr_line' id='line_1_48' title="bbox 1254 5281 1961 5349; baseline 0.003 -16"><span class='ocrx_word' id='word_1_585' title='bbox 1254 5281 1272 5349; x_wconf 79' lang='lat'>3</span> <span class='ocrx_word' id='word_1_586' title='bbox 1506 5325 1514 5332; x_wconf 89' lang='lat'><em>.</em></span> <span class='ocrx_word' id='word_1_587' title='bbox 1916 5285 1961 5336; x_wconf 79' lang='lat' dir='ltr'><em>cr·</em></span> 
     </span>
    </p>
   </div>
   <div class='ocr_carea' id='block_1_10' title="bbox 0 0 2446 5984">
    <p class='ocr_par' dir='ltr' id='par_1_13' title="bbox 0 0 2446 5984">
     <span class='ocr_line' id='line_1_49' title="bbox 0 0 2446 5984; baseline 0 3"><span class='ocrx_word' id='word_1_588' title='bbox 0 0 2446 5984; x_wconf 95' lang='lat' dir='ltr'><em> </em></span> 
     </span>
    </p>
   </div>
  </div>
 </body>
</html>
