4884 5984
415 495 485 572 tte
547 477 706 568 ‚noers
732 475 862 551 xxm.
892 473 989 552 err.
1015 475 1061 550 x.
1087 474 1215 555 saer.
1240 477 1299 554 111.
1325 475 1437 553 arr.
1462 478 1506 552 11.
1532 449 1702 555 menta(
1721 411 1765 547 n.
1790 469 1953 546 rimu
1980 473 2009 548 t

413 667 487 766 dige
516 659 742 758 Weibrperfirtt
764 657 943 758 destbltffl,
982 659 1134 759 deleget,
1172 663 1222 733 die
1256 641 2065 751 conc.11.uorrlotrddtitririaord,tdl

413 766 515 862 ledige
533 763 640 834 Dirnr
652 763 728 833 alter
743 755 941 853 oufflrlrbrr
959 761 1037 830 Fatt
1051 762 1110 830 mit
1122 763 1222 832 Steti·
1254 757 1465 854 rotxtopnyei
1483 761 1540 840 ‘tir
1556 750 1664 833 leuet?
1683 752 1828 845 τοῖχον.
1857 745 2063 829 §timim

409 859 622 960 prnsrblogen
640 864 695 931 der
720 863 850 932 Londrs
884 858 1053 952 uerwirsee
1081 865 1220 931 wedre.
1255 856 1306 930 ed
1331 847 1451 930 leutii.
1493 858 1581 930 Nec
1600 858 1644 928 ad
1666 854 1801 938 usum,
1828 852 1888 924 sed
1914 853 1962 923 ad
1981 851 2062 938 alre,

414 959 560 1035 Redius
588 961 701 1055 igitur
726 957 941 1029 adulterium
973 955 1110 1028 didlum
1129 959 1221 1028 iudi·
1257 957 1333 1030 rius
1354 955 1655 1028 thorumaccelsro
1675 951 1973 1024 elladulterium.
2010 950 2063 1020 ln·

417 1056 724 1152 eatur,quods1t
752 1055 872 1126 mariti
899 1057 943 1127 ad
973 1055 1136 1132 alteram,
1163 1057 1222 1128 vel
1259 1055 1301 1126 de
1333 1057 1511 1129 Lutherus
1542 1056 1578 1124 in
1602 1069 1794 1122 comment.
1823 1072 1857 1122 ι.
1881 1045 1967 1119 Cor.
1987 1045 2060 1118 Vll.

416 1157 543 1230 uxoris
554 1158 597 1230 ad
611 1157 773 1232 atterum,
799 1173 910 1246 quam
927 1154 972 1226 ad
986 1155 1131 1225 alterius
1147 1156 1223 1224 tho·
1251 1169 1345 1222 tom.
1366 1153 1409 1229 ll.
1429 1152 1509 1243 Jen.
1536 1151 1660 1224 Germ.
1690 1172 1727 1243 p.
1745 1151 1830 1237 296.
1855 1145 2060 1218 sententiam

416 1251 656 1328 rumaccessro
676 1300 688 1340 ,
709 1274 746 1323 ut
771 1254 835 1322 hac
857 1253 993 1322 ratione
1019 1254 1127 1324 etiam
1155 1252 1224 1322 illi·
1259 1250 1359 1322 illam
1382 1273 1487 1324 vocat
1508 1250 1691 1328 nitricem,
1717 1253 1751 1318 δε
1771 1242 1962 1317 audiorem
1990 1243 2059 1315 eius

419 1354 497 1425 citae
518 1351 768 1424 commixtioni
783 1349 903 1420 mariti
923 1371 1006 1420 cum
1020 1347 1225 1420 solutacon·
1261 1350 1346 1421 dicit
1367 1344 1432 1422 else
1454 1350 1640 1420 hominem
1663 1345 1847 1417 ethnicum
1871 1391 1883 1429 ,
1913 1343 2059 1435 ideoque

418 1449 552 1523 veniat.
605 1447 795 1522 Germanis
819 1447 949 1519 dieitur
969 1447 1164 1538 Etetruct,
1188 1449 1225 1517 id
1250 1447 1289 1541 se
1317 1443 1407 1518 ittam
1428 1472 1553 1542 parem
1577 1469 1719 1527 cature,
1747 1446 1808 1512 ino
1831 1439 1981 1528 adserere
2002 1463 2060 1510 ere

421 1548 496 1634 est,
519 1548 666 1618 violatio
690 1543 869 1624 &stadio
891 1543 974 1616 hdei
1001 1545 1224 1642 cnniugalis,
1258 1541 1448 1641 effetterom.
1500 1546 1665 1617 Pistorius
1689 1545 1726 1614 in
1743 1542 1927 1613 anatomia
1939 1541 2060 1612 Lutbe-

424 1666 504 1741 quae
520 1667 541 1716 a
558 1645 685 1716 marito
705 1641 963 1730 committitur,
990 1643 1013 1714 st
1035 1667 1118 1715 eum
1136 1643 1226 1715 solu·
1260 1645 1292 1714 ri
1312 1643 1349 1714 in
1366 1643 1491 1738 spiritu
1504 1647 1648 1738 primo,
1676 1661 1786 1737 quem
1801 1657 1910 1710 vocat
1921 1640 2062 1734 sor'niee·¹

420 1764 460 1817 ta
479 1764 556 1813 rem
571 1740 687 1813 halset.
738 1744 853 1832 Leges
870 1743 994 1812 civiles
1019 1743 1115 1834 quod
1137 1741 1225 1822 adti-
1259 1745 1406 1821 torittm.
1432 1745 1566 1814 Azoar.
1590 1744 1617 1813 1.
1641 1739 1725 1814 sent.
1741 1758 1803 1831 43.
1825 1740 1895 1807 hoc
1923 1738 2061 1808 nomine

422 1858 508 1926 net,
535 1841 604 1912 illae
624 1840 662 1909 in
683 1838 856 1910 adulterio
880 1836 1081 1910 definiendo
1104 1847 1225 1932 &poe·
1262 1844 1462 1913 Luthetum
1474 1841 1614 1936 pessime
1626 1838 1805 1922 traducit,
1832 1857 1919 1906 cum
1934 1832 2062 1908 semetra

423 1941 483 2010 rtis
511 1938 706 2008 coercendo
735 1958 811 2006 non
845 1934 1062 2008 considerant
1092 1935 1229 2008 vinculi
1265 1938 1321 2010 tiae
1340 1940 1441 2012 illius
1465 1959 1608 2029 autores
1631 1938 1695 2009 sint
1712 1935 1863 2029 quidam
1887 1935 2063 2029 expauit
2102 1949 2105 2022 t

424 2034 625 2130 coniugalis
648 2034 918 2128 diruptionem,
946 2031 1002 2103 sed
1026 2035 1133 2104 alieni
1149 2055 1229 2128 par·
1266 2032 1361 2124 bus,
1388 2060 1544 2131 cumque
1558 2032 2064 2109 eadetnconsentaneasrtnon

424 2154 484 2206 tus
508 2129 811 2216 substitutionem,
839 2153 883 2202 ex
899 2151 970 2225 quo
996 2130 1150 2204 confusio
1177 2130 1229 2204 fa·
1266 2134 1472 2208 ethnicismo
1490 2135 1548 2207 sed
1562 2133 1842 2218 christianismo,
1866 2131 1958 2224 quia
1974 2131 2064 2225 quis-
2103 2147 2104 2156 ¹

424 2232 614 2306 miliarum
625 2229 750 2300 oritur.
787 2233 791 2246 '
1266 2237 1349 2327 quis
1381 2257 1454 2304 non
1489 2252 1564 2305 tam
1591 2237 1636 2308 ad
1664 2231 1901 2312 necessitatem
1931 2230 2063 2316 utitur,

1266 2336 1434 2426 quam-ad
1456 2331 1644 2404 libidinem
1665 2338 1700 2402 &-
1715 2330 1965 2421 voluptatem,
1991 2347 2064 2398 con·

500 2433 530 2510 ς.
556 2421 698 2498 nexu.
747 2424 869 2500 Nimis
892 2428 958 2499 late
980 2425 1147 2502 adulterii
1166 2447 1229 2497 no·
1264 2431 1352 2526 iuge
1367 2430 1549 2516 abutitur,
1578 2453 1652 2501 non
1670 2449 1743 2499 tam
1771 2425 2065 2512 habetuxotem,

425 2543 510 2596 men
530 2523 704 2619 accipitur
732 2523 779 2622 1.)
807 2548 872 2618 pro
894 2530 1102 2600 immoderato
1117 2527 1231 2594 uxoris
1266 2550 1377 2621 quam
1395 2529 1438 2601 ab
1457 2549 1498 2599 ea
1511 2527 1672 2600 habetur.
1705 2525 1807 2620 Resp.
1822 2523 2067 2620 Hieronymus

421 2622 581 2718 proprior
595 2644 704 2692 amore
724 2623 922 2720 eiusdemque
943 2629 986 2696 ad
1003 2625 1162 2698 libidinem
1184 2619 1232 2696 θ’
1267 2624 1403 2699 disertis
1425 2625 1546 2699 verbis
1571 2628 1678 2698 huius
1700 2622 1881 2700 sententiae
1908 2642 2068 2694 autorem

423 2719 589 2814 lasciviant
610 2719 720 2812 abusu.
745 2717 989 2820 Hieronymus
1009 2721 1090 2796 libr.
1103 2723 1130 2792 l.
1148 2743 1244 2792 con-1
1266 2726 1428 2797 nominat
1444 2723 1616 2819 Xystum,
1643 2746 1715 2794 non
1737 2720 1948 2816 episcopum
1971 2721 2068 2794 illurn

426 2839 482 2890 tta
515 2816 760 2908 Jovinianum.
793 2841 822 2890 c.
853 2841 884 2912 5.
920 2821 1063 2894 adducit
1095 2816 1232 2892 dietum
1266 2826 1497 2908 Romanum,
1524 2824 1581 2896 sed
1601 2819 1851 2916 philosophum
1862 2819 2068 2916 pythagori·

305 2977 307 2982 .
424 2914 557 3000 Xtsti,
584 2915 782 3010 philosophi
809 2920 1056 3014 pythagorici:
1085 2918 1233 3006 Adulter
1269 2942 1363 2991 cum.
1414 2922 1586 3006 Quamvis
1608 2941 1695 2990 vero
1718 2936 1860 2989 amator.
1879 2918 2008 2990 uxoris
2020 2939 2069 2989 ar·

425 2942 477 3105 tls
488 3016 522 3082 in
538 3012 640 3108 suom
664 3036 797 3084 uxorem
820 3035 949 3086 amator
968 3020 1143 3108 ardentior.
1191 3015 1233 3085 In
1269 3018 1410 3091 dentior
1429 3019 1466 3088 in
1487 3041 1609 3091 amore
1629 3026 1664 3090 dt
1682 3019 1866 3111 voluptate
1890 3015 2069 3111 coniugali

426 3111 533 3184 aliena
548 3114 662 3207 quippe
682 3136 785 3184 uxore
800 3117 903 3188 omnis
925 3138 1017 3185 umor
1041 3119 1153 3209 turpis
1170 3111 1232 3209 est,
1268 3118 1418 3189 modum
1434 3118 1610 3188 excedens
1623 3134 1767 3210 peccet,
1785 3135 1860 3184 non
1879 3131 2003 3184 tamen
2014 3115 2086 3186 ad·¹

426 3211 567 3303 t‘nsoom
586 3213 716 3283 nimios.
767 3216 1232 3307 Sopimriudiriodrbetamo·
1267 3215 1438 3286 ulterium
1455 3217 1673 3302 committit,
1701 3213 1785 3308 quia
1801 3212 1902 3283 aliud
1916 3209 1965 3282 ell
1983 3212 2019 3283 in
2034 3234 2076 3284 re·

427 3336 463 3382 rr
478 3312 662 3408 coniugem,
687 3336 752 3382 non
768 3311 917 3407 miseria,
943 3339 1007 3383 non
1023 3324 1134 3409 regnet
1150 3315 1182 3381 in
1197 3336 1232 3381 ro
1267 3314 1363 3383 licita
1388 3314 1537 3384 modum
1560 3316 1756 3398 excedere,
1783 3312 1881 3381 aliud
1907 3333 1988 3381 rem
2008 3312 2071 3382 illi·

426 3411 602 3505 voluptatis
621 3412 779 3501 impetur,
805 3436 859 3480 ner
875 3413 1174 3508 proerrpsfrratur
1190 3414 1234 3480 od
1268 3413 1376 3482 citam
1405 3409 1622 3483 contredlare
1645 3436 1657 3503 3
1682 3413 1720 3482 in
1747 3411 1869 3503 priore
1893 3407 2069 3502 respellus

427 3513 556 3579 coitum.
605 3508 702 3578 Nihil
719 3513 801 3577 enim
828 3508 868 3599 est
880 3512 1004 3604 fodior
1024 3533 1123 3606 quom
1153 3533 1232 3579 uxo·
1268 3508 1417 3579 habetur
1434 3512 1476 3580 ad
1494 3511 1545 3579 rei
1560 3512 1736 3596 modum,
1764 3509 1802 3577 in
1817 3505 2013 3603 posteriore
2028 3508 2070 3578 ad

428 3607 719 3703 rernnmarrqttass
730 3609 934 3683 adulterum,
951 3608 1233 3702 quodHicrony·
1267 3608 1363 3678 aliud
1385 3605 1577 3679 obiec‘lum.
1602 3608 1685 3679 Vid.
1709 3607 1897 3699 theologos
1919 3603 2072 3676 Hatrien-

428 3705 479 3774 mi
502 3701 638 3774 distum
662 3704 789 3778 citatur
808 3706 845 3778 in
869 3709 947 3777 iure
965 3708 1134 3777 canonico
1155 3727 1231 3800 cap.
1268 3704 1318 3775 ses
1339 3708 1374 3774 in
1395 3704 1483 3798 resp.
1502 3705 1657 3798 opposita
1671 3704 1814 3775 Pillorio
1832 3729 1868 3798 p.
1882 3725 1944 3794 79.
1985 3704 2070 3775 ssar·

430 3803 540 3899 Origo
563 3808 626 3872 &c
647 3820 704 3885 32.
726 3825 760 3896 q.
783 3825 819 3893 4
859 3804 1066 3875 Ambrohus
1093 3807 1128 3875 in
1149 3802 1230 3875 libr.
1268 3804 1418 3874 hovium
1434 3803 1495 3874 lib.
1509 3805 1568 3874 ill.
1583 3805 1625 3873 de
1641 3804 1797 3874 matrim.
1816 3827 1845 3873 c.
1864 3823 1924 3893 35.
1949 3803 2068 3873 Alium

429 3900 472 3972 de
502 3899 698 3995 philosoph.
730 3899 846 3972 scribit
871 3950 884 3987 ,
909 3905 1021 3973 uxoris
1048 3905 1232 3972 adulterum
1267 3923 1354 3971 vero
1385 3902 1503 3972 casum
1523 3904 1692 3996 proponit
1713 3904 1890 3971 Lutherus
1912 3921 2006 3972 tom.
2026 3900 2068 3972 V.

427 3996 507 4098 effe,
532 4001 586 4094 qui
603 4001 636 4068 in
652 3999 712 4093 ufir
728 4002 890 4095 coniugali
906 4005 1128 4083 onerandioe,
1154 4016 1232 4071 tern-
1266 3998 1345 4088 Jen.
1356 3999 1477 4071 Germ.
1488 3999 1569 4071 libr.
1584 4002 1626 4071 de
1641 3998 1729 4071 caus.
1744 4001 1902 4070 matrim.
1916 3998 2069 4091 fol251.

422 4095 655 4194 perantiae&
676 4095 846 4192 honestatis
858 4102 982 4170 nullom
1001 4105 1161 4170 rationem
1176 4101 1233 4170 bn·
1269 4101 1305 4168 in
1322 4120 1392 4191 quo
1410 4099 1490 4192 quis
1514 4098 1611 4192 pellit
1626 4121 1708 4169 cum
1724 4098 1871 4192 propria
1886 4119 2003 4169 uxore
2017 4097 2070 4171 ad·

433 4203 501 4279 tet,
531 4194 658 4264 citante
677 4194 876 4290 Augustino
898 4198 959 4270 lib.
975 4201 1017 4268 ll.
1046 4221 1156 4270 contr.
1172 4199 1233 4289 Ju-
1270 4197 1439 4266 ultorium
1463 4218 1658 4282 exercere,
1684 4196 1706 4266 si
1733 4196 1813 4289 quis
1834 4195 1970 4267 scilicet
1994 4196 2069 4268 alte·

432 4297 568 4365 lianum
598 4292 829 4389 Pelagianum
853 4318 939 4367 tom.
962 4297 1039 4367 Vll.
1065 4299 1131 4367 col.
1149 4317 1234 4389 977.
1270 4315 1348 4364 ram
1362 4296 1574 4366 conduxerit
1590 4344 1602 4383 ,
1619 4302 1652 4366 δι
1667 4297 1763 4372 illius
1777 4295 1857 4364 loco
1875 4317 1972 4365 uxor
1986 4297 2070 4365 clan-

434 4391 501 4462 Sed
520 4387 668 4483 quilibet
690 4394 810 4481 videt,
838 4396 920 4465 illos
937 4399 1109 4488 improprie
1125 4403 1158 4465 dt
1172 4420 1235 4463 mr-
1270 4394 1392 4462 culum
1409 4391 1476 4462 sese
1492 4393 1620 4463 marito
1639 4391 1809 4464 subiiciat.
1860 4393 1913 4484 2.)
1944 4394 2068 4479 Quam·

432 4489 595 4583 topltorire
615 4490 744 4584 loqui,
771 4505 887 4584 neque
913 4495 1113 4588 quidquam
1136 4495 1233 4564 aliud
1271 4489 1326 4560 vis
1358 4512 1479 4560 coram
1498 4490 1566 4561 Dei
1593 4492 1723 4562 iudicio
1745 4512 1830 4559 vere
1852 4487 1891 4560 stt
1908 4493 2069 4577 adulter,

432 4589 525 4660 velle
551 4636 562 4673 ,
590 4609 700 4680 quam
733 4591 829 4682 quod
857 4593 1020 4662 adultero
1047 4591 1168 4664 fimitis
1196 4591 1233 4663 sit
1269 4591 1325 4684 ptri
1346 4588 1479 4659 alterius
1496 4614 1629 4658 uxorem
1654 4589 1778 4679 despicit
1800 4594 1843 4656 od
1859 4589 2071 4682 concupiscen-

434 4688 584 4760 maritus
619 4689 745 4757 uxoris
770 4685 838 4760 suae
873 4711 1009 4760 amator
1039 4692 1231 4761 ardentior.
1269 4694 1343 4758 dom
1363 4711 1458 4766 rom,
1485 4689 1582 4760 iuxta
1597 4687 1781 4759 infallibile
1799 4691 2072 4780 pronunciatum

435 4783 540 4871 Quod
563 4781 585 4852 si
606 4786 702 4853 enim
724 4787 888 4856 adcurate
911 4791 1107 4882 &proprie
1131 4790 1235 4880 loqui
1270 4787 1461 4859 Salvatoris
1493 4785 1623 4858 Matth.
1651 4787 1695 4856 V.
1725 4794 1783 4865 28.
1816 4805 1939 4857 tamen
1970 4789 2069 4858 inter-

434 4883 627 4966 velimus,
655 4901 727 4952 tam
758 4905 828 4952 non
859 4885 969 4978 potest
1002 4889 1037 4957 in
1066 4890 1236 4979 propriam
1271 4905 1358 4957 num
1378 4884 1466 4954 illud
1486 4887 1726 4971 adulterium,
1756 4885 1853 4975 quod
1872 4907 1997 4957 coram
2010 4884 2070 4953 Dei

433 5004 566 5050 errorem
587 4978 761 5051 committi
785 4983 998 5059 adtilterittm,
1045 5008 1119 5052 uam
1136 4986 1169 5051 in
1186 5007 1238 5053 rer
1272 4982 1401 5049 iudicio
1422 4987 1490 5054 tale
1508 4980 1555 5052 est
1580 5030 1592 5069 ,
1620 4986 1779 5053 nondum
1803 4976 1929 5053 sufficit
1953 4988 1997 5055 ad
2025 4984 2069 5052 di·

431 5078 740 5179 propriossurtttm.
775 5078 978 5156 Aristoteles
994 5012 1075 5156 libr.
1090 5082 1133 5155 V.
1149 5084 1236 5154 ethi·
1271 5080 1709 5171 vortiutttinstituendurn,
1724 5082 1810 5153 alias
1821 5082 1993 5178 coniugia
2003 5080 2068 5150 fere

1888 5222 1896 5234 ·
1941 5202 2067 5276 quaevts
