4884 5984
426 525 430 530 -
522 539 526 544 -
599 486 673 574 na
718 486 984 590 tritonis
1033 490 1304 578 ninoitrit
1355 493 1597 582 caussis.
1866 453 1939 604 227'

271 673 486 780 potestatem
502 683 757 771 concedimus,
784 705 826 757 ut
846 681 1021 780 gradibus
1038 685 1090 758 di·
1126 686 1354 786 diisprobare
1365 690 1540 786 satagunt.
1550 688 1629 763 Nos
1639 687 1757 787 primo
1769 692 1935 770 omniunt

273 784 365 856 vina
381 785 462 880 iege
478 783 670 879 prohibitis
694 809 779 858 cum
799 780 967 856 consensu
983 785 1089 856 mini·
1124 789 1373 887 magistratum
1397 789 1504 864 officii
1522 789 1575 862 sui
1597 793 1868 868 admonendum
1883 796 1935 868 di-

280 877 380 955 sterii
397 891 430 956 &
450 883 599 956 ecclesa
612 886 717 957 addat
734 886 911 980 quasdam
929 883 1089 978 prohibi·
1125 891 1262 978 cimus,
1290 911 1330 962 ut
1346 894 1585 964 adulteros&
1606 892 1806 965 homicidas
1825 916 1843 965 e
1861 917 1936 966 ine·

274 983 421 1070 tiones,
449 983 505 1056 sed
529 1007 608 1078 que
631 986 934 1078 impedimentum
962 985 1088 1056 dunta·
1124 991 1182 1061 dio
1201 991 1327 1078 tollat,
1352 992 1402 1064 ita
1415 988 1559 1088 quaestio
1581 990 1698 1061 omnis
1716 992 1759 1062 de
1780 995 1932 1066 crimine

264 1091 338 1156 'xat
356 1083 576 1178 prohibens,
603 1109 675 1156 non
696 1105 818 1156 autem
842 1084 1016 1155 dirimens
1035 1086 1087 1155 in·
1123 1092 1191 1162 erit
1208 1088 1364 1177 sublata,
1391 1091 1438 1163 sin
1460 1112 1547 1160 vero
1571 1089 1798 1185 magistratus
1818 1093 1856 1164 in
1881 1092 1933 1165 os·

271 1183 482 1254 troducunt.
537 1184 584 1277 5.)
610 1183 773 1256 Pontifici
801 1179 1010 1279 potestatem
1035 1184 1087 1255 di·
1122 1188 1204 1262 ficio
1225 1190 1262 1262 sit
1279 1191 1494 1288 negligens,
1518 1189 1673 1261 dicimus
1689 1192 1825 1262 crimen
1842 1192 1934 1265 illud

270 1277 457 1376 spensandi
475 1283 511 1354 in
523 1285 697 1380 gradibus
716 1285 838 1356 divina
851 1285 931 1379 lege
945 1281 1086 1377 expres-
1120 1292 1334 1364 adulterii&
1348 1288 1533 1363 homicidii
1548 1283 1613 1359 esi'e
1628 1289 1934 1384 impedimentum

270 1377 308 1454 se
330 1381 521 1476 prohibitis
547 1379 742 1472 a'aroedacuc
762 1404 939 1479 negamus
964 1431 975 1470 ,
1004 1405 1084 1477 quoe
1121 1391 1397 1464 matrimonium
1414 1388 1698 1461 contrahendum
1714 1389 1931 1486 impediens,

270 1480 398 1552 omnia
412 1479 472 1552 suo
490 1483 570 1556 loco
594 1484 733 1558 idoneis
758 1483 983 1581 argumentis
1006 1481 1086 1556 sunt
1121 1511 1330 1561 nonautem
1344 1487 1570 1565 comiadum
1586 1480 1789 1564 dissolvens.
1837 1491 1933 1562 Vide

267 1577 496 1658 confirmata.
1118 1587 1283 1684 superius
1302 1612 1379 1689 cap.
1392 1591 1437 1663 V.
1458 1599 1488 1676 §.
1504 1595 1587 1672 380.

244 1871 248 1878 Ι
377 1829 380 1834 -
621 1793 652 1871 §.
677 1778 782 1856 DCL.
831 1781 895 1878 V.)
922 1781 1082 1863 Crimen.
1192 1785 1371 1874 §.11th
1421 1785 1509 1883 Vl.)
1539 1787 1657 1861 Cultus

268 1873 328 1958 V.)
349 1875 472 1943 Ctim-
550 1882 589 1956 id
604 1882 675 1971 est,
702 1880 922 1977 maleficium,
951 1893 986 1959 δι
1005 1886 1084 1979 qui·
1118 1887 1313 1982 disparitas,
1333 1890 1369 1961 id
1384 1886 1655 1984 est,²,inſsdelitas.
1724 1884 1799 1984 Vl)
1813 1886 1910 1951 Celtas

550 1983 1085 2078 demdupleic,1.)adulteriuns‚
1119 1987 1297 2060 Pontificii
1331 1987 1429 2060 enim
1471 1990 1657 2062 communi
1745 1970 1904 2054 “st‘'lm·

270 2083 328 2180 ι.)
352 2079 563 2156 lsamieidium.
612 2084 897 2180 Sanciuntenim
915 2107 1084 2171 canones,
1120 2086 1289 2160 consensu
1307 2090 1460 2177 docent,
1486 2092 1655 2160 matrimo·
2002 2151 2005 2158 ,

271 2181 334 2284 ιῙΜ
358 2186 619 2280 impedimentum
649 2186 800 2253 dirimens
821 2187 1085 2271 matrimonium,
1119 2191 1176 2258 etia
1194 2187 1347 2283 fidelium
1366 2211 1438 2260 sum
1460 2186 1638 2283 infidelibus
1662 2210 1727 2260 non
1750 2184 1931 2282 baptizatis
2021 2239 2025 2250 .

238 2286 395 2386 ‚Jquis
406 2307 479 2356 suin
505 2309 554 2370 ea,
561 2286 746 2382 coniugium
768 2283 960 2374 contradat,
985 2309 1086 2383 quam
1120 2285 1177 2386 effe
1190 2288 1368 2383 nonstdum
1383 2288 1514 2366 illicita,
1531 2288 1594 2383 sad
1609 2291 1707 2360 etiam
1724 2287 1842 2372 irrita,
1856 2309 1929 2359 tum

265 2407 335 2484 per
345 2386 540 2458 adulterium
549 2385 692 2479 polluit,
717 2385 917 2480 neuquidem
926 2397 1086 2481 perpetuo
1119 2389 1285 2464 haereticis
1299 2383 1408 2460 aurisii
1424 2390 1602 2483 baptizatis
1618 2386 1675 2485 effe
1697 2387 1807 2459 illicita
1822 2433 1838 2464 0
1862 2410 1928 2458 nasa

272 2483 325 2562 s!
331 2481 487 2580 semper,
501 2485 564 2582 sed
584 2488 619 2555 in
643 2486 748 2554 tribus
773 2490 942 2557 duntaxat
966 2487 1086 2583 caſsim
1119 2507 1229 2560 ramea
1257 2491 1368 2561 irrita.
1416 2488 1657 2561 Bellarminus
1695 2490 1738 2560 de
1769 2486 1929 2559 matrim.

277 2585 329 2680 t.)
353 2607 428 2656 mm
455 2587 584 2659 adulter
596 2596 760 2680 procurat
781 2598 914 2655 mortem
937 2588 1086 2683 coniugis
1121 2609 1199 2683 cap.
1225 2604 1284 2672 23.
1317 2588 1449 2660 format
1475 2590 1538 2660 has
1564 2586 1848 2682 propositiones:
1879 2586 1928 2678 1.)

269 2682 351 2778 [rrae
364 2685 415 2755 uel
431 2690 544 2762 mariti
559 2686 750 2761 admissae,
776 2697 814 2754 ut
840 2709 912 2778 suris
935 2687 1085 2774 adultera
1120 2689 1198 2760 Nan
1212 2689 1284 2759 lieet
1292 2687 1445 2783 fidelibus
1462 2710 1534 2758 sum
1555 2683 1733 2778 infidelibus
1754 2686 1929 2756 autetiam

270 2788 458 2885 coniugium
471 2788 626 2859 celebrare
635 2785 759 2879 poffit,¹
772 2784 823 2855 val
833 2798 945 2859 contra
958 2785 984 2869 li
992 2786 1084 2856 adul·
1118 2789 1284 2860 haereticis
1307 2789 1517 2858 matrimonia
1537 2788 1680 2883 iungere.
1730 2784 1781 2879 2.)
1807 2786 1931 2856 Matri·

236 2895 348 2962 'sara
365 2902 519 2984 prosarrt
532 2899 666 2958 mortem
680 2888 743 2955 uiri
756 2883 819 2978 sni
832 2885 883 2955 vel
897 2887 1012 2956 uxoris
1026 2889 1086 2956 ad·
1118 2891 1263 2959 morsiam
1279 2891 1363 2959 inter
1374 2885 1503 2982 fidelem
1520 2884 1568 2961 85
1576 2882 1730 2980 iipsdelem
1746 2909 1810 2955 non
1826 2882 1869 2980 etl
1883 2885 1930 2954 ir-

271 2987 371 3060 ulteri
393 3034 408 3065 .
432 3000 471 3058 at
485 2989 669 3061 adulterum
694 2989 729 3057 in
757 2987 913 3057 maritum
933 2988 1083 3080 accipiat.
1119 2991 1222 3059 ritum
1244 2990 1474 3072 insedimus,
1501 2986 1677 3066 naturali,
1698 2983 1750 3055 val
1767 2985 1929 3081 positivo,

271 3088 325 3182 2.)
354 3089 390 3158 Si
402 3088 542 3160 adulteri
559 3088 703 3158 dederint
714 3087 769 3184 filii
782 3084 1030 3179 inuieemfidm
1047 3090 1084 3156 de
1120 3088 1171 3158 uel
1188 3103 1275 3159 serta
1299 3089 1410 3186 aliqua
1439 3086 1506 3188 lege
1533 3085 1675 3183 scelestae.
1728 3084 1779 3178 3.)
1807 3085 1930 3156 Matri·

269 3191 484 3261 matrimonio
498 3188 626 3282 interse
646 3183 936 3280 contradendopost
949 3198 1084 3256 mortem
1120 3191 1262 3260 monium
1279 3190 1365 3259 inter
1376 3184 1500 3275 fidelem
1517 3184 1565 3262 is
1579 3181 1812 3277 infidelemrmn
1825 3185 1930 3277 lapti-
2028 3191 2032 3199 '

271 3291 389 3360 uxoris
414 3290 554 3360 adulteri
588 3288 638 3358 vel
661 3288 775 3357 ruariti
797 3288 974 3356 adulterae.
1025 3285 1083 3379 3.)
1119 3301 1237 3360 zatum
1256 3290 1389 3360 irritum
1412 3285 1511 3383 first
1532 3309 1619 3356 mora
1635 3283 1749 3378 populi
1769 3281 1931 3379 slirills'ani

231 3467 233 3472 ,
270 3389 310 3468 ,St
326 3394 366 3460 de
377 3389 473 3486 fodio
492 3391 630 3460 adulteri
646 3387 778 3481 iaterse
798 3387 1019 3456 contraxerint
1038 3389 1084 3454 ui·
1118 3392 1185 3462 uim
1199 3389 1279 3487 legis
1298 3388 1440 3461 nubente.
1490 3386 1543 3480 4.)
1570 3383 1679 3479 Potest
1687 3383 1931 3478 summuspars·

231 3505 249 3524 ·“
270 3493 421 3576 ventibus
437 3491 606 3586 prioribus
630 3490 826 3584 coniugibus.
881 3488 943 3556 Sed
961 3490 1025 3554 duo
1038 3485 1084 3554 illi
1119 3490 1228 3586 tifix,
1252 3489 1278 3578 fi
1290 3489 1385 3582 causta
1401 3490 1435 3557 id
1438 3485 1603 3582 postulet,
1624 3508 1698 3555 cum
1705 3480 1795 3577 fideli
1807 3482 1930 3577 dispess-
1956 3481 1960 3486 ’

247 3671 252 3676 ,
269 3589 366 3686 tusus
377 3591 622 3688 intelliguntur,
635 3588 806 3688 fiadulter
817 3584 1000 3685 uterqueſst
1013 3609 1085 3655 son·
1114 3589 1211 3683 fiere,
1223 3601 1261 3660 ut
1277 3612 1348 3658 cuin
1365 3586 1482 3683 infideli
1491 3585 1732 3656 matrimonium
1748 3583 1929 3656 contradat.

259 3689 462 3790 ‚scinsaitae
484 3692 629 3787 coniugis
646 3690 780 3758 alterius
797 3741 809 3767 ‚
833 3690 975 3783 alioquin
1000 3686 1084 3755 mim
1119 3689 1215 3778 Quid
1230 3689 1273 3760 de
1289 3686 1380 3760 hisce
1395 3683 1695 3784 propositionibus
1711 3681 1928 3772 statuamus,

230 3851 243 3864 .
257 3793 297 3896 fl
307 3789 557 3866 siradulterum
569 3791 709 3884 desipiat
722 3787 904 3882 adfirmans
919 3788 1084 3884 coniugem
1120 3785 1476 3883 lateexpositumsuit
1490 3784 1740 3880 superiuscap.
1753 3783 1928 3869 V.§·386.

261 3883 635 3994 suameffemortuam.
670 3885 1085 3960 uelaontramulieradul·
1121 3887 1266 3982 &seqq.
1316 3885 1568 3958 Infidelitatem
1592 3884 1747 3955 dicimus
1769 3877 1836 3953 esse
1861 3883 1929 3953 im.

270 3993 534 4088 terumdeaipiat
552 3987 767 4084 „affirmans
786 3992 894 4066 uirum
908 3988 1010 4081 suum
1029 3980 1085 4080 effe
1118 3987 1371 4082 pedimentum
1405 3982 1682 4057 matrimonium
1719 3982 1930 4052 contrahen-

261 4089 472 4170 'manuum
500 4103 577 4169 tsine
600 4091 845 4161 matrimonium
862 4109 928 4159 noa
951 4084 1085 4178 ejiirri-
1120 4087 1209 4159 dum
1222 4085 1451 4178 impediens,
1476 4104 1550 4156 non
1564 4101 1687 4155 autem
1703 4075 1929 4155 contraitum

268 4207 358 4272 tum.
392 4193 502 4266 Extra
516 4195 580 4263 hos
594 4188 692 4280 casus
707 4212 779 4260 non
795 4187 918 4260 dirimi
930 4183 1085 4258 statuunt
1121 4186 1309 4261 dirimens.
1685 4185 1687 4190 ’

270 4293 554 4378 matrimonium
586 4292 681 4362 inter
720 4290 902 4362 adulteros
947 4303 1086 4357 contra·

259 4393 388 4478 ‚dium
442 4391 575 4464 Crimen
591 4402 700 4460 autem
714 4384 1087 4487 liomicidiistneadultt·
1194 4394 1226 4472 §.
1249 4379 1387 4456 DCLlI.
1438 4375 1528 4474 Vll)
1567 4378 1655 4458 Vis,

269 4499 327 4570 rio
345 4495 381 4564 iss
404 4515 470 4564 uno
496 4504 629 4564 tantum
654 4486 731 4577 casu
749 4491 900 4559 dirimere
922 4486 1087 4558 matrinia·
1122 4485 1158 4560 id
1181 4483 1262 4573 cst,
1300 4479 1429 4554 soaliio.
1481 4480 1530 4551 Ut
1558 4480 1658 4551 enim
1706 4474 1809 4557 Vll.)
1833 4472 1892 4538 ras.

269 4577 368 4690 aiunt
379 4589 557 4681 statuunt,
581 4594 707 4689 quando
719 4589 858 4659 uidelicet
873 4590 907 4658 in
920 4595 1024 4657 morte
1040 4583 1087 4654 al·
1121 4584 1354 4682 ignorantia,
1382 4579 1430 4652 ita
1439 4599 1586 4674 quoque
1601 4599 1659 4647 co·

269 4699 379 4773 terius
397 4697 569 4792 coniugum
587 4694 800 4787 procuranda
817 4688 1009 4761 conueniunt
1021 4696 1088 4755 tam
1121 4683 1213 4757 adiio
1230 4699 1410 4779 repugnat
1431 4678 1545 4752 libero
1564 4670 1772 4758 consensui,
1799 4688 1934 4783 extquo

272 4787 597 4895 uisqisamtsemiam
613 4793 669 4890 qui
681 4788 813 4885 incesse
829 4787 1012 4886 contagium
1028 4785 1089 4868 iui-
1123 4783 1400 4856 matrimonium
1426 4776 1526 4851 suain
1552 4774 1763 4848 firmitatem
1786 4766 1936 4840 obtinet.

271 4925 311 4974 ra
327 4897 479 4992 sapiant,
493 4894 529 4994 ſs
549 4895 631 4964 enirn
646 4893 728 4962 alter
741 4901 870 4960 tantum
883 4888 1089 4958 aoinietai'um
1122 4882 1238 4955 Facile
1249 4877 1619 4980 igiturconcedimus,
1645 4874 1723 4944 vim
1732 4890 1777 4985 ac
1795 4886 1937 4983 metum

233 4995 237 5000 ’
259 4975 470 5104 -prosurarrt
490 4995 593 5066 altera
612 4991 733 5086 inscio,
756 4989 804 5064 st*
818 4990 1015 5062 adulterium
1026 5009 1091 5055 non
1126 4978 1198 5060 esse,
1217 4979 1521 5076 impedimentum
1532 4975 1808 5085 matrimonium
1822 4986 1937 5060 impe.-

270 5094 456 5200 prarceffit,
469 5096 714 5167 matrimonium
728 5115 793 5162 non
801 5090 979 5162 dirimitur.
1005 5085 1092 5158 Haec
1128 5083 1260 5170 diens,
1289 5079 1379 5174 quin
1401 5072 1619 5173 &sponsalia
1641 5065 1856 5152 dissolvens,
1881 5062 1942 5136 sed

281 5199 408 5277 amnia
431 5195 597 5294 capitulis
622 5215 669 5269 eii
686 5193 766 5267 iure
789 5191 962 5268 canonico
982 5186 1093 5262 addu·
1127 5205 1176 5262 an
1213 5178 1504 5354 musinimgamm
1533 5175 1644 5249 etiam
1663 5165 1944 5336 matrimongpriin
