4884 5984
719 333 726 346 ·
858 339 922 416 oa
970 324 1248 417 muronula
1304 313 1584 420 SVCCESSIVA.
1994 355 2065 438 aaa

366 533 640 640 prtr'itflcontenti.¹
699 535 802 633 Ergo
816 540 918 614 etiam
940 537 1043 619 laici,
1074 561 1121 611 ex
1138 538 1212 635 qui·
1235 535 1510 633 explicationem,
1537 566 1614 615 eum
1635 542 1808 632 exprimo
1826 567 1944 618 eornm
1969 542 2072 618 intui·
2140 619 2142 624 ,

372 635 436 713 bar
451 632 600 737 episcopi
616 635 798 733 eliguntur.
852 635 896 735 Si
917 640 1004 714 enim
1023 636 1093 711 leae
1111 634 1210 734 disci-
1235 658 1272 709 tu
1293 643 1473 729 adpareat,
1506 663 1546 713 ea
1570 639 1736 715 uiolenter
1768 665 1884 716 contra
1911 642 2070 718 secundae

370 740 474 838 plina
492 761 558 812 non
570 738 789 836 precantem
812 739 930 824 luicis,
962 765 1006 813 ex
1025 734 1144 833 quibat
1162 761 1210 810 ec·
1235 743 1365 827 nuptias
1387 741 1555 831 torqueri,
1591 738 1670 814 aest
1691 738 1798 814 ullum
1820 745 1865 816 eis
1887 741 2071 818 inelletro·

371 838 477 938 elestae
489 840 573 913 ordo
590 837 747 937 proficit,
771 838 988 938 apostolieum
1006 848 1209 935 preceptum
1235 834 1318 926 bur,
1337 841 1438 911 etiam
1461 842 1586 929 primas
1602 840 1734 931 nuptias
1747 843 1871 917 eisdem
1884 840 2071 935 prohiberi·
2199 939 2201 943 Ι

366 937 505 1035 seruari
531 939 653 1033 nequit.
705 938 933 1011 Tertullianus
951 943 992 1011 de
1017 960 1210 1031 monogam.
1316 943 1344 1028 ς.
1371 940 1528 1013 CXCVI.
1556 935 1718 1013 Alteram
1733 936 1812 1011 clal-

354 1037 446 1127 ἀρ.
469 1042 529 1109 Xl.
547 1040 595 1109 in
624 1036 788 1110 enltortat.
815 1039 857 1110 ed
879 1040 1018 1109 castitat.
1034 1061 1106 1125 cap.
1129 1038 1208 1111 Vll.
1233 1030 1301 1107 sem
1329 1059 1607 1129 argumentorum
1633 1037 1805 1128 complent
1861 1055 1924 1137 11‚)
1938 1056 1994 1121 Ex
2015 1075 2073 1124 va.

371 1140 599 1221 Hieronymus
626 1139 666 1208 ad
695 1142 836 1209 Geront.
892 1134 991 1231 Resp.
1022 1159 1089 1225 quo
1116 1132 1209 1210 sensu
1234 1159 1274 1207 ex
1288 1135 1576 1235 variisexemplis,
1592 1134 1803 1235 tamsaeris,
1873 1141 1934 1201 rtis
1953 1157 2054 1233 ettenn-

370 1231 546 1325 episcopus
569 1234 728 1325 jubeatur
753 1237 853 1310 unius
879 1237 1002 1310 uxoris
1026 1232 1089 1308 effe
1109 1240 1211 1309 mari·
1232 1231 1518 1336 protoplastorum
1548 1232 1684 1323 eilicet,
1706 1233 1805 1333 Isaa-
1935 1219 2007 1302 ΡΨ·

373 1356 445 1418 tus,
472 1332 657 1422 expositum
682 1333 745 1407 fuit
765 1338 812 1406 in·
831 1341 959 1409 tractat.
986 1341 1027 1408 de
1050 1335 1209 1409 minille'r.
1234 1333 1285 1418 ci,
1309 1330 1465 1418 Nouem,
1486 1250 1641 1437 „Jiseptri
1664 1332 1705 1410 65
1719 1336 1808 1411 alio·

365 1428 488 1505 eccles.
505 1432 1207 1525 capdemnjuglaceraot.§.ccclxtu
1236 1433 1507 1526 ruminantem,
1538 1460 1588 1523 ae,
1602 1435 1806 1520 Zacharia,
1831 1430 1947 1523 Petri,
1971 1433 2072 1509 Han-

361 1528 725 1610 .hoelocoilludnotari
739 1539 868 1623 potest,
885 1560 924 1606 ex
941 1530 1212 1607 Montanisehola
1236 1554 1288 1605 uae
1305 1528 1373 1607 &a
1396 1536 1431 1608 in
1458 1560 1544 1609 nouo
1568 1540 1777 1636 testamento,
1809 1559 1881 1608 tum
1897 1535 2072 1633 profanis.

371 1653 479 1702 uttam
492 1625 769 1718 effepmnficiam
784 1634 874 1704 illam
888 1634 1211 1723 interpretationem,
1235 1629 1339 1723 Resp.
1372 1641 1418 1724 ι.)
1439 1641 1493 1708 De
1513 1636 1715 1727 quibuslibet
1736 1635 1898 1727 exemplis
1924 1636 2073 1723 iudican-

364 1723 777 1821 .qaaepistopiasecundis
789 1734 916 1821 nuptiis
932 1731 994 1805 hac
1008 1730 1116 1824 phrafi
1132 1756 1212 1823 pro-
1235 1737 1316 1804 dum
1331 1731 1379 1805 ell
1394 1760 1433 1808 ex
1450 1736 1568 1828 regula
1587 1740 1748 1810 divinitus
1761 1730 1963 1830 praescripta.
1996 1740 2075 1827 Jam

515 1901 522 1912 ,
629 1827 1548 1919 hibeneensmtur.1o.)t.Tim.v.veroostendimus
1581 1831 1752 1925 superius,
1801 1826 2075 1933 tauromeniae

372 1895 560 2044 ¹⁹)ffi‘aem'
634 1955 686 2004 ιι.
727 1924 993 2004 Damnationem
1014 1927 1133 2004 tabere
1151 1930 1206 2005 'di-
1231 1928 1523 2023 uerbisscriptnrte
1535 1930 1718 2025 perspicuis
1733 1863 2071 2024 &exprelfisadpro-

326 2113 329 2122 Ι
398 2025 408 2033 ’
444 2024 454 2043 ”
512 2025 522 2043 ’
628 2041 749 2101 cuntur
770 2029 837 2105 illae
869 2031 997 2118 vidue,
1038 2053 1110 2126 quae
1135 2032 1206 2126 pri·
1230 2030 1315 2104 bari.
1380 2036 1435 2122 2.)
1456 2034 1737 2127 Distinguendum
1774 2035 1862 2106 inter
1878 2033 2073 2124 'digamiam

376 2154 461 2207 nam
470 2129 578 2231 fidem
594 2128 906 2223 irritamfecerunt‚
934 2130 995 2203 luae
1013 2134 1074 2230 est,
1100 2127 1208 2227 adse-
1230 2131 1373 2223 proprie
1397 2129 1441 2203 fic
1454 2134 1599 2213 dictam,
1623 2130 1848 2205 fimultaneam
1868 2128 2013 2214 scilicet,
2038 2139 2076 2206 tt

375 2231 479 2306 canda
495 2242 577 2304 uota
591 2230 824 2331 transtuemtnt.
877 2227 980 2319 Resp.
1003 2230 1211 2319 Epiphanius
1231 2255 1330 2309 eam,
1354 2253 1427 2317 qaae
1442 2225 1673 2330 a'uopono'rynq¹
1689 2229 1732 2303 lic
1746 2230 1953 2320 adpellitur,
1976 2232 2072 2304 uide·

379 2326 482 2406 heres.
507 2336 595 2402 LXI.
623 2354 658 2418 p.
679 2351 759 2403 aaa.
788 2331 959 2421 distinguit
989 2331 1208 2429 interruptim
1232 2327 1311 2402 licet
1334 2325 1555 2402 sueceffivatn.
1614 2328 1775 2420 Exempla
1795 2327 1854 2403 illa
1875 2327 2074 2424 principali·
2184 2415 2189 2420 Ι

378 2430 430 2509 nei
450 2433 682 2532 mannua,
708 2431 822 2500 viduas
844 2429 919 2500 illas
940 2430 1052 2528 κρῖμα
1065 2432 1100 2501 in
1119 2432 1207 2517 judi·
1230 2448 1282 2501 ter
1298 2426 1450 2516 oppofita
1472 2423 1546 2500 sunt
1572 2429 1725 2518 digamiae
1747 2425 1966 2511 fimultaneae,
2001 2452 2082 2502 non

378 2535 421 2602 eio
447 2526 594 2602 eeclesiae
625 2526 748 2603 habere
784 2531 963 2610 concedit,
1010 2524 1064 2601 led
1093 2519 1208 2604 ama·
1231 2523 1426 2643 succelitvae.
1479 2532 1525 2615 3.)
1542 2528 2074 2643 Distinguenduminternuptia·

380 2630 1207 2812 tunitii?„lltlzlssl‘tltffltitii}
1231 2624 1776 2817 illltzllfmnll‘ssi‘ile
1799 2631 2070 2815 :astilit

380 2825 456 2913 ilos,
480 2829 523 2898 de
547 2825 666 2911 quibus
679 2826 844 2913 apostolus
860 2824 1029 2912 loquitur,
1053 2828 1151 2897 etiarn
1171 2825 1207 2895 iu
1233 2829 1303 2895 atos
1327 2828 1487 2910 quosdam
1512 2822 1648 2918 liberes
1667 2820 1816 2896 secundis
1830 2828 1956 2914 nuptiis
1969 2826 2069 2897 absti-

383 2921 442 2999 Dei
462 2924 597 3021 judicio
627 2926 874 2995 damnationem
906 2924 1040 2996 habere.
1093 2921 1206 3006 “Ilieon
1230 2917 1355 3000 nuilla,
1383 2911 1437 2994 sed
1462 2921 1541 3014 lege
1564 2926 1705 3010 quadam
1731 2920 1774 2995 ab
1797 2922 1863 2995 illis
1886 2949 1944 2996 eos
1972 2914 2068 2999 farine
2104 2925 2109 2934 ’

345 3065 348 3070 -
379 3022 505 3123 npu‘rne
520 3025 654 3111 quidam
668 3024 836 3113 accipiunt
852 3027 892 3093 ne
911 3021 975 3092 fide
991 3011 1205 3094 eccleste'da·
1230 3019 1436 3111 prohibitos,
1470 3046 1537 3093 non
1569 3015 1722 3112 probant.
1785 3030 1833 3113 q.)
1851 3024 2068 3113 Opponimus

381 3145 421 3206 ts,
444 3115 482 3197 id'
501 3126 569 3203 eu,
602 3122 646 3192 de
665 3118 883 3211 promiffione
901 3116 1027 3192 servitii
1050 3146 1089 3193 ac
1108 3122 1205 3193 mini·
1229 3124 1394 3192 contraria
1415 3118 1567 3208 exempla
1595 3144 1732 3201 aarum,
1778 3122 1834 3208 qui
1857 3126 1898 3194 ad
1924 3118 2070 3198 secunde
2154 3115 2161 3133 ’

341 3255 350 3290 ι
379 3225 476 3310 llerii,
508 3247 571 3309 qua
597 3221 817 3309 pauperibus,
849 3214 1034 3302 exsulibus,
1069 3222 1203 3313 aegrotis
1228 3241 1307 3290 vota
1328 3216 1574 3303 'tranfiverunt,
1609 3244 1682 3308 quae
1710 3216 1859 3312 superius
1882 3216 1956 3293 sunt
1986 3247 2069 3295 enu·
2110 3215 2119 3280 Ὺ

381 3332 438 3398 tte.
475 3317 541 3395 sese
570 3319 782 3392 inleruituras
809 3319 890 3392 tales
917 3324 1022 3390 viduae
1049 3319 1205 3408 pollicita
1231 3341 1366 3390 metata.
1426 3321 1481 3410 5.)
1501 3316 1659 3407 Exempla
1685 3320 1864 3409 gentilium
1885 3315 2069 3411 suspectam

380 3444 486 3500 erant,
519 3421 573 3490 eui
592 3418 787 3505 expositioni
809 3417 923 3490 favere
947 3421 1080 3491 videtur
1102 3448 1134 3491 v.
1151 3448 1203 3495 ro.
1229 3418 1340 3504 potius
1360 3420 1505 3488 reddunt
1532 3415 1640 3508 legem
1658 3412 1814 3489 secundas
1832 3421 1965 3508 nuptias
1983 3445 2067 3510 pro.
2168 3473 2171 3484 ,

377 3515 424 3597 led
446 3518 715 3610 Chemnitiusin
737 3521 880 3591 examin.
902 3517 1022 3590 concil.
1049 3521 1203 3591 Trident.
1230 3514 1420 3597 libentem
1444 3517 1619 3585 ostendunt
1634 3518 1741 3602 enim,
1764 3542 1805 3589 ex
1820 3541 1887 3606 quo
1902 3513 2068 3594 fonte'hic

378 3619 405 3691 in
424 3645 499 3709 cap.
514 3621 557 3690 de
578 3614 736 3712 coelibatu
757 3638 907 3708 panso.
929 3640 970 3687 en
991 3637 1149 3688 contextu
1168 3628 1201 3694 δι
1227 3638 1323 3688 error
1337 3617 1372 3687 in
1391 3610 1559 3686 eccleliam
1586 3612 1792 3703 profluxerit.

377 3715 607 3808 parallelorum
640 3715 794 3787 locorum
831 3716 1008 3788 collatione
1038 3718 1204 3800 ostendit,
1302 3717 1331 3807 ἱ.
1355 3717 1529 3787 CXCVll.
1555 3708 1703 3787 Tertiam
1723 3709 1804 3789 clas-

379 3816 515 3909 iotelligi
533 3811 634 3886 fitlem
657 3810 853 3895 salvificam,
876 3822 969 3902 eujus
990 3811 1202 3909 naufragium
1228 3810 1294 3884 sem
1322 3810 1494 3906 adfignant
1517 3812 1719 3902 rationibus}
1759 3821 1802 3905 l.)
1850 3783 2068 3933 {JJanffim‘
2117 3809 2119 3813 ’

361 3912 524 3991 lecerunt
551 3910 630 3984 tales
663 3916 770 3986 viduae
796 3937 863 3984 non
882 3907 1048 3986 secundas
1071 3920 1203 4003 nuptias
1228 3915 1300 4006 Qui
1313 3916 1451 4010 nuptias
1475 3912 1599 4000 iterat,
1627 3913 1799 4010 voluntati
1852 3950 1895 4023 1ο)
1907 3944 2069 4018 Apim
2207 3911 2209 3916 ’

380 4012 619 4092 mntrahendo,
656 4022 786 4101 [earum
810 4016 900 4084 enim
930 4012 1119 4086 libertatem
1141 4014 1203 4087 ibi·
1228 4012 1356 4086 diuinae
1381 4024 1557 4108 repugnat.
1618 4012 1798 4087 Tertullia·
1848 4031 2016 4094 ouuntan's

382 4115 448 4187 elem
471 4142 504 4186 v.
529 4114 778 4282 &evidenter
800 4111 968 4199 apostolus
989 4109 1125 4207 adierit]
1149 4108 1203 4186 sed
1229 4138 1290 4182 nus
1315 4117 1358 4184 de
1381 4114 1509 4184 exhort.
1536 4115 1638 4183 callit.
1665 4139 1738 4202 cap.
1755 4119 1798 4186 11.
1843 4108 2000 4204 figtufiw·

381 4226 488 4288 cuna
601 4210 698 4313 istum
737 4209 928 4305 petulanter
976 4209 1203 4309 lasciviendo,
1231 4215 1405 4301 pa'g.563.
1435 4207 1802 4311 *Qunmmorlestuilla
1851 4197 1942 4253 Μ’·

383 4338 473 4392 ι.ιι.
497 4306 613 4385 debita
643 4310 820 4411 ministerii
844 4310 954 4404 officia
982 4309 1204 4408 negligendo,
1231 4311 1381 4410 auxesi,
1408 4304 1579 4383 Dominus
1591 4308 1702 4397 dedit,
1730 4307 1807 4384 Do·

386 4433 472 4487 uta.
485 4406 754 4510 petulantiusuu
772 4413 969 4512 occasionem
985 4410 1207 4485 maledicendi
1231 4409 1341 4483 minus
1366 4406 1528 4510 abstulit,
1559 4422 1598 4484 ut
1621 4408 1774 4485 Domino
1794 4406 1904 4506 tristem
1926 4407 1988 4512 est,
2013 4409 2067 4486 itu

387 4507 614 4607 ll.eaungelii
636 4508 826 4585 dotirinunt
857 4508 1115 4608 blasphemandi
1144 4512 1206 4584 ud·
1222 4507 1358 4603 salium
1380 4509 1439 4611 esi!
1492 4506 1574 4585 Ideo
1582 4514 1615 4614 st
1630 4512 1768 4609 nuptiur
1785 4509 1923 4610 ablatus
1942 4514 2067 4611 tellau·

386 4609 520 4708 tersorio
549 4607 756 4692 conitendo,
793 4639 825 4682 v.
844 4637 896 4700 ¹4·
931 4607 972 4684 8
994 4610 1123 4707 deserta
1145 4614 1205 4685 uia
1229 4634 1357 4696 temus,
1385 4612 1459 4713 stne
1480 4608 1583 4684 dubio
1612 4624 1729 4685 contra
1760 4609 1831 4687 Dei
1856 4607 2066 4687 uoluntatem

388 4702 521 4785 Domini
535 4706 699 4805 sutanum
718 4705 878 4807 setiauolo
904 4738 936 4783 u.
961 4738 968 4779 ι
982 4739 1012 4804 5.
1068 4718 1141 4784 Hac
1162 4718 1204 4786 de
1229 4711 1373 4783 nitimur
1390 4710 1812 4807 uolentesltabereeursus,
1838 4712 1927 4807 quod
1946 4710 2065 4788 natm

385 4809 572 4899 tepluribus
587 4811 621 4881 in
637 4811 814 4897 quastione
830 4811 872 4881 de
893 4806 1052 4883 caelibatu
1067 4808 1205 4883 inferius
1228 4833 1290 4883 nos
1305 4809 1435 4896 noluit,
1450 4814 1484 4911 st
1498 4813 1585 4883 enim
1599 4809 1772 4912 uoluiffet,
1795 4835 1860 4885 non
1880 4807 2065 4911 obstultfflt

385 4906 569 4983 lillesemus.
630 4907 775 4997 Reliqua
798 4904 968 4998 scriptura
990 4914 1099 4990 dieta,
1132 4935 1205 4999 quae
1232 4906 1301 4984 &a
1322 4905 1423 4999 Resp.
1441 4935 1599 5002 negamus
1613 4921 1712 4999 eum,
1738 4916 1795 5002 qui
1809 4912 1941 4999 nuptias
1955 4914 2066 4999 iterat,

326 5015 332 5130 l
384 5008 625 5096 ranulam
652 5005 872 5100 adferuntur,
914 5006 1047 5093 nalem
1079 5009 1205 5092 hebent
1228 5011 1350 5189 elingue
1372 5006 1554 5088 voluntati..
1565 5036 1766 5110 repugnare.
1817 5010 1924 5106 Quod
1942 5011 2072 5132 ριοὶιιι(
2171 5078 2179 5090 .

326 5143 329 5178 t
1323 5135 1343 5187 1
1370 5134 1402 5203 3¹
1804 5157 1808 5171 ·
1964 5131 2066 5189 ttotus
