4884 5984
417 473 490 564 stt
569 462 857 584 tocrsrorn.
881 460 981 545 can
997 463 1045 556 n
1068 461 1248 542 onnon.
1265 465 1308 543 n.
1332 464 1443 541 rur.
1456 465 1500 539 tr.
1525 405 1685 538 rarsi.
1711 460 1833 538 srcr.
1847 463 1907 539 tr.
1945 509 1975 564 4

420 681 527 741 tetam
545 673 581 741 dt
594 688 860 753 pronoretcem,
876 666 1033 739 eumdem
1047 689 1147 737 auum
1166 688 1228 755 pa·
1253 656 1605 761 consanguinitate&
1617 658 1797 759 adfinitate
1844 660 1932 756 ”titt
1943 660 2061 753 Μΰγί·

420 788 556 839 ternum
572 773 607 838 dt
627 789 813 838 matertere
833 768 999 837 maritum.
1028 767 1133 839 lidem
1146 786 1229 835 con·
1251 766 1340 837 dicta
1356 762 1439 842 sint,
1464 765 1517 833 cui
1538 762 1724 834 trastttioni
1740 786 1797 832 an·
1844 759 1982 833 mm?
2000 758 2061 801 ''¹''

421 866 518 955 iungi
535 865 677 935 invicem
696 861 863 955 poffunt‚'
879 866 955 952 quia
968 858 1043 935 sunt
1056 857 1229 935 consobri·
1252 854 1387 952 tequim
1417 859 1518 932 finem
1554 862 1796 949 imponamus,
1879 811 2035 903 mm*

421 962 459 1035 ni
476 964 511 1034 in
533 960 673 1033 seeundo
693 965 799 1057 gradu
819 962 951 1050 equalis
974 961 1069 1033 linea
1088 985 1231 1052 propter
1252 963 1418 1034 coronidis
1436 960 1511 1031 loeo
1526 959 1660 1046 questio
1674 956 1871 1046 explicanda
1887 956 1955 1028 est:
1997 947 2063 1027 Δι

422 1082 607 1134 maternam
623 1066 858 1152 cognationem
873 1062 1059 1146 constituti,
1078 1064 1136 1149 qui
1149 1085 1230 1151 gra·
1253 1061 1357 1134 etiarn
1373 1082 1420 1132 ex
1434 1058 1535 1131 nudis
1543 1052 1763 1155 sponsalibus
1781 1054 1918 1127 oriatur
1931 1050 2062 1151 adfini·

362 1167 368 1176 '
423 1162 486 1231 dus
506 1159 620 1232 diuino
635 1161 710 1247 jure
727 1185 794 1232 non
814 1163 860 1232 est
876 1157 1086 1249 prohibitus,
1113 1170 1149 1233 dt
1163 1183 1231 1240 non
1255 1172 1310 1239 tat
1335 1158 1588 1233 matrimonium
1612 1149 1830 1253 impediens?
1870 1152 2063 1227 canoniae.

422 1255 559 1348 potsunt
588 1260 773 1350 oonjungi,
803 1263 877 1346 quia
906 1255 971 1329 filia
1004 1284 1043 1330 ex
1073 1262 1231 1349 conjugio
1256 1256 1472 1349 &pontificii
1496 1254 1697 1335 adfirmant,
1721 1258 1810 1326 unde
1838 1254 2064 1342 impedimen·

424 1358 529 1449 patris
544 1380 621 1426 cum
641 1382 705 1428 una
725 1352 836 1428 sorore
862 1360 945 1428 inito
963 1362 1077 1449 genita
1097 1360 1143 1430 est
1161 1354 1231 1429 filio
1257 1382 1328 1430 tum
1362 1356 1496 1445 aliquod
1529 1357 1660 1442 nuptias
1691 1351 1933 1425 contrahendas
1954 1351 2064 1439 impe·

423 1480 466 1528 ex
484 1457 642 1545 conjugio
660 1451 719 1525 filii
740 1481 817 1528 cum
839 1454 942 1528 altera
963 1452 1075 1529 sorore
1099 1477 1230 1528 contra.
1256 1462 1368 1537 diens,
1392 1466 1426 1531 dt
1448 1457 1632 1527 contractas
1653 1448 1829 1523 ditiolrens
1845 1476 1885 1523 ex
1904 1445 2064 1535 sponsali·

423 1557 483 1627 sto
503 1557 624 1633 amita,
649 1563 684 1627 dt
701 1552 744 1626 stc
760 1557 794 1627 in
816 1551 960 1628 secundo
976 1553 1069 1630 linea
1085 1555 1228 1643 inequa·
1252 1556 1314 1628 bus
1337 1557 1420 1627 oriri
1438 1556 1606 1636 statuunt,
1634 1556 1724 1640 quod
1750 1573 1871 1622 vocant
1890 1547 2063 1649 justitium

425 1649 467 1724 iis
499 1656 606 1744 gradu
634 1675 777 1741 propter
798 1677 969 1743 paternam
994 1659 1227 1747 cognationem
1251 1653 1397 1755 publica
1427 1653 1617 1750 honestatis.
1669 1649 1803 1721 Publica
1826 1648 1884 1722 ille
1910 1647 2062 1720 honestes

303 1785 306 1790 ·
424 1752 535 1824 eidem
564 1755 762 1838 camundis,
793 1755 851 1842 qui
877 1756 999 1844 gradus
1021 1756 1135 1825 divino
1153 1760 1228 1842 iure
1253 1758 1299 1828 est
1318 1750 1475 1826 inchoata
1496 1750 1649 1848 quadarn
1663 1749 1847 1847 adfinitas,
1868 1747 1949 1821 ficut
1966 1745 2063 1842 ‚spion-

425 1847 616 1940 prohibitus
637 1850 694 1921 est.
762 1858 813 1939 7.]
833 1851 894 1923 Ob
916 1851 1116 1950 neaeffitatir
1139 1852 1231 1945 dese·
1246 1852 1344 1951 satia
1359 1851 1614 1924 matrimonium
1631 1846 1822 1921 inchoatum
1836 1849 1901 1919 dici
1917 1843 2060 1935 potsunt.

425 1945 524 2023 siunt.
578 1951 668 2021 Corn
690 1945 789 2022 hodie
806 1975 912 2042 genus
927 1953 1109 2032 humanum
1128 1950 1230 2043 longe
1256 1952 1473 2026 Bellarminus
1495 1955 1537 2022 de
1559 1952 1703 2020 matrim.
1732 1973 1804 2037 cap.
1830 1952 1940 2020 XXX.
1971 1954 2001 2040 ς.
2027 1966 2064 2032 4.

426 2045 561 2134 iateque
579 2068 799 2138 propagatum
824 2074 862 2120 ac
888 2050 1148 2137 multiplicatum
1170 2047 1231 2135 sit,
1255 2056 1308 2126 Ut
1332 2076 1417 2144 ergo
1445 2046 1595 2139 perfetta
1612 2045 1761 2122 adfinitas
1779 2048 2062 2148 impedimentum

427 2144 520 2218 nulii
540 2148 677 2216 omnino
694 2144 865 2218 neceffitas
886 2144 1147 2241 consanguineos
1176 2173 1233 2221 ur·
1256 2153 1302 2223 est
1314 2152 1475 2222 dirimens
1489 2147 1740 2218 matrimonium
1757 2148 1790 2218 in
1809 2142 1969 2218 omnibus
1986 2165 2065 2234 gre·

427 2267 507 2337 get,
530 2267 568 2316 ut
587 2246 621 2315 in
641 2245 758 2316 iisdem
775 2244 908 2318 familiis
923 2273 1041 2321 uxores
1059 2268 1230 2337 quaerant,
1255 2248 1373 2328 dibus,
1403 2251 1448 2318 ita
1466 2248 1591 2338 justum
1617 2242 1677 2334 ipsi
1706 2248 1861 2329 videtur,
1888 2252 1928 2315 ut
1950 2238 2066 2341 patti-

429 2341 485 2415 sed
506 2368 625 2434 magna
644 2340 768 2431 ubique
786 2341 930 2433 suppetit
948 2345 1162 2420 foeminarum
1176 2371 1232 2417 co-
1260 2371 1304 2438 ca
1322 2346 1470 2447 honestas
1489 2344 1747 2417 matrimonium
1763 2345 1800 2417 in
1820 2340 1937 2439 aliquo
1947 2337 2063 2439 solute

428 2442 510 2532 pia,
532 2440 709 2529 exquibus
735 2436 886 2533 sponsam
916 2444 975 2519 fibi
1002 2447 1170 2539 deligere,
1197 2454 1233 2519 δι
1257 2447 1372 2544 gradu
1386 2446 1541 2519 dirimat.
1595 2448 1655 2516 Sed
1676 2441 1814 2516 discedit
1833 2442 1948 2514 bacin
1970 2460 2065 2531 parte

432 2538 495 2610 hac
514 2544 640 2611 ratione
657 2544 839 2624 amicitias,
864 2543 1049 2620 adfinitates
1065 2557 1099 2621 δι
1112 2569 1234 2637 cogna-
1260 2546 1478 2620 Bellarminus
1505 2570 1525 2616 a
1555 2543 1756 2623 canonistis,
1779 2544 1835 2629 qui
1860 2564 1927 2612 non
1951 2543 1988 2614 io
2008 2538 2064 2611 ati·

431 2642 539 2746 tiones
571 2636 667 2708 iatius
696 2632 855 2733 spargere
879 2641 1022 2733 possunt.
1096 2650 1149 2731 8.)
1174 2641 1234 2716 Ob
1260 2672 1327 2734 quo
1344 2642 1449 2718 selum
1472 2646 1580 2735 gradu
1600 2638 1770 2730 publicam
1794 2643 1998 2712 honestatem
2017 2638 2063 2709 di·
2092 2695 2094 2702 .

433 2735 544 2832 causa
555 2736 692 2831 nuptias
701 2739 866 2831 ejusmodi
880 2734 1094 2817 conciliantis
1096 2746 1234 2845 statum.
1262 2748 1386 2818 rimere
1402 2744 1652 2814 matrimonium
1675 2743 1845 2820 statuunt,
1873 2739 1928 2811 ted
1951 2741 1989 2810 in
2010 2759 2065 2830 ge·

433 2837 636 2924 Plerumque
663 2838 753 2908 enim
777 2842 965 2930 πλεονεξία
991 2842 1240 2917 &hereditatis
1265 2869 1345 2917 nere
1375 2843 1624 2933 pronunciant,
1661 2840 1925 2937 consanguineos
1962 2834 2062 2935 spiens

432 2961 514 3009 cum
530 2934 689 3024 proximis
701 2935 952 3031 consanguineis
969 2940 1179 3017 &adfinibus
1191 2944 1241 3014 di·
1265 2968 1338 3016 cum
1362 2938 1491 3039 sponso
1515 2961 1575 3036 prr
1605 2949 1743 3012 mortem
1765 2940 1881 3039 sponst
1915 2936 1969 3011 uri
1996 2935 2060 3009 aiio

434 3037 588 3111 ridenda
620 3034 784 3124 copiditas
818 3042 865 3111 est
903 3039 1018 3113 talium
1049 3045 1240 3133 nuptiarum
1266 3041 1364 3116 modo
1385 3038 1520 3138 rrscrffis
1541 3036 1760 3134 sponsalibus
1784 3037 1978 3112 contrahere
2003 3055 2061 3109 nor

437 3133 669 3216 conciliatrix,
693 3137 851 3225 fiqaidem
879 3140 1111 3215 contrahentes
1129 3138 1242 3230 utplu·
1263 3139 1373 3240 pose,
1391 3138 1431 3213 Θ
1444 3141 1514 3212 vice
1527 3135 1640 3234 uersu,
1665 3140 1699 3208 id
1715 3142 1803 3227 quod
1821 3140 1979 3230 congruit
1994 3155 2061 3207 eom

438 3232 563 3307 timum
596 3235 630 3304 in
656 3232 813 3325 eligendo
838 3238 895 3308 tali
934 3242 1145 3311 matrimonio
1174 3263 1242 3309 non
1268 3238 1446 3311 manifestis
1472 3239 1554 3327 jutis
1578 3240 1727 3309 canonici
1751 3238 1894 3308 textibus
1919 3262 1949 3308 c.
1968 3241 2060 3327 Jove·

361 3372 364 3376 ·
438 3334 619 3423 pietatem,
646 3359 716 3405 non
731 3337 904 3418 virtutem,
918 3365 983 3409 non
1003 3342 1156 3410 timorem
1166 3342 1243 3419 Dei,
1269 3344 1318 3411 nis
1336 3362 1419 3411 extr.
1438 3340 1479 3410 de
1502 3332 1605 3426 spons.
1626 3347 1660 3410 dt
1676 3340 1820 3408 matrim.
1851 3334 1998 3426 Propter
2013 3334 2062 3406 it·

439 3428 495 3503 sed
517 3433 647 3502 divitias
664 3428 865 3521 respiciunt,
890 3462 931 3507 ne
951 3432 1072 3510 scilicet
1087 3462 1130 3508 eae
1148 3433 1244 3507 iatius
1269 3442 1421 3539 nestatrm
1442 3434 1599 3533 ecclesa,
1624 3436 1704 3529 qaia
1729 3438 1878 3530 conjunx
1893 3431 2000 3530 suist
2020 3431 2064 3505 di·

295 3588 306 3596 .
441 3531 683 3611 distrahantur,
710 3536 799 3605 &ad
813 3532 890 3603 alias
907 3532 1043 3608 familias
1055 3536 1244 3620 deveniant,
1269 3550 1358 3611 citur
1382 3535 1474 3608 iliius
1493 3537 1650 3631 juvenis,
1674 3537 1732 3629 qai
1753 3534 1897 3631 puellam
1925 3533 2062 3605 nondun

441 3626 497 3702 sed
523 3632 557 3700 in
578 3654 642 3700 una
662 3648 791 3701 tantum
819 3629 941 3704 familia
969 3635 1059 3706 eolla
1082 3659 1121 3706 ex
1150 3657 1245 3722 parte
1263 3635 1451 3734 septennem
1469 3657 1541 3706 earn
1561 3632 1728 3716 duxerat,
1752 3635 1975 3719 mandamur,
1991 3652 2062 3729 μα·

440 3731 625 3800 imminuta
652 3727 830 3816 peifistant.
891 3733 1036 3825 Quando
1064 3737 1167 3824 igitur
1192 3758 1245 3805 res
1271 3749 1364 3810 tenus
1376 3732 1607 3827 consobrinam
1627 3731 1717 3805 iilius
1730 3735 1856 3829 puelia,
1872 3756 1971 3828 paam
1985 3733 2063 3832 pos·

442 3828 553 3899 adhuc
574 3828 709 3918 integra·
723 3830 784 3910 en,
807 3828 871 3900 hoc
887 3834 951 3907 est.
978 3831 1165 3903 sinondum
1195 3827 1243 3903 ef·
1271 3837 1403 3907 modum
1429 3833 1558 3917 duxit,
1589 3830 1768 3904 abeodem
1795 3834 1945 3908 dividas.
1975 3858 2005 3905 c.
2031 3828 2063 3902 ad

443 3923 525 3997 iicon
542 3924 712 4013 promissio
735 3926 788 3998 vel
810 3924 1015 4016 desponsatio
1038 3925 1244 4015 intercessit,
1270 3937 1467 4007 audientiam
1493 3938 1566 4004 end.
1621 3928 1787 4027 Sponsam
1805 3931 1938 4025 fratris
1956 3931 2064 4025 frater

445 4048 508 4120 nec
529 4027 609 4093 dum
624 4021 801 4095 arctissimo
816 4030 937 4098 amoris
957 4028 1090 4101 vinculo
1103 4036 1244 4115 ejusmo·
1270 4034 1388 4108 hahere
1417 4054 1483 4101 non
1508 4034 1621 4132 potest.
1647 4057 1675 4102 c.
1700 4027 1855 4121 Sponsam
1871 4040 1946 4116 eod.
1964 4028 2065 4126 Spar

445 4126 480 4197 di
496 4117 710 4208 personarum
727 4128 828 4195 animi
846 4129 1063 4218 conglutinati
1080 4123 1162 4210 sunt,
1176 4125 1247 4213 pia·
1264 4132 1342 4230 sant
1366 4129 1533 4210 ulterius,
1568 4132 1716 4202 inaxirne
1731 4133 1763 4230 s
1782 4134 1824 4231 esi
1848 4129 1959 4203 nubili
1979 4126 2066 4208 aud

398 4252 400 4257 ·
445 4224 519 4297 cide
546 4231 581 4295 dt
608 4224 786 4293 comitere
815 4227 986 4313 proposito
1015 4228 1246 4313 nupturientes
1270 4233 1458 4330 proxima,
1481 4230 1588 4303 nultus
1613 4228 1935 4324 consanguineorum
1958 4229 2065 4326 aliq‘uo

445 4320 520 4396 sunt
537 4321 744 4405 abducendi,
770 4322 815 4393 fin
845 4349 924 4397 vero
947 4327 1171 4397 admonitione
1190 4327 1248 4397 isto
1273 4331 1370 4404 modo
1398 4327 1459 4422 fibi
1478 4334 1579 4427 potest
1608 4322 1824 4402 matrimonio
1846 4330 2016 4426 copulare.
2041 4352 2066 4399 c.

444 4420 633 4514 posthabita
657 4422 689 4489 in
715 4417 872 4492 sententia
902 4419 955 4497 sua
985 4423 1124 4495 firmiter
1146 4423 1248 4510 petfi·
1273 4420 1415 4504 Accessit
1431 4451 1514 4501 extr.
1533 4436 1574 4501 de
1589 4424 1737 4515 deipons.
1754 4429 1882 4517 impub.
1934 4426 2069 4501 Inhone-

446 4524 556 4598 ssant.
583 4520 665 4611 legis
683 4523 827 4606 quodam
852 4527 965 4613 rigore
988 4522 1159 4611 prohiberi
1191 4550 1246 4594 ne·
1266 4534 1354 4631 stum
1382 4527 1538 4612 videtur,
1573 4540 1612 4600 ut
1631 4540 1769 4600 matrem
1799 4529 1952 4614 habeat,
1984 4530 2072 4623 cusat

445 4641 594 4708 queunt,
608 4617 714 4688 multo
733 4624 839 4690 minus
858 4624 934 4695 talia
948 4625 1156 4693 matrimonia
1170 4648 1245 4694 con·
1267 4630 1350 4729 filia
1365 4627 1442 4722 snit
1452 4626 1521 4728 fibi
1538 4625 1745 4724 desponsata.
1769 4654 1796 4699 c.
1827 4630 2072 4704 continebatur

446 4711 786 4831 s⁰¹3³f¹³⁸1⁸di⁵t⁰⁰8b
815 4721 865 4789 '⁸¹
886 4748 949 4814 1)ΐο
963 4722 1145 4815 illessidmiS
1164 4731 1196 4795 ὅ(
1212 4720 1250 4791 il·
1274 4732 1352 4802 eod.
1405 4721 1446 4799 Si
1467 4727 1572 4821 puelia
1595 4730 1688 4799 intra
1705 4725 1833 4799 nttbilrr
1847 4750 1954 4800 annos
1967 4722 2071 4799 aticut'

447 4812 547 4888 lictus
566 4811 691 4887 censeri
710 4815 843 4890 debent.
1275 4822 1475 4921 desponsata
1484 4827 1613 4920 suerit,
1636 4827 1802 4900 nonlicet
1822 4828 1928 4899 alicui
1946 4829 1986 4898 de
2003 4849 2074 4898 ron·

436 4971 487 5053 „A
549 4967 552 4972 »
612 4983 645 5047 d,
757 4922 784 5007 §.
807 4922 990 5031 CQCLiX.
1046 4924 1153 5007 Atque
1183 4920 1252 4991 bec
1270 4923 1508 5022 sanguinitate
1526 4928 1646 5025 ipsius,
1675 4929 1729 4999 rui
1743 4928 1780 5019 dr
1793 4924 1942 5022 ”s‘ousata
1956 4920 2076 5021 suerit,

442 5001 661 5154 lisam?
711 5018 753 5083 de
773 5031 1023 5114 propinquitate
1036 5018 1190 5092 naturali
1211 5015 1252 5093 ὅ
1276 5051 1346 5098 ram
1373 5029 1407 5097 in
1429 5049 1565 5098 uxorem
1588 5026 1722 5106 ducere,
1746 5051 1804 5098 arc
1820 5026 1883 5118 sar
1907 5028 1951 5128 ts
1975 5026 2077 5098 eidem

449 5084 663 5230 ‚gisimacas
709 5119 988 5212 matrimoniali,
1020 5120 1085 5196 boc
1108 5122 1186 5206 est,
1211 5118 1252 5194 dr
1267 5123 1393 5239 [pranso
1409 5123 1450 5197 dr
1469 5124 1760 5225 consanguinitate
1769 5123 1906 5228 sponsa
1920 5124 1992 5227 sbi
2016 5123 2081 5199 aii·

1984 5244 2082 5325 qim

2105 3905 2108 3934 t
