4884 5984
589 509 597 518 ’
830 504 892 576 uu
942 491 1220 581 notrannus
1270 454 1581 580 srurtrnnrn.
1946 520 2028 599 n,

376 687 504 768 lallssoili
538 671 759 787 explicatione
786 698 885 790 ipfius
908 702 1031 777 Christi
1058 698 1181 774 Mnm
1208 700 1290 791 quit.
1341 703 1399 795 4.)
1432 697 1613 775 Scortatar
1643 693 1816 774 atterens
1836 696 1953 798 scorta
1973 697 2026 800 fit

370 799 466 875 xlx,
478 800 719 883 5.Marc.X‚8.
772 802 879 871 Priori
894 805 994 872 modo
1009 823 1183 891 acceptum
1207 825 1281 872 cans
1303 797 1363 873 ilia
1384 823 1452 874 una
1473 822 1553 875 cara
1577 801 1751 885 rCor.V1‚
1770 808 1824 872 16.
1872 797 1930 875 At
1949 821 2024 873 sna·

367 915 438 965 non
457 891 603 965 excludit
621 920 754 972 omnem
775 897 1020 987 pluralitatem,
1039 895 1092 971 sed
1115 920 1181 969 tun·
1207 901 1297 972 ritus
1312 905 1419 1003 potest
1430 902 1516 1000 fieri
1524 898 1710 997 scortator.
1749 895 1865 996 'Erga
1875 901 1925 999 fit
1946 921 2023 976 curn
2128 899 2160 939 ⁸·

367 1012 446 1064 tum
469 994 656 1082 posteriori.
708 1000 761 1089 ς.)
794 996 908 1072 Verba
929 997 1013 1078 illa,
1038 996 1184 1070 adhaere-
1200 995 1317 1095 scorta
1339 1023 1406 1073 una
1421 1023 1511 1074 caro.
1569 995 1696 1098 Quadst
1717 1021 1797 1094 ergo
1816 997 1902 1076 talis
1917 999 2024 1076 nari·

366 1088 420 1161 bit
447 1092 500 1163 vir
526 1096 622 1163 uxori
646 1092 729 1176 suar,
759 1092 800 1168 ii
821 1120 920 1169 erunt
942 1101 1009 1170 duo
1028 1099 1062 1167 in
1083 1120 1181 1168 carne
1208 1109 1263 1171 tus
1280 1096 1416 1174 adulter
1434 1126 1507 1175 cnm
1517 1098 1634 1198 scorto
1645 1098 1695 1196 fit
1719 1120 1786 1169 una
1810 1121 1907 1188 cara,
1933 1095 2023 1174 mul·

363 1201 454 1278 una,
474 1186 543 1262 'lsac
560 1190 733 1267 duntaxat
756 1196 946 1292 requirant,
973 1206 1011 1269 ut
1026 1196 1082 1268 vir
1100 1192 1182 1267 dili·
1206 1208 1241 1270 to
1257 1199 1370 1295 magis
1388 1199 1472 1298 poly
1497 1222 1682 1274 amurcam
1695 1192 1844 1292 secunda
1857 1223 1964 1277 uxore
1974 1197 2024 1300 fit

363 1293 433 1384 gat
449 1293 590 1363 uxorem
605 1289 727 1387 saram,
744 1318 786 1364 ae
792 1297 827 1394 st
845 1292 919 1394 affut
931 1318 998 1367 aaa
1014 1317 1093 1368 caro
1108 1319 1181 1365 cum
1205 1320 1273 1370 una
1298 1321 1399 1386 caro,
1436 1228 1565 1396 Cigper
1595 1294 1790 1395 consequens
1820 1299 2024 1397 polygania

366 1383 465 1486 ipsa,
489 1400 528 1462 at
549 1414 587 1462 ue
607 1416 707 1464 unum
732 1419 803 1465 casn
828 1417 1020 1491 eucarpus,
1045 1394 1181 1492 perinde
1205 1419 1271 1468 non
1294 1410 1460 1495 repugnat
1476 1399 1587 1475 ontis
1609 1398 1679 1471 iliis
1696 1398 1870 1494 primeva
1890 1399 2024 1502 inpttu

366 1496 405 1560 ut
425 1414 570 1583 quiliies
583 1489 719 1585 jubetur
731 1492 875 1589 diligere
887 1498 1094 1589 proximum,
1100 1495 1183 1589 ficut
1205 1497 1330 1576 tionis:
1369 1496 1486 1574 Erunt
1512 1501 1549 1592 in
1574 1520 1706 1572 carneas
1729 1521 1842 1581 unam,
1855 1500 1927 1601 stae
1952 1520 2022 1574 una

363 1581 542 1684 seipsam.
594 1582 691 1689 June
711 1615 787 1665 uera
813 1606 1012 1691 preceptum
1036 1593 1075 1667 de
1097 1591 1183 1666 dile·
1206 1619 1297 1670 cara.
1350 1595 1450 1697 Resp.
1472 1602 1709 1679 concedimus,
1734 1598 1924 1673 adulterum
1944 1624 2023 1673 cum
2115 1648 2120 1655 -

370 1684 472 1761 tione
496 1691 657 1786 proximi
683 1692 818 1788 impleri
836 1697 960 1792 potest,
978 1697 1013 1795 st
1035 1692 1089 1767 uel
1110 1715 1183 1765 ma·
1206 1692 1314 1769 scorto
1342 1696 1415 1772 fieri
1443 1723 1578 1771 carnem
1610 1722 1728 1779 unum,
1762 1695 1818 1770 sed
1842 1723 2024 1793 negamus,

372 1786 461 1859 xime
485 1788 603 1885 plures
622 1794 805 1887 proximus
826 1792 1023 1888 diligamus.
1081 1790 1183 1890 Erga
1207 1821 1285 1867 cum
1313 1823 1390 1870 cum
1412 1797 1557 1894 conjuge
1587 1797 1736 1887 legitima
1759 1822 1894 1870 manere
1922 1823 2025 1870 uuam

372 1886 471 1958 etiam
487 1893 691 1986 praeceptum
712 1890 752 1964 de
772 1890 949 1989 diligendo
976 1917 1082 1969 uxore
1108 1904 1183 1965 tan·
1208 1921 1353 1968 curnem.
1405 1897 1497 1997 Quis
1517 1899 1608 1969 enim
1631 1895 1723 1988 leges
1740 1897 1889 1988 conjugii
1909 1898 2025 1987 requi·

375 2008 469 2083 quarn
488 1990 633 2085 propria
656 2013 753 2063 carne
779 1992 913 2088 impleri
932 1996 1054 2095 potest,
1073 1992 1107 2092 st
1129 1989 1183 2064 ael
1207 2017 1310 2074 runt,
1334 2017 1371 2066 ut
1392 1998 1529 2066 maritus
1549 2020 1633 2065 unos
1656 2019 1733 2067 cuns
1754 2019 1856 2067 uxore
1876 2021 1942 2068 una
1966 1992 2026 2068 fiat

322 2087 327 2196 's
375 2088 520 2159 naxirne
541 2088 657 2185 plures
675 2115 798 2164 uxores
821 2093 965 2166 maritus
978 2092 1183 2192 polygonus
1206 2120 1272 2164 unu
1300 2118 1405 2182 caro,
1443 2097 1518 2166 ideo
1544 2089 1568 2164 st
1592 2117 1674 2165 unus
1706 2092 1819 2164 multis
1849 2096 2023 2185 jungitur,

375 2183 512 2282 diligar.
565 2193 670 2261 Item:
696 2187 801 2272 Sicut
812 2189 891 2267 Aa.
905 2190 927 2263 I
933 2191 978 2279 V,
991 2218 1046 2279 32.
1065 2192 1182 2265 multi·
1206 2216 1274 2263 non
1294 2195 1358 2263 erit
1375 2190 1517 2282 amplius
1534 2195 1679 2263 duorum
1694 2217 1758 2264 una
1770 2216 1864 2277 caro,
1878 2218 1941 2265 nec
1954 2203 2026 2266 taut

376 2282 502 2359 tudinis
521 2284 722 2362 credentium
742 2295 844 2393 potest
864 2288 925 2390 effe
945 2316 1002 2366 cor
1021 2314 1121 2364 unum
1142 2287 1182 2365 ii
1206 2292 1410 2377 unimquom
1428 2289 1545 2362 divifio
1568 2288 1605 2361 fit
1622 2317 1687 2381 per
1710 2290 1810 2362 talem
1830 2293 1926 2362 unius
1945 2316 2025 2365 cum
2126 2340 2128 2362 .

376 2385 487 2459 anima
511 2409 598 2473 una,
621 2389 672 2461 ita
698 2414 822 2487 quoque
843 2417 925 2466 unus
944 2393 1088 2466 maritus
1108 2412 1182 2464 cum
1207 2389 1321 2459 multis
1348 2390 1629 2477 conjuntlrionem.
1682 2388 1960 2486 inter·conjuges
1989 2389 2026 2463 ri

372 2483 526 2583 pluribus
562 2488 727 2562 uxoribus
758 2495 863 2591 potest
899 2488 958 2588 pffe
993 2515 1072 2564 caro
1104 2511 1181 2563 nnn
1207 2488 1328 2559 divina
1345 2489 1556 2559 institutionis
1576 2512 1643 2562 tam
1661 2484 2027 2569 trecentenarium
2092 2488 2095 2492 ’
2193 2498 2196 2506 “

376 2579 472 2684 Resp.
501 2586 548 2657 est
569 2582 678 2675 dispar
695 2592 778 2662 ratio
803 2615 891 2663 inter
905 2590 1089 2662 maritalem
1104 2614 1184 2666 con·
1209 2590 1346 2660 nutritus
1360 2612 1427 2658 non
1443 2586 1584 2676 amplius
1602 2587 1722 2661 lrabeat
1736 2589 1887 2675 corporis
1903 2583 1950 2657 lui
1965 2610 2027 2676 po·
2045 2665 2047 2669 y

373 2688 573 2774 juudtionem
589 2688 623 2760 δι
641 2686 848 2761 christianam
862 2689 1084 2763 dilectionem.
1109 2693 1185 2760 Ma·
1209 2688 1375 2774 testatem,
1402 2682 1455 2757 led
1482 2711 1555 2758 eum
1579 2691 1612 2760 in
1639 2711 1777 2758 uxorem
1801 2681 2024 2769 transtulerit,

375 2786 472 2858 tulis
497 2786 589 2856 enim
615 2789 678 2858 viri
698 2791 855 2861 &nonoris
883 2788 1073 2885 cunjundtio
1094 2812 1183 2859 com·
1209 2789 1300 2872 quod
1324 2784 1345 2854 lt
1371 2809 1454 2877 ergo
1487 2786 1521 2855 in
1547 2785 1645 2858 aliam
1674 2783 1848 2857 mulierem
1872 2790 2025 2857 eansdeut

374 2882 530 2975 plectitur
545 2909 612 2955 non
632 2906 760 2958 tantum
777 2888 985 2967 animorum,
1009 2882 1184 2958 sedetiam
1210 2880 1387 2963 transfert,
1417 2887 1597 2974 disrumpit
1628 2881 1804 2977 conjugale
1835 2881 2025 2965 vinculum,

375 3008 553 3075 corporum
570 2988 850 3073 conJundtiunem.
902 2989 1100 3057 Animorum
1115 2986 1186 3073 qui·
1210 2986 1378 3056 &artium
1398 2979 1489 3053 illum
1507 2984 1542 3055 in
1566 3010 1666 3055 unam
1680 2979 1902 3063 carnem,five
1918 2982 2026 3054 carnis

375 3081 445 3155 dem
465 3088 662 3170 conjunctio
687 3088 793 3172 potest
818 3081 881 3157 elle
902 3088 991 3157 inter
1012 3110 1115 3155 unum
1136 3087 1183 3154 vi·
1209 3084 1305 3152 unius
1324 3078 1538 3154 cuhaefio'nem
1559 3080 1684 3154 nefarie
1695 3079 1851 3161 divellit,
1874 3073 2025 3171 ude‘oque

376 3206 444 3255 rum
462 3191 499 3255 dc
517 3179 630 3271 plures
650 3182 715 3254 live
741 3182 915 3270 viros,ssve
936 3183 1108 3264 foeminas,
1131 3180 1183 3253 sed
1210 3202 1326 3253 contra
1352 3183 1563 3260 intemeratus
1596 3182 1744 3271 conjugii
1776 3178 1866 3270 leges
1899 3201 2028 3270 peccat.

333 3341 337 3348 .
371 3303 554 3376 ,corporum
584 3286 773 3370 coniunctio
798 3282 947 3376 legitima
963 3294 997 3358 δι
1016 3285 1186 3355 nsatrimo·
1210 3277 1362 3367 Reliquae
1382 3282 1594 3368 exceptiones
1609 3280 1746 3350 minoris
1765 3274 1839 3349 lunt
1854 3282 2027 3364 momenti,

375 3379 463 3451 siclis
488 3380 523 3451 vi
541 3379 662 3452 divine
685 3385 974 3455 institutionisnon
991 3384 1097 3473 potest
1113 3376 1187 3465 elle,
1209 3400 1330 3468 utpote
1357 3384 1405 3466 5.)
1424 3374 1525 3474 Quod
1543 3377 1645 3452 verba
1666 3376 1749 3474 iliu,
1773 3399 1873 3450 erunt
1896 3381 1963 3449 duo
1991 3379 2028 3449 in

374 3475 430 3552 niti
454 3479 544 3550 iuter
568 3479 679 3551 sirum
700 3507 858 3553 unumne
880 3481 1054 3554 foeminum
1075 3507 1188 3560 unum,
1211 3501 1312 3549 carne
1335 3500 1419 3565 una,
1446 3501 1512 3550 non
1554 3488 1604 3551 ent
1619 3473 1690 3550 Dei
1722 3475 1947 3575 instituentis,
1961 3472 2025 3570 sed

377 3581 460 3651 unde
484 3575 650 3665 apostolus
672 3577 776 3651 infert
807 3584 1010 3661 tCor.V11‚
1024 3610 1058 3674 4.
1083 3580 1187 3653 mari·
1213 3573 1349 3648 Adami
1377 3571 1425 3647 ad
1449 3575 1672 3675 paropaplus
1691 3567 1793 3670 fitam
1823 3572 2031 3672 respicientis

378 3685 444 3752 lusa
466 3697 534 3747 nan
553 3672 671 3751 lrabere
686 3682 877 3779 potestatam
888 3679 949 3777 sui
964 3676 1192 3778 corporis,sed
1215 3672 1327 3750 uerba.
1380 3677 1482 3761 Atqui
1499 3677 1651 3750 Christus
1679 3670 1807 3746 disertis
1837 3671 1948 3746 verbis
1974 3698 2029 3745 ea.

378 3799 538 3854 uxorema
568 3799 625 3848 nec
652 3802 790 3851 uxorem
819 3775 938 3855 dobere
960 3781 1113 3876 corporis
1131 3776 1191 3876 sui
1214 3781 1292 3848 dem
1324 3771 1384 3861 ipfi
1410 3778 1486 3848 Deo
1513 3773 1633 3847 tribuit
1659 3770 1780 3847 Matth.
1798 3775 1949 3865 xlm.
1975 3769 2030 3845 v'el

376 3871 641 3981 patestatem‚sed
653 3881 832 3960 mariturus
860 3883 948 3969 quud
964 3880 1105 3973 frigitur
1122 3905 1192 3951 ma.
1214 3878 1320 3967 igitur
1340 3876 1470 3946 Adamo
1495 3873 1690 3947 tribuuntur
1714 3875 1872 3945 duntaxat
1897 3867 2031 4041 ippon-

379 3978 457 4051 titus
473 3995 599 4066 corpus
617 3970 710 4072 suum
731 3979 833 4063 etiam
850 3980 944 4052 alteri
962 3977 1107 4052 foeminae
1126 4000 1191 4051 tra·
1204 3971 1313 4062 κῶς,
1352 3993 1468 4061 utpote
1498 3976 1557 4063 qui
1588 3971 1738 4062 repletus
1760 3973 1901 4060 Spiritus
1942 3969 2031 4043 andi

381 4077 444 4166 dir,
469 4097 589 4167 peccat
604 4075 638 4144 51¹
658 4077 806 4165 conjugii
826 4073 1192 4169 leges‚&perfortun
1215 4076 1310 4144 donis
1337 4072 1484 4159 eiusdem
1514 4070 1658 4162 impulsu
1682 4080 1717 4145 dt
1734 4071 1890 4142 instintiu
1912 4072 2031 4141 cadem

381 4170 472 4248 tlteri
496 4169 617 4263 eripit,
641 4178 732 4261 quud
756 4202 825 4246 non
847 4175 990 4262 amplius
1010 4180 1054 4242 est
1078 4179 1114 4248 in
1137 4173 1192 4247 suu
1217 4170 1319 4245 fuerit
1344 4170 1559 4259 prolocutus,
1596 4169 1651 4240 vel
1682 4170 1904 4259 precedentis
1939 4168 2030 4256 apud

344 4353 349 4369 R
380 4276 548 4362 potestate.
600 4277 743 4345 Maritus
761 4275 958 4362 potestatem
974 4278 1123 4358 torporis
1143 4271 1191 4346 soi
1217 4267 1335 4342 Mosen
1358 4268 1459 4341 verba
1484 4268 1573 4355 quast
1598 4293 1661 4357 per
1688 4264 1899 4354 parenthcfin
1925 4262 2030 4353 pofita

376 4369 576 4465 lngtxorcm
605 4374 737 4464 penitus
768 4373 961 4453 transtulit,
989 4393 1027 4439 uc
1049 4368 1193 4457 proinde
1215 4370 1406 4458 accipienda
1439 4364 1539 4451 lunt,
1578 4388 1616 4436 ut
1647 4365 1836 4435 nsunuimus
1872 4359 2033 4452 superius.

388 4467 588 4567 umfletum
613 4474 708 4563 uxori
731 4470 899 4543 adherere
920 4467 1029 4540 debet.
1096 4471 1141 4535 At
1171 4457 1192 4532 lt
1221 4465 1272 4543 6.)
1302 4462 1404 4558 Quod
1436 4462 1576 4566 aestibus
1608 4462 1782 4536 duntaxat
1809 4459 1957 4561 pelliceis
1993 4461 2031 4534 in
2062 4541 2065 4546 ,

388 4572 524 4622 Μῦς
556 4570 630 4639 vai,
655 4569 807 4661 pluribus
836 4568 993 4642 uxoribus
1023 4567 1057 4635 iu
1081 4562 1192 4633 matri·
1224 4566 1391 4631 communi
1411 4568 1484 4637 nita
1506 4561 1680 4652 utendum,
1697 4560 2033 4663 enclsarifliatemp'u⁴

356 4699 360 4706 -
386 4651 501 4752 monio
521 4648 730 4744 cohabitare.
757 4691 830 4741 tum
856 4691 939 4739 uxor
964 4692 1032 4737 non
1058 4662 1195 4733 haberet
1220 4667 1408 4733 natantum
1425 4663 1607 4763 paschatos
1625 4685 1667 4735 ac
1684 4662 1888 4761 vespertino,
1905 4657 1946 4735 id
1959 4662 2033 4766 qpi·

332 4761 336 4766 ’
388 4750 587 4843 potestatem
607 4761 775 4848 eorporis,
798 4763 852 4832 sed
865 4789 941 4853 pars
953 4763 1023 4862 ejus
1041 4788 1105 4833 una
1120 4784 1196 4831 cum
1220 4755 1294 4829 dem
1318 4759 1354 4834 in
1388 4759 1557 4860 canendo
1577 4761 1710 4837 admini
1737 4759 1847 4860 randa
1865 4749 2033 4861 fisret‚⁴st

375 4872 492 4938 ‚utute
524 4878 614 4930 una,
644 4883 716 4939 pars
740 4857 844 4929 altera
868 4881 1070 4930 cum'urore
1095 4858 1198 4923 altera
1219 4881 1264 4925 ex
1277 4858 1392 4947 prima
1407 4865 1559 4955 cujusque
1580 4862 1630 4950 rei
1651 4862 1686 4935 in
1715 4861 1856 4933 itutiane
1875 4857 2031 4957 legitima

388 4955 594 5030 coherent,
620 4961 701 5037 ‘quoi
727 4959 761 5026 in
784 4955 962 5031 artiilltnru
982 4951 1040 5024 illo
1065 4951 1198 5019 unitatis
1223 4948 1362 5043 ejusdem
1384 4951 1475 5035 ratio
1496 4960 1648 5046 petenda.
1700 4959 2034 5052 ntduidistinguen.

385 5049 806 5138 murrianonialisuinsulo,
832 5061 883 5130 cui
907 5060 940 5127 in
960 5052 1110 5124 hainonis
1127 5046 1200 5117 nul·
1224 5054 1305 5144 dum
1330 5050 1421 5118 inter
1451 5051 1662 5126 institutionis
1692 5051 1868 5128 ellenrialia
1889 5063 1926 5131 dr
1947 5055 2035 5132 sc'ci-

367 5153 460 5250 ,lin
483 5152 752 5245 conspirandum
770 5159 836 5240 est,
861 5154 972 5231 locum
997 5148 1121 5224 habere
1141 5172 1198 5220 ne·
1224 5145 1382 5315 depelle,
1414 5168 1450 5220 ut
1474 5147 1606 5241 plenius
1628 5133 1855 5250 inuidiosis
1876 5152 2035 5327 tramhde

1311 5266 1376 5315 Η
1635 5329 1638 5334 ,
1839 5317 1845 5326 .
1898 5277 1961 5332 cuc
1985 5276 2033 5332 ar.
