4884 5984
436 517 483 587 14
522 441 541 461 “
665 461 680 526 ·’
890 523 893 534 ·
938 492 1148 572 «nocer
1183 489 1332 570 rrxnr.
1382 490 1505 570 etr:
1540 495 1626 572 ur.

367 711 372 720 “
436 685 615 765 materiam
631 686 729 785 lasne
741 683 961 785 sacramenti.
986 686 1088 783 Resp.
1131 696 1178 779 r.)
1200 696 1287 765 Pon·
1310 687 1384 763 dist.
1403 694 1462 764 26.
1479 690 1590 776 quest.
1604 709 1637 761 r.
1662 687 1756 761 attici
1773 707 1803 759 a.
1826 694 1862 762 te
1887 687 2060 759 canonista
2081 689 2161 758 itte<

436 788 531 863 tilieii
548 815 613 863 non
629 783 837 864 consentiunt
854 793 888 861 in
904 788 1001 881 hujus
1011 788 1203 866 sacramenti
1217 816 1287 864 ma·
1310 785 1438 879 penult.
1458 789 1501 860 de
1515 782 1623 878 spons.
1639 808 1761 875 putant
1775 783 1878 860 rerba
1894 786 1993 859 nnius
2004 786 2160 879 conjugis

429 892 532 961 teria.
586 887 711 962 Melch.
738 892 849 962 Canus
878 887 936 963 lib.
961 891 1053 964 vni.
1079 890 1152 980 loct
1182 888 1284 966 theol.
1309 884 1429 961 lairere
1449 888 1614 960 rationem
1629 887 1779 959 materia
1799 882 1839 959 &
1855 887 2020 959 rationem
2031 884 2161 980 farma
2193 899 2198 922 ’

438 1011 514 1077 rap.
534 993 575 1058 V.
608 989 857 1060 matrimonium
882 987 1060 1077 dupliciter
1079 989 1288 1073 consideran
1310 982 1814 1083 respeffnaerbornmalteriasr
1833 997 2016 1071 decontra,
2039 983 2162 1075 quibus

385 1136 398 1150 ι
439 1090 519 1159 dum
540 1083 603 1158 else
627 1088 730 1168 dicit,
758 1099 796 1159 ret
815 1090 859 1188 est
884 1086 1091 1179 contraries,
1121 1086 1162 1163 tr
1186 1098 1225 1170 nt
1245 1086 1288 1186 esi
1312 1086 1469 1160 Careriur
1481 1084 1596 1160 lib.ll.
1622 1090 1664 1157 de
1685 1086 1878 1157 matrimon.
1899 1109 1930 1155 e.
1947 1090 1974 1157 1.
1992 1087 2083 1157 rede
2098 1082 2164 1156 hor
2209 1167 2213 1176 Ι

432 1183 700 1283 sacramentnm,
721 1185 882 1283 'pinsores
896 1187 1124 1264 contrahentes
1138 1191 1217 1262 dicit
1230 1180 1289 1283 ese
1312 1187 1484 1269 obvertit,
1522 1188 1610 1272 quod
1635 1186 1670 1256 in
1690 1179 1915 1257 corruatiibur
1935 1181 2016 1254 illud
2042 1178 2163 1255 habeat

440 1286 610 1386 ministros
637 1289 810 1382 conjugii,
849 1290 950 1388 retest
976 1286 1188 1372 contratiae,
1222 1309 1288 1357 nan
1312 1285 1476 1356 rationem
1497 1284 1663 1369 materia,
1695 1285 1782 1355 eirea
1802 1288 1893 1370 quod
1914 1281 2062 1353 versrttur
2082 1302 2165 1353 eon·

444 1394 555 1457 artem
573 1396 612 1458 rrt
631 1383 958 1556 eststcrummrnm
975 1389 1156 1470 ,existimat
1184 1387 1289 1479 igitur
1313 1388 1455 1461 tractus,
1481 1406 1549 1454 non
1566 1385 1749 1461 autemid,
1773 1406 1836 1471 per
1857 1383 1945 1467 quod
1961 1381 2164 1469 exprimitur

442 1482 646 1557 elementum
682 1511 723 1558 eu
738 1488 909 1559 materiam
938 1488 1088 1579 coniugii
1118 1482 1181 1558 elle
1206 1486 1289 1554 ritus
1314 1485 1513 1554 conatam.
1572 1479 1793 1553 Bellarminus
1819 1476 1905 1549 hanc
1938 1477 2166 1577 diversitatem

441 1582 518 1654 illos
541 1582 682 1658 visibiles
705 1594 739 1657 δι
756 1609 927 1668 externos,
955 1577 1013 1673 oui
1029 1582 1291 1657 inecclestallica
1314 1574 1551 1654 sententiarum
1582 1581 1789 1652 distinetione
1813 1580 1955 1666 quadam
1981 1576 2165 1670 conciliare

444 1681 656 1771 copulatione
671 1682 896 1765 adhibentur,
912 1684 1024 1772 quales
1042 1672 1290 1768 summanum
1316 1682 1447 1751 nititur.
1479 1673 1644 1779 Canjngir'
1653 1676 1903 1774 sacramentam
1921 1679 2064 1769 (inquit)
2079 1673 2164 1748 ἄπο·

444 1783 654 1867 conjnntrio„
686 1781 801 1868 annuli
830 1785 986 1871 traditio,
1026 1777 1199 1854 consensus
1229 1804 1291 1870 per
1317 1775 1377 1853 lrrrs
1392 1774 1502 1850 madir
1517 1776 1717 1878 consecrari
1728 1778 1853 1877 potes,
1872 1773 2067 1859 utromodo,
2084 1772 2168 1848 dam

446 1878 550 1951 verba
565 1876 708 1952 solennia
726 1878 927 1969 testificatio,
955 1892 1021 1955 tre.
1082 1885 1144 1953 Sed
1160 1884 1292 1954 Currum
1309 1879 1376 1978 fit,
1400 1876 1623 1950 alteramenta
1644 1931 1653 1962 ‚
1677 1875 1756 1951 dnm
1773 1885 1970 1973 permanet,
1991 1876 2173 1974 postquam

315 2063 318 2068 .
444 1975 511 2048 hoc
526 1979 660 2049 nomine
680 1977 897 2053 Bellarminus
915 1977 1056 2059 refellit,
1079 1989 1114 2053 de
1135 1978 1218 2050 nihil
1239 1981 1292 2049 in·
1315 1979 1363 2079 est
1371 1974 1516 2071 satiem.
1568 1973 1690 2051 Priore
1707 1973 1850 2073 respettn
1864 1985 1971 2048 totam
1983 1976 2054 2071 ejas
2070 1969 2170 2071 effert¹

446 2072 562 2148 terelle
580 2080 689 2149 statuit
712 2082 799 2150 inter
817 2082 1025 2151 contratrum
1040 2081 1188 2170 consugii
1205 2075 1295 2149 thri·
1319 2080 1403 2150 tiam
1427 2071 1593 2178 eonsstere
1614 2072 1700 2150 dicit
1732 2078 1769 2150 in
1785 2075 1897 2177 sgnir
1919 2084 2068 2147 matram
2089 2096 2188 2150 can·-¹

439 2176 540 2246 'llinni
561 2184 695 2265 ejusque
720 2179 917 2258 materiam,
958 2173 1102 2248 formam
1130 2186 1164 2250 δι
1193 2176 1295 2248 mini·
1311 2173 1444 2273 seersum
1471 2173 1760 2272 exprimentibus,
1817 2197 1906 2269 reque
1929 2172 2031 2247 verba
2053 2175 2171 2269 conju-

344 2307 353 2322 ι
448 2275 632 2357 strum3'&
650 2273 890 2349 sacramentum
906 2277 1054 2365 conjtrgii
1072 2281 1208 2363 ejusque
1229 2300 1293 2354 ma·
1319 2270 1484 2371 greatest
1511 2277 1687 2348 materiam
1714 2271 1757 2349 ὅ
1798 2295 1926 2348 armam
1940 2272 2172 2371 sacramenti:

317 2456 321 2463 .
447 2373 586 2453 teriam,
620 2370 763 2446 formam
780 2383 814 2451 dt
837 2375 1034 2447 ministrum.
1097 2376 1160 2446 Sed
1184 2376 1297 2445 Canus
1316 2375 1496 2472 postmiare
1514 2372 1655 2470 r‘esiretirr
1676 2371 1766 2472 ipsas
1785 2375 1942 2469 conjuges
1949 2371 2054 2474 srmrtl
2068 2370 2171 2444 cala·

434 2495 515 2561 pro
529 2466 560 2544 se
577 2469 776 2563 respondere
794 2468 915 2562 pollet,
937 2475 971 2544 in
987 2493 1055 2544 ret.
1069 2474 1141 2545 test.
1158 2477 1296 2543 eandem
1321 2472 1485 2552 bitantes,
1498 2470 1559 2568 serr
1581 2485 1755 2547 externam
1769 2477 1949 2568 conjugum
1968 2470 2168 2569 societatem

452 2566 546 2642 soille
566 2574 737 2644 materiam
762 2569 956 2644 &formam
974 2573 1143 2660 conjugii,
1165 2572 1300 2660 quaeest
1325 2568 1367 2646 Εἴ
1391 2571 1650 2667 eonsentiionem
1682 2568 1741 2671 ese
1765 2569 1958 2666 symbolam
1993 2568 2172 2644 materiale

452 2668 489 2740 in
508 2692 617 2753 novoe
641 2693 697 2742 aar
716 2671 822 2764 igitur
849 2671 1120 2751 concedendam,
1151 2670 1241 2757 quod
1264 2668 1299 2738 in
1322 2682 1507 2746 ratarum.
1548 2676 1610 2745 Ser
1630 2673 1701 2743 hac
1718 2670 1908 2743 terremini
1928 2670 2092 2744 distinctio
2108 2693 2173 2759 pe-

252 2803 263 2812 r
393 2817 397 2826 ·
424 2804 429 2812 ·
453 2789 524 2842 vet.
551 2769 651 2842 etiam
675 2770 747 2841 test.
772 2770 967 2860 conjugium
992 2764 1094 2839 fuerit
1118 2763 1296 2838 sacramen·
1325 2775 1365 2843 tit
1379 2772 1604 2861 principium,
1624 2766 1817 2842 sacrementi
1836 2770 1924 2841 enim
1944 2766 2009 2843 effe
2027 2765 2174 2841 confistit

454 2885 547 2948 tom,
572 2889 629 2939 aut
651 2869 881 2949 statuendum,
916 2867 1006 2960 quod
1022 2865 1084 2938 alia
1103 2864 1141 2938 fit
1164 2867 1301 2938 materia
1326 2874 1361 2942 in
1375 2865 1452 2950 uso,
1477 2870 1589 2956 idest,
1615 2870 1745 2941 adriane
1762 2865 2173 2962 sacramentaliaChrista

456 2973 493 3040 &
515 2962 625 3037 forma
641 2967 788 3056 conjugii
809 2967 843 3035 in
856 2989 935 3037 nov.
957 2966 1029 3037 test.
1047 2987 1226 3055 perquam
1246 2960 1303 3034 fiat
1326 2969 1491 3047 instituta,
1515 2969 1656 3055 ideoque
1675 2991 1743 3040 non
1761 2964 2002 3055 potellduplex
2018 2973 2089 3055 eius
2102 2990 2176 3038 me·

348 3143 356 3152 Ι
453 3067 595 3153 proprie
613 3068 739 3136 ditlum
759 3058 1007 3136 sacramentum.
1072 3062 1178 3135 l'oliet
1202 3065 1302 3133 etiam
1328 3055 1807 3155 teriastatui,priorditmfit,
1826 3066 2080 3155 polieriordum
2093 3087 2176 3153 per·

454 3166 565 3237 Canus
588 3163 812 3254 hocrtrgere,
837 3165 926 3250 quod
946 3162 1088 3233 ministri
1108 3160 1251 3233 ecclefiae
1269 3163 1303 3230 in
1330 3188 1464 3253 manet,
1490 3166 1663 3253 postquam
1683 3168 1730 3236 ell
1744 3162 1882 3241 latium
1930 3161 2061 3256 Regula
2078 3160 2176 3232 thea-
2213 3199 2215 3216 ι

446 3285 530 3334 nov.
572 3263 642 3332 test.
686 3259 748 3332 smt
786 3253 950 3353 otranno
969 3347 974 3356 ¹
993 3259 1170 3359 pomata
1211 3259 1284 3337 Set}
1292 3306 1304 3337 2
1330 3263 1440 3355 logica
1457 3264 1504 3334 eli
1514 3257 1713 3343 firmillima‚
1735 3253 1807 3351 quae
1824 3257 1882 3333 suo
1895 3259 1970 3333 loco
1985 3285 2025 3332 ex
2039 3259 2180 3348 propria
2214 3287 2215 3292 ¹

460 3362 570 3433 rCor.
592 3366 652 3447 lv,
678 3381 705 3433 ι.
736 3355 978 3456 dissernsatarer
1001 3356 1301 3455 srteramentrrnm.
1331 3363 1542 3435 institutionis
1563 3356 1637 3432 sede
1657 3363 1925 3433 demonstratur:
1962 3357 2053 3432 nihil
2078 3354 2181 3429 trahet

457 3465 571 3549 hem,
599 3462 688 3546 quod
703 3459 761 3543 ἧς,
793 3461 848 3530 cui
863 3459 1108 3530 administrator
1126 3453 1304 3530 sacramen·
1330 3463 1496 3537 rationem
1520 3456 1728 3557 sacramenti
1755 3470 1856 3534 extra
1884 3455 2021 3555 asama
2049 3453 2182 3558 Cirtisa

456 3578 554 3636 tum,
584 3580 650 3627 non
671 3554 710 3628 tit
729 3549 800 3647 ipse
817 3551 1010 3630 sacramenti
1027 3559 1209 3636 minister,
1242 3555 1308 3626 hoc
1332 3561 1539 3658 institutum
1563 3584 1604 3632 ex
1620 3584 1687 3648 quo
1705 3562 1849 3648 J'udicari
1866 3561 1998 3649 potest,
2032 3553 2112 3646 quid
2140 3556 2183 3627 de

332 3693 346 3723 ·-
438 3655 521 3741 ‘esta
546 3653 719 3743 objetium
740 3652 934 3728 sacrmenti
954 3653 1050 3740 effer
1073 3651 1166 3727 causa
1189 3657 1310 3726 lustru·
1332 3659 1509 3733 collatione
1531 3660 1678 3749 conjugii
1694 3683 1765 3730 nrm
1781 3657 1996 3757 eucharistia,
2020 3675 2182 3744 quatenus

461 3753 597 3826 mentali
622 3755 1134 3847 administra.distinguendum,
1168 3780 1206 3827 ac
1232 3776 1311 3843 pro-
1334 3762 1457 3831 dicitur
1472 3783 1528 3832 cnr
1539 3781 1754 3853 ranranens,
1778 3755 1817 3828 fit
1833 3759 2051 3829 statuendum.
2077 3753 2184 3847 Quod

346 3926 353 3941 ‚
457 3855 536 3926 inde
558 3848 739 3926 absurdum
768 3850 858 3933 elle,
892 3860 980 3942 quod
1004 3854 1220 3928 Bellarminus
1247 3850 1311 3923 hoc
1335 3883 1439 3949 porro
1454 3860 1582 3932 adtinet
1606 3856 1816 3929 collationem
1848 3856 1997 3945 conjugii
2016 3879 2093 3925 cum
2108 3872 2187 3923 coa·

454 3951 538 4024 *10⁶0
559 3947 699 4033 adserit,
725 3950 817 4049 ipsas
830 3953 990 4048 personas
1003 3950 1233 4027 contrahentes
1254 3947 1312 4048 ese
1336 3957 1444 4032 trattn
1462 3957 1618 4030 emtionis
1639 3958 1702 4049 (in
1723 3979 1790 4043 quo
1806 3975 1874 4025 tota
1890 3955 2079 4025 contrarios
2100 3952 2188 4023 ratio

366 4121 369 4126 .
456 4046 505 4125 8
523 4050 713 4150 materiam,
739 4047 779 4126 ft
803 4049 938 4149 eausam
961 4054 1148 4151 efficientem
1164 4049 1313 4123 admini·
1337 4054 1481 4130 confistit
1499 4058 1533 4126 iu
1549 4075 1665 4127 mutuo
1692 4049 1867 4132 consensu,
1900 4076 1953 4123 res
1972 4072 2083 4123 antem
2100 4068 2192 4122 emta

337 4155 340 4160 ’
458 4149 571 4252 stram
592 4145 923 4319 lesus-sacramenti.
988 4157 1110 4225 Praeter
1135 4152 1220 4226 Cani
1242 4152 1315 4240 opi·
1338 4181 1376 4230 ec
1393 4157 1526 4229 vendita
1548 4156 1595 4226 est
1614 4155 1752 4225 materia
1768 4154 1855 4224 circa
1868 4152 2011 4243 quam),-
2037 4149 2094 4219 illa
2108 4171 2191 4237 pra⁴

464 4250 603 4324 aionem
631 4274 690 4322 unt
706 4255 778 4324 dure
791 4251 860 4324 alia
875 4248 1138 4331 scholasticorum
1150 4248 1314 4328 sententia
1339 4254 1397 4329 bat
1414 4257 1548 4344 quidem
1566 4275 1669 4341 totam
1685 4251 1853 4342 conjugii,
1872 4270 2032 4337 quatenos
2048 4248 2094 4318 est
2109 4272 2195 4319 con-

467 4348 511 4420 de
528 4350 663 4421 materia
684 4349 783 4439 hujus
805 4345 1006 4425 sacramenti.
1058 4352 1208 4446 Quidam
1226 4351 1315 4428 enim
1341 4358 1488 4437 treticus,
1513 4349 1680 4425 ellenriam
1697 4354 1731 4422 in
1747 4349 1857 4421 verbis
1870 4343 2060 4422 consensum
2075 4346 2192 4435 expri-

261 4478 264 4488 =
336 4507 343 4514 .
467 4443 632 4531 statuunt,
650 4454 739 4538 quod
756 4448 926 4548 cominsnr
940 4452 1119 4547 conjugum
1136 4449 1246 4524 verbis
1259 4473 1318 4527 exss
1343 4454 1509 4526 mentibus
1527 4448 1718 4535 coufistere3
1743 4451 1798 4521 led
1814 4451 1962 4518 nondum
1977 4446 2098 4536 probat
2112 4469 2195 4516 cotr-

462 4539 601 4646 presnr,
616 4545 676 4645 sen
691 4548 791 4624 verba
804 4548 991 4646 consensum
1010 4552 1236 4648 exprimentia
1270 4558 1320 4621 rnt
1343 4555 1457 4644 jugii,
1492 4572 1652 4642 quatenus
1673 4575 1713 4621 ex
1732 4545 1906 4637 hypothesr
1935 4544 2126 4617 Bellarmini
2144 4543 2196 4614 est

377 4673 385 4682 ¹
456 4648 616 4732 materia
636 4644 677 4722 δι’
685 4650 805 4742 forma
818 4648 917 4747 lrrrjns
921 4647 1130 4747 sacramenti
1139 4677 1154 4733 ,·
1173 4651 1320 4739 quidam,
1345 4654 1604 4730 sacramentum,
1628 4653 1800 4723 materiam
1817 4657 1851 4720 δι
1868 4644 2011 4716 formam
2025 4645 2066 4716 in,
2079 4640 2192 4713 verbis

469 4751 558 4836 qood
578 4743 653 4843 ipsit
670 4772 822 4846 corpora,
829 4746 890 4845 sen
899 4748 1049 4848 persana
1056 4747 1321 4824 contrahentium
1345 4746 1537 4824 consensum
1551 4747 1814 4839 exprimentibus
1828 4742 2013 4815 consistere.
2044 4744 2094 4817 Sic
2108 4763 2208 4833 ergo.

459 4846 532 4950 sent
551 4850 716 4942 materia,
750 4846 852 4923 verba
875 4873 953 4924 aero
984 4848 1172 5021 eonsensum
1202 4848 1321 5019 exfri-
1346 4850 1591 4923 concludimus:
1610 4849 1745 4921 Nullius
1759 4841 1950 4915 sacranrenti
1963 4844 2099 4913 materia
2113 4864 2198 4913 cou-

308 4934 330 5042 7¹·
445 5048 447 5051 ι
474 4948 606 5019 mentia
617 4946 828 5050 fintsarma.
857 4952 1024 5024 Adrianus
1038 4953 1072 5028 ia
1106 4949 1149 5023 ib.
1168 4957 1224 5021 lv.
1255 4969 1322 5020 ent.
1345 4950 1424 5022 sitiit
1443 4953 1478 5021 in
1501 4944 1631 5028 verbis,
1657 4943 1711 5020 sed
1732 4948 1766 5015 in
1786 4966 1922 5014 externo
1940 4952 1973 5016 δι
1992 4939 2110 5012 vifibili
2126 4935 2211 5010 ela·

480 5046 553 5120 dist.
572 5067 630 5140 27·
660 5045 848 5146 eonsensum
868 5046 1134 5125 contrahentium
1148 5045 1207 5150 ese
1222 5058 1326 5120 mate·
1347 5070 1472 5121 mento.
1523 5048 1729 5137 Conjugium
1750 5068 1791 5115 ex
1812 5041 2000 5113 Bellarmini
2022 5037 2200 5127 hypotheli

348 5145 350 5149 ’
475 5143 1177 5243 riamhojurlacraarentidisputat.Thoar.
1193 5146 1322 5223 libau
1347 5150 1395 5223 est
1423 5143 1676 5226 sacramentum.
1745 5147 1835 5237 Ergo
1864 5142 2003 5230 materia
2028 5147 2100 5234 ejas¹
2125 5161 2215 5236 non,

1087 5313 1100 5366 ,N
1190 5315 1202 5338 ¹·
1244 5315 1249 5322 ¹
2107 5262 2202 5331 quae·
