4884 5984
426 533 497 610 tra
623 517 965 656 ‘rocusxxvn
1004 525 1102 599 cnr.
1121 524 1168 598 v.
1212 527 1393 604 nsunt.
1415 524 1461 602 u.
1503 528 1611 603 arr.
1637 523 1683 600 n.
1721 527 1833 616 anns
1855 523 1901 601 11.

379 802 382 806 .
424 739 473 829 go
493 712 736 791 concludimus:
787 717 874 814 Qut
902 723 1057 827 coniugia
1080 730 1155 810 jure
1175 723 1225 792 di·
1250 724 1373 795 teriore
1398 724 1600 799 eortfefflone
1625 751 1688 797 trec
1709 727 1865 798 exteriori
1884 723 2051 797 cohabita·

427 837 530 893 vino,
560 819 701 888 naturali
731 831 766 892 de
790 820 933 907 positivo
958 825 1032 891 lunt
1054 844 1141 900 rata,
1169 821 1225 890 illa
1250 825 1339 893 tione
1378 820 1559 896 israeliticae
1586 822 1728 897 ecclefioe
1753 823 1848 895 suere
1870 823 2050 911 conjunsii.

428 905 496 982 sola
510 915 630 1000 populi
645 916 811 988 christiani
826 916 1062 991 consuetudine
1086 946 1154 990 non
1168 923 1227 990 de·
1248 926 1302 992 De
1322 923 1557 1010 posterioribus
1579 950 1645 993 non
1670 922 1726 993 nifi
1749 920 1977 994 absurdissime
1999 924 2047 992 di·

428 1006 519 1125 bent·
537 1035 598 1092 nea
626 1015 756 1102 possunt
784 1023 879 1092 reddi
902 1023 1003 1089 irrita.
1057 1020 1360 1108 Coniugia-citur,
1394 1031 1482 1109 quod
1510 1048 1574 1094 non
1608 1019 1732 1093 suerint
1759 1047 1851 1092 extra
1879 1017 2052 1095 ecclesium

317 1216 320 1226 .
429 1103 579 1182 fidelium
603 1138 679 1185 cum
703 1113 889 1189 infidelibus
911 1127 985 1205 jure
1009 1119 1142 1197 divino,
1169 1143 1227 1186 na·
1256 1124 1322 1191 Dei
1354 1145 1414 1207 per
1443 1121 1507 1192 lior
1528 1118 1658 1204 solum,
1694 1125 1781 1209 quod
1812 1123 1853 1190 ad
1889 1119 2053 1208 populum

239 1238 256 1250 ··
360 1229 363 1234 ’
432 1205 748 1318 utralidtposttivo
784 1211 856 1287 sunt
884 1239 965 1288 rata.
1023 1212 1231 1312 Adj‘nmtum
1260 1213 2056 1308 lsraelnonpertinuerint3deprioribussrliel·

432 1311 585 1379 comedet
613 1311 841 1387 Bellarminus.
900 1313 1073 1409 Majorem
1110 1314 1233 1403 proba·
1257 1318 1414 1388 larminus
1442 1319 1609 1404 loquitur,
1639 1313 1812 1408 agnoscat,
1847 1341 1904 1402 eos
1931 1318 2058 1386 ratione

433 1429 507 1478 mus
528 1432 569 1486 ex
590 1411 735 1482 evidenti
753 1415 841 1486 diddo
859 1414 982 1487 Christi
998 1413 1121 1488 Matth.
1137 1419 1231 1485 xlx.
1257 1418 1421 1487 interioris
1435 1415 1511 1488 fidei
1525 1429 1558 1489 δι
1572 1417 1742 1486 exterioris
1759 1411 1970 1485 consessionis
1984 1406 2057 1484 suis·

292 1573 297 1580 .
436 1506 471 1578 6.
529 1501 629 1604 Quod
645 1506 740 1584 Deus
759 1515 954 1607 conjunxit,
978 1513 1075 1586 lonso
1096 1536 1163 1586 non
1177 1510 1234 1608 se·
1257 1513 1288 1586 se
1310 1511 1493 1586 israelitica
1521 1512 1909 1601 ecclesa-conjunctos,
1944 1533 2059 1601 quaut-

430 1617 541 1701 potet.
591 1607 643 1696 4.)
663 1614 914 1684 Utimuretiam
933 1613 998 1685 ltoc
1018 1633 1234 1705 argumento:
1260 1617 1308 1684 vis
1327 1617 1415 1686 inter
1442 1612 1601 1686 lsraelitas
1621 1637 1688 1684 non
1714 1611 1967 1690 habitauerint,
1997 1617 2058 1680 nee

436 1705 672 1797 Quodcunque
693 1735 761 1782 non
776 1710 967 1785 adversatur
985 1713 1043 1802 ipsi
1067 1711 1234 1782 tormer&
1258 1715 1340 1783 ritus
1360 1738 1477 1785 eorum
1496 1737 1611 1784 omnes
1630 1715 1849 1784 exercuerint.
1903 1707 2056 1782 Subiba-

435 1799 577 1876 essentiae
604 1812 775 1900 conjugii,
815 1833 876 1899 per
902 1810 986 1881 illud
1026 1814 1234 1882 contradunt
1260 1810 1347 1881 tialia
1383 1810 1553 1901 religionis
1587 1807 1769 1881 Israelitirae
1799 1819 1832 1883 dt
1863 1805 2058 1881 Christiana

436 1906 631 1997 eonjugium
652 1931 718 1977 non
743 1913 894 1980 redditur
914 1913 1056 1983 irritum.
1105 1913 1167 1981 Sed
1186 1910 1235 1976 in·
1260 1905 1333 1979 sunt
1359 1915 1473 1981 eadem
1494 1913 1527 1978 in
1548 1931 1613 1980 vet.
1638 1935 1676 1979 nc
1703 1935 1779 1979 nov.
1804 1911 1874 1979 tell.
1899 1909 1978 1996 quia
1994 1901 2058 1977 uno

440 1998 579 2072 fidelitas
605 2028 671 2075 non
693 2006 884 2080 adversatur
908 2007 967 2095 ipsi
998 2005 1113 2079 formae
1132 2015 1167 2080 dr
1187 2001 1236 2076 es-
1254 2007 1360 2106 fides‚
1386 2031 1453 2079 nno
1473 2007 1624 2106 ecclesto,
1648 2031 1731 2080 nnus
1757 2001 1939 2079 Dominus.
1972 2009 2058 2094 Ergo
2102 2009 2104 2016 '

440 2096 549 2214 sentite
570 2107 727 2194 conjugii.
778 2112 867 2200 Ergo
882 2105 1087 2202 Adsnmtum
1104 2109 1150 2176 esi
1166 2129 1233 2174 ma·
1263 2128 1299 2177 ut
1324 2109 1358 2176 in
1381 2132 1459 2177 nov.
1488 2109 1559 2176 test.
1591 2109 1648 2191 qui
1674 2103 1853 2178 Chrilliani
1874 2129 1945 2176 non
1971 2097 2060 2178 sunt,

440 2196 564 2270 atiena
581 2205 744 2300 veritatis,
770 2205 846 2277 alias
861 2209 959 2279 etiam
976 2209 1048 2295 poll
1067 2205 1239 2276 matrimu-
1263 2231 1279 2276 a
1299 2209 1394 2283 Deo,
1416 2205 1550 2277 ecclelia
1578 2207 1613 2276 dt
1639 2202 1801 2294 religione
1827 2206 1940 2276 diviua
1961 2197 2061 2271 ¹alieni

440 2300 535 2370 nium
566 2306 774 2373 sonnatium
807 2300 1040 2406 superveniens
1065 2302 1238 2374 infidelitas
1265 2303 1355 2383 stent,
1377 2305 1419 2373 lic
1442 2306 1514 2393 pari
1535 2305 1636 2374 modo
1653 2306 1686 2372 in
1706 2327 1769 2376 ret.
1794 2304 1863 2372 tell.
1885 2303 1945 2389 qui
1961 2295 2069 2380 istra,

443 2402 639 2489 eonjugium
664 2403 860 2488 dirimeret,
906 2409 995 2491 quod
1023 2402 1239 2475 Bellarntinus
1266 2401 1330 2474 litae
1352 2427 1419 2474 non
1451 2401 1605 2484 suerunt,
1635 2399 1710 2470 fidei
1733 2398 1856 2473 scilieet
1876 2411 1911 2474 δι
1935 2389 2060 2470 coufes-
2103 2421 2105 2428 ’

445 2521 513 2567 non
544 2502 710 2573 concedit.
771 2498 891 2598 Major
920 2503 1082 2590 probatur
1108 2525 1148 2571 ex
1176 2501 1361 2577 eo‚s10nis
1385 2497 1553 2590 respectu,
1583 2502 1696 2569 itidem
1717 2526 1733 2569 a
1755 2506 1849 2582 Deo,
1875 2495 2011 2569 ecclelia
2029 2503 2061 2565 dc

446 2599 523 2682 quia
563 2597 672 2668 enustts
710 2603 945 2673 constituentes
975 2626 1014 2672 ac
1052 2601 1244 2670 dirimentes
1268 2601 1428 2690 religione
1453 2602 1565 2670 divina
1588 2593 1686 2668 alieni
1701 2595 1774 2668 sunt
1792 2597 1973 2685 judicandi.
2013 2589 2061 2680 8.)

446 2715 582 2781 oportet
605 2693 664 2766 ibi
688 2697 833 2769 invitem
858 2702 982 2771 diredle
1013 2700 1151 2787 opponi.
1197 2704 1242 2798 ς.)
1268 2702 1420 2784 Denique
1441 2699 1633 2792 conjuginm
1652 2692 1711 2792 effe
1722 2693 1974 2792 sacromentum
1991 2711 2062 2784 pto·

449 2791 536 2888 Quae
557 2795 591 2864 in
611 2799 849 2868 contrarium·
871 2797 1069 2869 Bellarmino
1082 2793 1244 2867 adserun-
1266 2798 1339 2895 irie
1354 2795 1493 2882 elisione,
1520 2792 1597 2866 salsa
1619 2796 1664 2866 est
1681 2791 1887 2886 hypothesis,
1913 2814 1951 2864 ut
1971 2786 2064 2878 supa·
2102 2805 2104 2822 ¹

449 2909 522 2974 tur,
546 2890 678 2964 ficiltm
700 2891 824 2968 habent
849 2897 1113 2986 exi-tirannum.
1165 2897 1244 2964 Pro-
1268 2902 1334 2971 tius
1351 2899 1658 2968 demonstravimus.
1700 2897 1814 2993 Quare
1830 2917 1906 2963 cunt
1922 2889 2062 2961 harad·

445 2984 616 3067 bibitionis
631 2995 792 3074 rationes,
817 3020 888 3083 quae
912 2998 945 3065 in
962 3018 1028 3068 ret.
1043 2997 1113 3068 tell.
1128 2995 1244 3083 rigue-
1268 2998 1383 3075 lertio,
1404 2999 1492 3081 quod
1510 2995 1758 3065 matrimonium
1777 2994 1863 3062 inter
1879 2987 2063 3080 fidelem&
2088 2993 2097 3010 ⁸

316 3155 319 3160 .
445 3113 502 3177 re,
536 3113 655 3182 utpute
682 3090 868 3181 periculum
900 3090 1123 3172 ieiunitate,
1153 3093 1243 3162 exti-
1267 3093 1433 3166 infidelem
1456 3093 1494 3164 stt
1515 3094 1647 3163 irritum
1670 3116 1763 3163 more
1782 3088 1898 3180 populi
1919 3083 2065 3179 christia·

447 3190 540 3262 dium
567 3195 832 3275 Cananatornm,
863 3188 1024 3279 separatio
1057 3190 1175 3280 papuli
1198 3185 1244 3258 ls-
1268 3199 1319 3272 ni,
1344 3191 1407 3262 hac
1435 3189 1607 3280 hypothesi
1630 3189 1682 3261 vel
1700 3193 1797 3260 unice
1820 3185 2064 3275 vel-precipue
2102 3181 2104 3186 ’

446 3287 586 3360 raelitici
616 3315 633 3358 a
658 3289 836 3377 gentilibus
858 3299 922 3362 dec.
949 3290 1013 3360 illae
1036 3315 1102 3361 non
1126 3313 1241 3359 omnes
1265 3296 1406 3368 nitatur,
1432 3291 1552 3360 merito
1575 3289 1668 3357 nobis
1689 3291 1788 3358 debet
1815 3283 1877 3356 else
1905 3281 2063 3370 suspecta.

448 3411 511 3458 nec
541 3386 708 3475 aequaliter
737 3390 852 3479 vigent
882 3391 916 3457 in
951 3413 1030 3460 nov.
1060 3390 1132 3459 test.
1158 3412 1242 3476 ergo
1268 3394 1412 3460 Addo&
1432 3391 1530 3458 iliud:
1559 3379 2067 3480 nianimoniumjnterfidelem

448 3480 510 3557 hac
539 3488 572 3557 in
599 3508 694 3574 parte
724 3511 789 3555 non
817 3488 925 3574 potest
958 3488 1060 3557 statui·
1078 3495 1183 3573 major
1208 3495 1240 3557 dt
1269 3499 1301 3561 de
1324 3484 1489 3557 infidelem
1510 3489 1585 3555 ideo
1607 3487 1653 3555 eli
1675 3487 1826 3565 irritum,
1848 3486 1925 3569 quia
1947 3479 2067 3577 infide·

449 3580 568 3657 fortior
584 3583 766 3674 prohibitio
781 3586 814 3654 in
834 3608 911 3655 nov.
927 3609 1023 3670 quarn
1039 3588 1072 3654 in
1092 3607 1157 3655 vet.
1172 3585 1243 3655 tell.
1269 3587 1316 3658 les
1348 3609 1413 3656 non
1443 3580 1577 3681 paffient
1605 3580 1772 3680 suscipere
1795 3579 2067 3677 sacramentum,

450 3692 501 3773 6.)
519 3690 592 3754 Nec
617 3685 794 3770 recipimus
817 3683 1046 3753 l’lrotinianum
1077 3693 1110 3756 de
1135 3684 1243 3770 ponti·
1269 3685 1365 3780 quale
1392 3687 1433 3782 esi
1460 3684 1739 3764 errotrineoninm,
1776 3705 1811 3749 ut
1834 3678 1866 3750 lt.
1885 3679 1911 3752 l.
1942 3677 2068 3748 B'ellar·

449 3781 562 3853 litium
591 3777 672 3850 illul
697 3777 879 3868 somnium,
916 3789 1005 3867 quod
1034 3778 1184 3880 Christus
1198 3781 1246 3878 fit
1270 3788 1377 3853 minus
1399 3779 1553 3869 disputat.
1606 3784 1708 3867 Atqui
1728 3781 1977 3849 matrimonium
1998 3775 2069 3864 jam

451 3877 757 3971 novaelegislotor‚
778 3881 836 3973 qni
850 3881 885 3949 in
900 3903 974 3952 nou.
993 3886 1058 3980 test.
1074 3880 1246 3976 persillio.
1270 3886 1345 3951 inde
1368 3908 1385 3950 a
1410 3884 1520 3969 primo
1545 3882 1723 3967 primitiva
1749 3875 1889 3948 ecclesa
1910 3894 2068 3959 tempore

451 4003 519 4052 rem
537 3978 641 4070 legem
659 3979 855 4061 tradiderit,
882 4002 978 4072 qnam
989 3981 1066 4070 siit
1081 3981 1139 4051 lex
1155 3989 1246 4049 vetus
1270 3977 1332 4049 suit
1356 3976 1612 4058 sacramentum,
1645 4003 1706 4046 nec
1732 3980 1866 4046 deinum
1884 3996 1960 4042 ante
1982 3979 2069 4046 600.

453 4073 495 4151 si
516 4074 685 4171 mosaico,
714 4080 914 4148 contrarium
932 4079 1019 4148 enim
1037 4079 1070 4147 in
1091 4081 1187 4148 tradi.
1203 4081 1244 4146 de
1269 4102 1370 4147 nnnos
1395 4073 1633 4147 sacramentum
1660 4071 1722 4145 else
1751 4075 1878 4158 carpit,
1917 4093 1953 4139 ut
1976 4070 2070 4139 idem

449 4174 603 4268 evangel.
635 4185 663 4268 ς.
692 4185 751 4262 64.
779 4185 814 4248 &
843 4170 930 4261 seqq.
962 4174 1072 4246 inultis
1100 4174 1162 4245 fuit
1187 4179 1241 4243 de·
1267 4173 1494 4264 dispuntlib.
1521 4178 1562 4243 de
1583 4193 1680 4241 matr.
1709 4197 1782 4257 cup.
1835 4173 1923 4257 Ergo
1943 4190 2070 4237 nonex

451 4280 676 4350 monstratum.
725 4281 775 4368 7.)
799 4270 949 4346 Gentiles
974 4299 1039 4346 non
1059 4271 1163 4370 suiffe
1184 4295 1245 4344 enr-
1268 4298 1361 4345 mure
1386 4272 1504 4361 populi
1528 4271 1692 4340 christiani
1722 4291 1782 4357 per
1806 4291 1906 4336 annos
1932 4261 2070 4334 sexcen-

453 4389 509 4451 tra
528 4376 691 4464 ecclefinm
708 4397 766 4470 per
785 4373 845 4445 lroc
858 4373 995 4466 serlum,
1019 4375 1106 4468 qnod
1127 4373 1173 4443 od
1184 4394 1244 4466 po·
1268 4397 1317 4444 tos
1337 4369 1471 4450 usitato,
1497 4368 1549 4439 sed
1568 4394 1607 4439 ex
1631 4365 1729 4453 ipsius
1749 4366 1873 4438 Christi
1889 4363 2070 4432 institutio-
2101 4379 2104 4386 '

425 4475 564 4573 ‘trulum
592 4472 701 4570 lsrael
727 4497 792 4543 non
821 4474 1055 4568 pertinuerint,
1087 4470 1244 4562 ambigue
1268 4497 1309 4542 ne
1334 4472 1367 4538 in
1392 4495 1468 4540 stov.
1494 4470 1619 4537 testam.
1644 4488 1807 4552 perpetuo
1834 4467 1974 4532 durante
1997 4486 2071 4529 ma·
2102 4481 2104 4487 ·

451 4578 590 4654 dicitur3
619 4572 671 4643 vel
694 4577 781 4643 enirn
805 4572 1003 4662 intelligitur
1022 4577 1063 4643 de
1084 4571 1165 4647 illis,
1186 4571 1243 4653 qui
1269 4571 1460 4638 trimonium
1485 4570 1572 4635 inter
1598 4562 1728 4633 fidelem
1753 4576 1786 4636 de
1810 4558 1977 4630 infidelem
2002 4563 2071 4632 erit

450 4673 647 4764 religionem
673 4668 882 4741 israeliticam
902 4668 1162 4759 profitebantur,
1182 4666 1241 4737 stc·
1267 4666 1411 4738 irritum.
1460 4667 1552 4755 Quid
1577 4666 1665 4746 quod
1696 4686 1763 4731 non
1788 4656 1891 4729 iillum
1918 4655 2073 4729 infideles

451 4797 515 4859 que
547 4774 674 4874 interna
708 4769 772 4840 fide
810 4778 843 4842 dt
877 4792 1011 4841 externa
1042 4763 1244 4839 confessione
1268 4762 1435 4835 sedetiam
1457 4756 1876 4839 hereticiasatratnentis,
1902 4751 2073 4858 quaesuqt

450 4867 592 4944 etelestae
610 4865 900 4940 israeliticarum
920 4870 1108 4954 conjunffl,
1129 4890 1245 4952 qttam·
1268 4860 1353 4936 bona
1366 4861 1507 4934 ecclelia
1525 4861 1680 4947 propria,
1706 4881 1878 4933 arcentur,
1901 4879 1986 4945 ergo
2001 4878 2075 4928 nort

448 4971 500 5041 vis
517 4971 600 5039 inter
624 4964 781 5042 israelitas
804 4992 869 5037 non
891 4965 1098 5048 babitarent,
1121 4989 1183 5034 uec
1197 4964 1244 5034 le·
1267 4959 1370 5032 solum
1387 4964 1473 5029 iuter
1488 4957 1621 5030 fidelem
1638 4966 1672 5028 ὃ(
1689 4953 1873 5036 infidelem,
1898 4949 2075 5027 sedetiam

450 5094 510 5160 ges
529 5064 672 5141 forenses
696 5066 979 5143 &ceremoniales
1005 5088 1119 5135 omnes
1138 5058 1246 5134 serva·
1269 5063 1354 5131 inter
1391 5058 1522 5128 fidelem
1555 5067 1587 5126 δι
1623 5055 1812 5125 hereticum
1844 5055 1977 5122 irritum
2004 5054 2074 5124 erit

449 5193 542 5264 rent,
566 5168 841 5262 adintelligitur
865 5169 908 5239 ie
932 5164 1014 5254 illis,
1040 5166 1098 5255 qui
1112 5187 1173 5236 nec
1194 5165 1246 5236 ia-
1269 5160 1529 5234 matriuioniutn.
1562 5155 1656 5246 Quid
1671 5177 1754 5245 argo
1769 5150 1824 5227 fies
1839 5154 2073 5226 rananiTrid.

2003 5244 2076 5324 sels.
