4884 5984
921 502 1007 580 'ou
1045 499 1402 578 [annianum.
1930 511 2005 601 ur-

348 685 555 791 eoulug'aiae'
568 663 640 782 cum
656 671 750 766 alia.
789 683 858 761 live
876 684 1005 760 coelebs
1026 707 1068 759 ea
1089 686 1128 759 fit
1144 733 1157 773 ‚
1192 688 1285 759 modo
1305 685 1490 777 incorpore
1508 677 1636 777 aequali
1658 677 1823 852 iefesferr
1844 682 1998 783 inaequa.

348 789 423 862 five
441 791 550 862 coniu
599 807 646 860 ta.
671 790 726 881 1.)
758 788 852 876 Quia
871 787 1045 880 scriptura
1057 787 1158 859 adul·
1193 782 1343 863 auam
1391 782 1671 875 Hieronymusa
1713 779 1845 856 Ocean.
1861 786 1904 856 de
1920 786 1995 858 obi.

349 889 487 960 tenum
509 889 552 959 de
579 888 633 957 nit
653 888 888 959 violationem
898 882 987 955 fidei
1010 892 1045 957 &
1060 882 1157 979 pasti
1194 903 1234 955 tu
1248 880 1420 969 Fabiola,
1442 878 1639 954 &habetur
1654 900 1730 976 cap.
1745 883 1916 978 Praecepit
1928 891 1996 957 dec.

348 986 553 1081 coniugalis
567 1032 581 1071 ‚
597 983 1154 1069 nefariamsolutionemeorum.
1196 997 1254 1064 22
1276 1002 1312 1073 q.
1332 999 1363 1073 5.
1404 980 1569 1075 Quidquid
1588 980 1668 1049 viris
1683 984 1915 1075 praecipitur,
1939 982 1996 1056 ltoc

348 1083 471 1176 quiin
489 1103 600 1154 unam
613 1097 759 1154 carnem
776 1075 1153 1167 divinitusconiunili‚
1192 1078 1415 1176 consequenter
1429 1080 1591 1149 redundat
1614 1082 1658 1146 ud
1673 1079 1839 1174 seminar.
1889 1083 1995 1176 Apud

348 1180 581 1277 illegitimam
594 1182 890 1253 commixtionem
912 1199 1062 1265 eorum,
1090 1180 1155 1273 qui
1187 1183 1343 1275 mequod
1355 1177 1672 1270 nonlicetfiumiais,
1686 1183 1934 1274 aequenoniitet
1947 1183 1995 1250 uie

348 1283 425 1351 no'n
466 1276 598 1349 habent
640 1281 802 1374 corporis
834 1277 887 1352 sui
932 1274 1153 1372 potestatem.
1187 1279 1260 1355 ris,
1286 1258 1336 1352 θ
1350 1281 1459 1348 eadem
1476 1275 1616 1368 servitem
1624 1279 1704 1370 puri
1724 1282 1902 1353 conditione
1924 1303 1995 1350 em·

348 1372 483 1450 Manu.
511 1375 555 1447 V.
584 1393 642 1459 32.
675 1376 770 1448 XIX.
803 1400 840 1468 9.
877 1374 997 1448 Marc.
1019 1374 1065 1446 X.
1095 1397 1151 1448 11.
1177 1375 1285 1471 seiur.
1331 1374 1540 1446 Ambrosius
1563 1371 1626 1446 lib.
1642 1376 1669 1445 l.
1695 1375 1738 1447 dc
1755 1376 1890 1452 Abrah.
1913 1399 1993 1472 c.4.

348 1478 437 1548 Luc.
457 1473 553 1545 XVI.
570 1484 627 1555 18·
656 1474 783 1547 1.Cor.
797 1475 874 1547 Vll.
891 1496 927 1567 4.
976 1473 1054 1545 lam
1063 1494 1152 1544 vero
1188 1481 1222 1547 δι
1238 1470 1389 1545 habetur
1406 1495 1483 1568 cap.
1502 1473 1607 1544 Nemo
1623 1479 1687 1545 &n
1711 1491 1770 1556 32.
1791 1495 1827 1570 q.
1850 1501 1886 1571 4.
1920 1479 1994 1551 Νι.

348 1573 500 1647 maritus
523 1594 607 1643 cunt
628 1571 739 1645 soluta
754 1572 982 1645 consuescens
994 1569 1104 1642 fidem
1120 1578 1155 1642 δι
1187 1595 1240 1660 mo
1243 1573 1308 1671 sii
1318 1573 1507 1642 blandiatur
1517 1570 1588 1642 dele
1609 1571 1623 1587 '⁸
1665 1570 1863 1650 riomiaum.
1889 1576 1995 1649 Omne

348 1668 495 1768 pastum
514 1672 703 1766 coniugale
721 1673 859 1759 violat,
880 1672 1058 1741 unitatem
1078 1690 1156 1763 car·¹
1176 1668 1334 1766 stuprum
1351 1669 1577 1740 adulterium
1612 1717 1625 1745 .
1649 1693 1705 1741 uer
1720 1673 1894 1766 nimiter,
1908 1679 1996 1773 quod

348 1772 427 1857 nia,
455 1773 493 1844 in
505 1773 628 1868 equam
648 1790 733 1844 cum
745 1792 860 1841 uxore
879 1768 1032 1853 coaluit,
1058 1764 1154 1838 nefa·-
1188 1770 1394 1841 muiieri-aoa
1411 1768 1491 1840 licei.
1529 1770 1708 1841 'Eudemo
1731 1773 1829 1850 uiro,
1854 1798 1936 1869 quae
1954 1773 1996 1845 cl

348 1871 403 1943 riu
426 1868 549 1964 solvit,
574 1889 660 1940 eum
679 1865 982 1958 scortofitunum
997 1885 1153 1960 coeptu,
1189 1889 1293 1940 uxore
1306 1871 1454 1951 debetur,
1467 1864 1663 1964 uadimonia.
1705 1870 1882 1967 Quidquid
1895 1878 1929 1944 ia
1945 1896 1995 1959 ea,

349 1964 488 2044 ducor.
509 1965 574 2039 Vl.
596 1969 652 2040 16.
677 1974 712 2039 δι
736 1987 866 2061 corpus
891 1964 1024 2050 suum,
1050 1962 1153 2036 cuius
1188 1989 1271 2064 qaae
1287 1991 1354 2038 aaa
1363 1966 1559 2065 selegitma
1581 1989 1696 2047 uuor,
1722 1968 1996 2069 commiscuisti-

348 2064 553 2164 potestatem
566 2086 640 2136 non
655 2061 783 2153 habet,
809 2064 913 2136 alteri
926 2061 1045 2133 tradit.
1070 2056 1153 2133 Me·
1188 2069 1265 2145 ric,
1287 2066 1440 2136 adulterii
1468 2068 1600 2138 erimine
1625 2070 1814 2141 damnatur.
1864 2072 1994 2167 Augu·

348 2168 420 2240 rito
443 2165 557 2262 igitur
581 2185 667 2237 cum
684 2161 907 2258 Hieronymo
925 2162 963 2231 in
990 2156 1155 2254 epist.·ad
1189 2161 1301 2236 stinus
1320 2165 1356 2235 in
1373 2162 1436 2235 lib.
1455 2164 1497 2235 de
1517 2164 1601 2236 bon.
1624 2169 1717 2251 conju
1738 2187 1814 2260 cap.
1838 2190 1876 2262 4.
1915 2155 1996 2241 'Ata

348 2263 481 2339 Oceau.
502 2264 560 2333 hic
581 2262 713 2357 uliquis
730 2261 883 2332 duceritc
907 2260 1005 2330 Aliae
1017 2256 1094 2345 fiunt
1112 2256 1155 2329 le·
1189 2262 1340 2333 odierium
1351 2260 1394 2357 est
1397 2259 1479 2356 fidei
1491 2262 1669 2360 coniugalis
1681 2264 1832 2351 uiolatio,
1853 2267 1910 2353 seu
1922 2288 1997 2356 eoa·

348 2386 401 2464 ger
414 2361 610 2457 caesorum,
633 2360 715 2430 oliae
730 2358 850 2454 Clarisli
864 2404 879 2436 ,
895 2357 985 2429 aliud
995 2357 1156 2449 Papinia-
1188 2363 1312 2432 auditus
1329 2372 1442 2434 tantm
1469 2360 1607 2453 padum
1630 2362 1822 2461 coniugale5
1847 2386 1894 2436 ex
1920 2386 1994 2461 quo

348 2485 430 2542 uun,
443 2461 531 2531 eliud
544 2458 675 2530 Paulus
688 2456 977 2554 rosim-oructipit.
1024 2455 1076 2549 2.)
1092 2455 1156 2526 At·
1189 2458 1324 2531 insert:
1349 2483 1420 2529 tum
1435 2460 1486 2530 vir
1501 2460 1825 2532 adalimamaecedii
1838 2486 1995 2545 uxorem,

348 2582 420 2657 que
455 2560 540 2631 huic
570 2554 783 2643 sententia,
811 2556 909 2650 quod
937 2553 1156 2626 adulterium
1186 2561 1251 2656 soe
1266 2558 1366 2630 libera
1381 2557 1430 2658 si
1450 2605 1463 2646 ,
1478 2560 1550 2661 soe
1576 2557 1772 2638 coaiuaiia,
1797 2561 1994 2633 adulterium

348 2661 460 2732 utiam
478 2679 501 2730 a
523 2655 682 2741 marito,
710 2654 836 2725 sicum
850 2651 973 2725 coelibe
994 2649 1156 2724 consuas-¹
1189 2657 1455 2730 committiturui
1470 2681 1533 2737 eo,
1558 2662 1614 2755 qui
1631 2662 1772 2730 maritus
1791 2658 1842 2749 esl.
1892 2660 1994 2732 ldem

348 2777 427 2846 cat,
443 2755 708 2840 committatur,
724 2751 890 2824 unanimi
900 2747 1066 2823 consensu
1084 2746 1154 2833 suf·
1188 2755 1316 2830 lib.11.
1339 2755 1382 2827 de
1405 2757 1515 2829 adult.
1540 2761 1633 2843 conj.
1660 2780 1690 2828 c.
1716 2778 1771 2841 13.
1794 2766 1828 2831 tu
1845 2755 1996 2831 habitur

348 2853 770 2953 fmgunmrpiivcteres,
787 2846 1154 2944 quorumdidlaque‘e·
1191 2875 1267 2950 cap.
1291 2856 1378 2930 Puto
1396 2862 1461 2928 &a
1480 2870 1538 2938 32.
1557 2875 1593 2951 q.
1611 2875 1643 2947 ς.
1667 2857 1757 2928 Puto
1771 2858 1996 2950 Christianum

348 2954 496 3028 datn'in
517 2953 575 3024 ius
593 2951 808 3021 canonicum
831 2947 910 3020 sunt
930 2949 1051 3020 uelata.
1088 2950 1154 3016 La·
1188 2955 1344 3026 neminem
1367 2953 1552 3036 redamari,
1590 2952 1678 3023 illum
1700 2956 1884 3026 adulterum
1913 2952 1997 3052 ese,

348 3049 501 3127 stantius
528 3047 594 3137 lib.
613 3048 676 3118 Vl.
707 3048 793 3117 dir.
810 3043 887 3117 inst.
914 3068 945 3116 c.
967 3062 1027 3129 23·
1070 3046 1156 3148 ¹Non
1190 3055 1250 3148 qui·
1272 3053 1323 3123 uei
1346 3055 1403 3122 diu
1424 3053 1596 3149 languente
1621 3053 1672 3123 uel
1692 3054 1926 3148 diuabsente,
1947 3054 2000 3126 oei
2093 3066 2099 3076 ·

348 3163 480 3224 euacua
500 3149 611 3220 alienis
630 3146 763 3229 etatis,
787 3165 870 3240 qaae
897 3146 1064 3242 adtingere
1090 3163 1157 3213 aaa
1191 3153 1388 3223 contineater
1407 3152 1513 3222 uiuere
1536 3151 1679 3244 capiente
1703 3152 2000 3248 exaestuarim·

348 3251 444 3329 liert,
470 3245 702 3320 uerlcm'eiiam
713 3244 850 3339 publicis
865 3243 1070 3340 vulgatisque
1088 3264 1158 3312 :or-
1192 3251 1385 3340 commixtus
1415 3248 1642 3345 estsumiaae.
1710 3250 1937 3323 Innocentius
1965 3253 1994 3323 1.
2107 3313 2116 3320 .

348 3344 712 3447 peribu-alasiaeadum
731 3343 828 3415 Deus
844 3344 1033 3434 praecepit.
1056 3346 1158 3411 docet·
1193 3345 1291 3441 epist.
1308 3347 1369 3419 111.
1383 3348 1685 3442 adExuperium,
1708 3353 1743 3419 dt
1755 3345 1904 3420 habetur
1918 3370 2000 3443 cap.

349 3465 413 3556 que
430 3471 517 3533 true,
541 3467 613 3517 cum
630 3448 695 3516 duo
723 3438 853 3537 interse
876 3461 1012 3536 corpora
1025 3441 1158 3536 suerint
1192 3444 1364 3540 rinstiana
1379 3450 1444 3520 dec.
1469 3461 1527 3530 32.
1544 3468 1580 3539 q.
1597 3464 1629 3538 ς.
1678 3443 1997 3546 Cleristc'urtareligio

350 3542 524 3642 copulate,
546 3553 650 3616 unum
670 3543 787 3635 corpul
802 3537 929 3636 efficere.
951 3538 1003 3609 -Εῐ
1019 3536 1157 3636 postea:
1192 3545 1388 3617 adulterium
1404 3548 1440 3616 ia
1453 3541 1678 3641 utroquesexu
1688 3547 1768 3639 pari
1786 3548 1913 3618 ratione
1924 3570 1999 3618 eon·

351 3645 449 3720 Deus
467 3643 643 3742 casitatem
657 3640 858 3738 praescripto
874 3637 979 3712 ieiiuii
1003 3638 1159 3709 immina·
1193 3648 1335 3719 demutat.
1385 3642 1537 3715 Isidorus
1569 3641 1672 3738 super
1691 3644 1804 3716 Exod.
1818 3643 1865 3719 ³&
1892 3644 1998 3719 habe.

348 3750 418 3834 nis,
437 3737 481 3824 fui
498 3745 572 3815 eum
588 3741 797 3839 ,quislaicai
818 3760 980 3817 uxorem,
1003 3759 1102 3834 neque
1121 3738 1160 3810 ii·
1196 3763 1256 3816 tur
1276 3764 1352 3838 cap.
1387 3742 1466 3828 Noa
1491 3740 1691 3820 mutuaberis
1717 3749 1782 3822 dcc.
1820 3760 1878 3829 32.
1902 3765 1938 3840 q.
1966 3765 1998 3836 ς.

349 3839 470 3918 reram
483 3857 584 3940 aeque
603 3841 737 3935 seruam
757 3836 889 3938 iusuper
916 3837 1030 3910 ltaiere
1061 3835 1158 3915 uelit,
1197 3842 1276 3915 Noa
1288 3831 1511 3919 accidieris,
1536 3843 1570 3911 id
1585 3838 1647 3930 esi,
1662 3864 1702 3911 rte
1719 3844 1890 3938 quisquam
1901 3866 2001 3937 prae.

348 3943 404 4042 sd
425 3942 630 4016 mamaeaio
641 3937 745 4035 fideti
766 3938 886 4032 servet·
935 3935 1017 4031 *Non
1044 3937 1156 4012 enlm.
1198 3953 1249 4012 ier
1272 3940 1472 4014 matrimonii
1486 3940 1618 4035 fudero
1636 3939 1710 4010 aliis
1724 3941 1865 4033 suminis
1882 3945 2001 4011 admis-

348 4046 432 4144 seu
445 4033 538 4115 it'ats.
548 4041 668 4136 putria·
688 4039 773 4109 tatio
786 4031 859 4129 vest.
875 4033 950 4130 [σία
970 4033 1085 4104 muller
1102 4036 1160 4104 cd·
1197 4050 1307 4112 ceatur
1329 4044 1374 4124 ad
1394 4038 1553 4109 libidinem
1578 4026 1775 4133 exjeleadam.
1826 4038 1883 4133 3.)
1920 4040 1999 4126 Quo

351 4145 461 4216 uuae
478 4139 544 4238 es.
566 4159 649 4235 quae
677 4137 770 4209 iudei
785 4137 917 4224 alium,
940 4134 1081 4204 maritus
1103 4155 1163 4204 au·
1197 4137 1257 4211 res
1276 4138 1387 4211 iciens
1403 4134 1597 4209 constitutis
1614 4135 1733 4209 eccles.
1748 4135 1913 4212 eledioris
1925 4138 1999 4209 Au·

352 4247 445 4323 tem,
469 4237 612 4339 cimas
626 4237 741 4333 plures
755 4233 893 4331 lrabeat,
917 4233 1089 4303 atrimiae
1106 4235 1166 4302 ad·
1199 4162 1291 4335 guli
1312 4237 1349 4310 in
1378 4257 1455 4330 cap.
1478 4236 1521 4306 de
1547 4225 2002 4311 caustu'matritnonialibus

350 4335 461 4414 uileiii
476 4338 609 4435 salutm
627 4335 679 4430 cs.
725 4335 786 4405 Sed
811 4334 925 4404 diuina
948 4332 1001 4403 iere
1017 4335 1066 4403 itu
1086 4334 1165 4403 duos
1199 4334 1254 4408 tit.
1282 4336 1325 4406 de
1349 4355 1455 4430 poetta
1474 4331 1584 4429 stupri
1612 4341 1646 4406 δι
1664 4335 1841 4408 adulterii.
1863 4344 1900 4431 p‘.
1920 4355 2001 4427 117.

350 4435 674 4515 iu'moirimo'nium',
697 4436 782 4529 quod
802 4430 893 4526 estin
910 4454 1025 4524 corpus
1040 4453 1163 4511 uuum.
1199 4435 1366 4506 adulterii
1387 4433 1533 4504 nomine
1545 4432 1740 4527 indigitat,
1766 4455 1807 4503 ac
1820 4433 2004 4526 poenaead-

348 4542 433 4641 puri
448 4527 524 4610 'iure
558 4537 725 4636 coniungit
740 4523 812 4619 ,ul
836 4529 964 4600 adulter
981 4530 1165 4618 iubeatur,
1198 4532 1320 4604 ulterii
1341 4530 1479 4603 stdoiicit
1504 4530 1626 4601 mariti
1655 4549 1739 4599 cum
1767 4527 1877 4601 soluta
1906 4551 2002 4600 com-

352 4638 504 4741 quisquir
523 4655 709 4731 compagem
726 4631 868 4726 eorporis
890 4632 926 4698 ia
954 4628 1166 4722 diuersa-tra·
1199 4628 1426 4700 mixtionem.
1476 4630 1540 4702 Da
1560 4605 1647 4698 ἶίιιιι
1669 4628 1752 4698 eines
1768 4630 1892 4698 andern
1913 4625 2003 4696 Eia.
2148 4627 2152 4642 ''

351 4741 453 4816 uerii.
502 4732 761 4807 Nazianzenus
804 4729 842 4798 in
875 4743 963 4798 orat.
993 4728 1046 4808 ad,
1068 4727 1166 4841 virg.
1198 4727 1463 4827 weil-bestidcqsr,
1476 4723 1913 4824 eeseyuleicla‘equltemuu
1929 4729 2007 4798 oder

351 4840 435 4916 Noa
447 4831 588 4929 suscipio
611 4825 842 4928 legislationem
856 4828 974 4904 talem,
1001 4824 1167 4919 (quavtr
1200 4823 1320 4923 ledigr'r
1343 4825 1462 4919 Geselle
1482 4826 1552 4922 ‚su
1566 4821 1729 4920 sellense
1745 4827 1839 4923 lteyde
1854 4828 1912 4898 ate
1933 4829 2006 4898 dem

355 4937 404 5012 ob
441 4932 689 5006 scortationum
717 4924 826 4998 uxori
855 4943 1087 5019 nequaquam
1119 4921 1167 4995 est
1202 4923 1432 4997 Stluerdvom
1447 4926 1553 4997 Ledaea
1566 4946 1642 4997 zum
1660 4923 1749 4994 Tode
1759 4923 1908 5023 gesraffl
1921 4950 2008 4999 mer.

357 5031 572 5124 obnoxius)
598 5024 662 5101 oiri
691 5037 810 5107 munt,
838 5026 892 5120 qui
924 5023 1022 5119 legem
1049 5022 1168 5113 tulere,
1200 5027 1285 5109 den,
1307 5024 1376 5097 uad
1402 5027 1463 5100 aue
1482 5022 1579 5118 dieser
1600 5019 1724 5119 ,Strase
1738 5068 1752 5111 ,
1766 5023 1833 5118 soll
1852 5025 1933 5095 adm
1956 5027 2008 5095 eia

355 5158 397 5209 ee
419 5133 489 5202 ideo
516 5140 628 5201 centra
649 5126 798 5198 mulieres
819 5123 871 5195 lea
892 5119 1029 5217 estlalm
1078 5121 1168 5219 ρους
1203 5120 1351 5210 Elemaa
1367 5137 1389 5200 ‚⁸
1407 5121 1537 5198 earltlter
1558 5119 1766 5220 inselender
1789 5122 1859 5194 Ele
1879 5126 1946 5193 eim
1963 5123 2008 5192 le·

1295 5223 1370 5304 Aa
1394 5240 1419 5299 2
1797 5267 1799 5272 -
1934 5222 2008 5320 elige
