4884 5984
469 525 541 590 ιη
621 497 925 575 torrenter.
963 451 1131 574 cin'v.
1166 443 1311 571 uena.
1328 501 1371 570 11.
1405 497 1572 573 turn
1607 489 1764 576 otest.
1798 479 1919 566 sacr.
1942 467 1981 565 t'

741 669 745 676 .
1121 629 1134 674 t
1391 663 1395 670 ,
2220 645 2221 654 κ

396 705 404 715 “
471 675 582 775 sculo,
611 719 653 767 ne
674 690 939 780 ducatsororem
960 691 1014 768 vei
1031 716 1072 766 ex
1095 683 1250 782 unoque,
1267 690 1321 763 vel
1415 703 1444 778 ς.
1466 693 1715 765 cctxxxttt.
1763 689 1844 777 Vi.)
1870 682 1940 783 Qui
1987 680 2066 762 Vb)
2096 681 2157 765 ρκ’

361 795 366 804 ‘
470 816 513 865 ex
527 793 633 866 altero
648 812 776 862 tantum
798 816 953 880 parente,
981 795 1094 880 utique
1118 793 1216 862 etiam
1240 813 1319 877 pro-
1342 788 1473 882 grodus
1488 785 1683 881 prohibetur
1695 787 1730 859 in
1747 786 1935 882 adfinitate,
1973 762 2189 905 ὧὶζῗᾞζζ

255 905 260 912 .
358 907 361 918 ·
471 888 609 972 hibetur
634 886 871 974 foeminre,'ne
896 894 993 963 ducat
1017 886 1167 968 fratrem,
1190 884 1256 958 five
1278 911 1318 957 ex
1342 882 1520 960 ille-metito
1533 885 1667 977 sortitis
1681 884 1876 982 prohibetur
1896 882 1932 955 in
1994 864 2176 1006 adfisspm,

469 1008 624 1080 utroque,
647 986 712 1060 five
732 1011 772 1060 ex
790 985 901 1059 altero
917 1008 1066 1077 parente.
1118 985 1318 1056 Prohibetur
1336 984 1642 1086 ¹consungttinitote.
1689 985 1849 1057 Ratioest
1865 1006 1934 1051 ma·
1994 993 2078 1064 ,Μ
2096 1001 2184 1063 mute,

237 1147 249 1164 .
467 1110 549 1158 atur
567 1093 688 1158 ducere
706 1088 856 1174 neptim,
881 1086 947 1159 sive
965 1110 1003 1158 ea
1021 1109 1061 1157 ex
1075 1081 1156 1167 tilio,
1175 1080 1228 1154 uel
1245 1086 1314 1170 pri.
1341 1083 1484 1164 nifesta,
1515 1083 1591 1171 quia
1616 1080 1764 1152 adfinitas
1786 1083 1863 1165 inde
1885 1100 1934 1149 at·
1993 1083 2098 1171 magis
2119 1095 2186 1171 pte·
2211 1137 2219 1148 .

241 1273 244 1278 ,
308 1251 314 1258 .
352 1195 356 1202 '
398 1205 400 1209 ·
471 1179 627 1275 vignosrt
647 1205 732 1257 nata.
1340 1208 1404 1271 que
1421 1187 1497 1255 ideo
1513 1178 1774 1270 prohibitionem
1790 1179 1932 1258 inducit,
1970 1156 2168 1251 „mmm”

352 1284 358 1346 ἓ
773 1291 801 1368 5.
824 1284 1057 1356 cctxxxn.
1095 1275 1158 1373 V.)
1192 1276 1315 1364 Erebi·
1340 1284 1416 1369 quia
1448 1282 1494 1351 est
1515 1276 1733 1388 stmuiorrum
1765 1280 1933 1366 quoddam
1989 1234 2166 1379 ‘ww‘

331 1445 335 1454 .
452 1370 1197 1472 ‚Vopehfbt‘tio'bitioncssuntintelligentie
1212 1377 1315 1450 deco·
1340 1373 1649 1473 consanguinitatis,
1682 1376 1737 1468 hie
1766 1401 1851 1466 ergo
1883 1371 1932 1443 lo·
2100 1459 2104 1466 ι

465 1452 664 1546 ‘misisti'
724 1478 960 1572 precationibus,
974 1479 1052 1566 ,fine
1073 1500 1118 1547 ex
1140 1478 1315 1549 matrimo-
1339 1501 1415 1547 eum
1446 1474 1546 1546 habet
1569 1474 1659 1552 iliud
1693 1473 1889 1565 vulgatum:
1930 1466 2079 1567 Propter
2104 1467 2191 1567 Μ

464 1550 644 1672 fimf
723 1577 794 1657 nio,
809 1569 879 1676 βύι
910 1600 954 1647 ex
973 1567 1206 1669 'fornicatione
1231 1583 1314 1647 ortae
1338 1591 1437 1648 unum
1459 1571 1775 1671 quodquesine,
1804 1568 1888 1642 iliud
1905 1570 2017 1665 ntogis
2041 1572 2086 1670 ιβ
2109 1568 2188 1645 iaie.

350 1707 369 1724 ··
464 1627 664 1767 irritatione
713 1676 796 1773 stet.
849 1677 1033 1746 Deducitur
1054 1673 1123 1745 hee
1142 1672 1312 1763 regulaex
1338 1677 1388 1745 Sic
1408 1678 1484 1761 quir
1500 1673 1657 1762 privigno
1680 1668 1878 1760 prohibetur
1894 1689 2185 1760 novercaproptet

458 1773 463 1782 '
504 1778 615 1833 mam·
723 1777 841 1844 eodem
863 1801 892 1846 ν.
909 1798 944 1862 9.
970 1771 1027 1843 ubi
1045 1769 1247 1860 prohibetur
1263 1766 1313 1842 so·
1337 1769 1539 1846 adfinitatem
1560 1773 1593 1839 in
1608 1770 1720 1858 primo
1734 1771 1842 1860 gradu
1862 1769 1897 1837 in
1912 1765 1997 1839 linea
2020 1771 2113 1841 re&
2131 1768 2187 1840 111⁴

722 1870 865 1952 ror,s1ve
880 1870 984 1950 domi,
1006 1868 1071 1941 five
1084 1867 1179 1963 sotis
1197 1866 1235 1938 fit
1254 1892 1309 1961 ge·
1337 1863 1528 1948 frendente,
1557 1893 1588 1938 ν.
1615 1876 1645 1947 8.
1666 1890 1750 1956 ergo
1767 1865 1873 1938 multo
1893 1861 2013 1936 fortius
2029 1863 2185 1953 prohibe·
2214 1945 2220 1956 ¹

464 1960 561 2058 nita,
583 1961 731 2059 horest,
754 1966 820 2039 five
837 1971 876 2039 eir
904 1969 1055 2056 legitimo
1077 1967 1310 2044 matrimonio,
1336 1989 1390 2037 tur
1411 1964 1478 2036 filio
1500 1990 1658 2057 germana
1675 1986 1782 2036 mater
1797 1985 1937 2054 propter
1954 1958 2182 2055 confinguini·

344 2125 347 2136 .
422 2057 532 2132 estve
559 2085 599 2132 ex
626 2060 841 2136 fornicatione
871 2066 914 2136 stt'
935 2061 1079 2152 suscepta
1096 2113 1117 2157 ,ι
1146 2085 1182 2132 ut
1214 2063 1310 2135 hbeo
1335 2087 1435 2135 tatem
1457 2066 1490 2134 in
1508 2066 1618 2151 primo
1637 2067 1743 2153 gradu
1760 2060 1908 2157 ejusdem
1926 2060 2030 2134 linea.
2066 2062 2196 2155 'Quia

464 2160 574 2237 Ezra,
594 2162 736 2244 Lyranns
754 2173 789 2237 δι
807 2162 861 2233 alii
885 2166 1017 2251 quidam
1038 2165 1308 2250 interpretantur.
1333 2155 1451 2257 pitirui
1473 2184 1564 2233 uxor
1586 2159 1786 2249 prohibetur
1807 2162 1908 2247 petria
1929 2156 2029 2238 filio,
2065 2187 2103 2231 v.
2129 2181 2182 2250 14.

321 2333 327 2344 ,
464 2254 584 2326 baldus
604 2283 677 2329 eam
699 2257 741 2331 ste
761 2258 876 2332 effert:
913 2259 962 2334 Ut
990 2261 1173 2331 communis
1193 2262 1235 2359 ιβ
1268 2254 1309 2331 fis
1333 2267 1416 2350 erg'o
1433 2260 1538 2331 multo
1558 2255 1679 2329 fortius
1699 2279 1820 2349 patruo
1846 2253 1957 2327 battis
1980 2253 2046 2328 filia
2070 2255 2183 2348 prohi-

388 2425 391 2442 ,
447 2350 660 2448 indifferens
676 2358 710 2428 in
727 2356 859 2453 spuriis
879 2354 919 2431 ss
933 2359 1097 2454 legitimis
1113 2369 1248 2442 notura,
1265 2357 1309 2450 βε
1331 2358 1440 2448 betur.
1495 2358 1585 2454 Quia
1596 2350 1715 2429 ¹socero
1728 2354 1927 2444 prohibetur
1943 2377 2066 2438 nurus,
2080 2383 2114 2427 v.
2128 2373 2189 2445 ιμ’

463 2449 576 2523 endem
596 2456 640 2551 ιβ
654 2454 826 2527 amborum
854 2458 1034 2549 innuptiis
1060 2455 1205 2552 censure.
1258 2446 1307 2525 hc
1331 2455 1536 2546 ergo¹multo
1552 2452 1669 2524 fortius
1681 2458 1769 2541 patri
1787 2452 1984 2540 prohibetur
2001 2451 2079 2524 filia.
2091 2454 2182 2551 Quin

413 2586 417 2592 ·
459 2571 554 2620 notat
577 2554 693 2642 Fugius
716 2558 749 2624 in
770 2557 874 2626 Levit.
900 2553 1029 2626 XVIII.
1056 2559 1198 2643 pritnnm
1228 2577 1307 2640 pro·
1331 2552 1529 2641 prohibetur
1558 2572 1647 2623 uxor
1668 2551 1830 2643 fratris,
1872 2558 1993 2626 v.·16.
2020 2561 2054 2623 dt
2087 2548 2181 2641 soror

462 2644 632 2744 bibitionis
652 2648 787 2742 legem,
808 2678 849 2722 ne
859 2649 992 2747 scilicet
1002 2653 1102 2750 silius
1118 2651 1220 2725 ducat
1236 2673 1305 2720 mo·
1330 2653 1472 2735 uxoris,
1494 2679 1526 2723 v.
1546 2664 1700 2739 18.et·go
1721 2648 1827 2719 multo
1852 2651 1957 2740 magis
1980 2637 2181 2737 prohibetur

462 2753 572 2844 heym,
597 2771 616 2816 a
636 2748 796 2820 Rabbinia
820 2747 861 2820 iic
880 2752 1007 2838 accipi,
1035 2757 1122 2838 quod
1142 2775 1209 2821 non
1234 2771 1306 2818 tan·
1329 2775 1489 2841 germana
1506 2744 1607 2826 soror.
1659 2748 1750 2839 Quia
1764 2745 1963 2832 prohibetur
1978 2749 2098 2820 vitrico
2108 2747 2181 2846 pri·

270 2883 278 2907 ι
349 2903 355 2916 ,
461 2864 532 2914 tum
555 2844 814 2930 comprehendat
834 2873 930 2932 enm,
971 2874 1043 2935 qnae
1073 2852 1119 2919 est
1150 2849 1306 2942 legitimo
1329 2850 1452 2941 vigne,
1481 2875 1513 2919 v.
1543 2869 1597 2938 ¹7·
1623 2870 1705 2936 ergo
1727 2845 1833 2916 multo
1855 2846 1960 2937 magis
1981 2848 2070 2933 petri
2098 2871 2179 2938 pto-

455 2942 698 3058 prttritttotort
718 2941 771 3016 sed
802 2940 844 3017 si
872 2944 1105 3028 omnesosias,
1134 2972 1206 3019 tum
1234 2948 1307 3040 prti-
1329 2945 1464 3043 hibetur
1485 2942 1594 3014 filiu*
2130 3019 2135 3028 ,

460 3038 760 3135 butqttovismodo
776 3053 872 3140 poter
890 3042 1073 3140 consueuit,
1097 3047 1161 3136 fioe
1179 3043 1306 3117 uiolen-
1383 3054 1411 3137 ς.
1440 3043 1686 3142 C'CLXXXIV.
1728 3042 1825 3128 vll.)
1851 3038 1926 3113 No·
1972 3038 2179 3137 Vnumne-

357 3202 362 3213 .
459 3149 509 3212 ter
532 3162 604 3211 eom
632 3135 851 3236 opprtfferim
880 3145 950 3238 βυι
977 3142 1203 3240 perfundendo
1234 3166 1305 3213 enm
1331 3144 1417 3215 mitte
1447 3139 1558 3235 po'itis
1585 3162 1626 3209 ac
1646 3138 1766 3210 moitis
1786 3140 1821 3210 itt
1846 3163 1926 3233 pro·
1973 3139 2010 3202 ’i‘
2025 3131 2129 3215 pairs
2145 3140 2179 3188 ⁰⁶

458 3239 661 3332 cognouerit.
733 3245 806 3311 Nec
826 3241 963 3312 obscura
988 3244 1093 3328 potest
1119 3241 1182 3314 esse
1207 3241 1305 3337 hujus
1329 3241 1491 3313 bibitione
1527 3236 1785 3330 intelliguntur,
1829 3250 1923 3344 quot·
1971 3213 2177 3363 offlrs'fm,

460 3338 584 3425 regula
604 3338 712 3415 ratio,
740 3337 851 3424 siquis
871 3338 1053 3411 consideret
1076 3342 1200 3411 dic-”turn
1224 3362 1302 3425 opo·
1328 3338 1503 3435 quotsunt
1523 3335 1557 3405 in
1573 3334 1662 3405 lineo
1683 3335 1768 3406 retia
1784 3335 1918 3430 otistttt-
1969 3361 2067 3420 rt'orts
2089 3363 2175 3422 tirtel·

246 3419 267 3446 '
300 3482 338 3520 ·.
457 3434 607 3505 holitum
634 3439 739 3507 tCor.
755 3436 817 3509 Vi.
841 3446 892 3513 16.
952 3433 1021 3532 Qui
1043 3435 1189 3510 adheret
1206 3460 1304 3507 tuere-
1328 3439 1441 3520 dente,
1467 3435 1598 3505 nomint
1609 3433 1686 3529 filii
1707 3430 1849 3528 &filice
1865 3437 1917 3507 itt·
1995 3438 2144 3518 teguntur.

456 3533 537 3606 triti
546 3588 555 3614 ,
578 3536 620 3631 ιβ
635 3557 734 3605 ttnttm
749 3555 952 3630 corporeum
966 3556 1023 3615 eo,·
1047 3540 1186 3624 proinde
1201 3537 1299 3606 etiam
1327 3535 1538 3631 alligentur,
1553 3542 1711 3626 quotquot
1719 3530 1801 3625 sttui
1823 3535 1858 3603 itt
1872 3534 1918 3605 si-

454 3655 517 3721 per
533 3630 747 3705 fornicarium
775 3643 808 3706 &
838 3634 1058 3706 adulterinum
1084 3633 1299 3706 concubitum
1324 3661 1385 3709 neo
1409 3632 1495 3709 tetta
1514 3628 1729 3724 discernente.
1781 3636 1968 3703 Deducitur
1983 3634 2054 3706 haec
2074 3663 2172 3730 regu·

452 3732 684 3818 propinquitas
704 3731 927 3812 contrahitur,
952 3758 1013 3805 nec
1033 3755 1099 3803 tam
1113 3732 1300 3828 generatio·
1324 3737 1354 3806 la
1374 3760 1413 3807 er
1439 3758 1501 3808 eo,
1531 3734 1618 3817 quod
1643 3754 1708 3800 non
1730 3726 1834 3800 solum
1859 3756 1952 3819 pater
1977 3735 2174 3822 prohibetur

453 3828 508 3899 nis
526 3828 700 3920 qualitor,
733 3856 772 3898 an
797 3828 833 3899 sit
862 3832 1010 3922 legitima
1031 3832 1084 3902 vei
1106 3833 1298 3922 illegitima,
1324 3837 1445 3904 ducere
1461 3828 1596 3928 filiam,
1620 3856 1652 3900 v.
1673 3851 1706 3917 7„
1723 3822 1777 3899 sed
1795 3832 1892 3901 etium
1914 3858 1993 3902 avus
2014 3834 2173 3920 prohibe·

437 3949 551 4011 uuam
568 3949 611 3996 tot
630 3925 988 4020 copulationtcnrnolt'
1010 3942 1084 4001 otto
1105 3929 1300 4033 propittqtti·
1325 3955 1379 4003 tur
1402 3935 1524 4002 ducere
1542 3929 1666 4022 neptim
1689 3956 1719 3997 v.
1751 3954 1802 4000 to.
1853 3932 1905 4000 Sic
1924 3955 2006 4020 ergo
2030 3931 2052 4006 si
2081 3957 2173 4020 pater

456 4032 535 4104 tas,
569 4022 633 4092 sne
648 4021 829 4119 sanguinis
851 4030 1071 4100 cottttttttnitor
1094 4032 1127 4098 in
1151 4028 1204 4120 bis¹
1221 4053 1299 4114 pro·
1324 4056 1389 4102 non
1410 4031 1519 4117 potest
1540 4032 1661 4098 ducere
1679 4024 1798 4109 hiiam3
1822 4052 1905 4119 ergo
1919 4030 1981 4099 ncc⁰
1996 4053 2091 4111 avus,
2110 4058 2174 4105 nec
2204 4081 2212 4090 --

454 4118 671 4192 bibitionibus
692 4127 889 4195 adtenditur.
941 4130 992 4197 Sic
1012 4126 1096 4197 filius
1113 4153 1178 4198 non
1199 4126 1299 4198 debet
1323 4153 1485 4215 proavus,
1510 4153 1571 4198 nec
1592 4127 1740 4205 abavus,
1766 4152 1827 4199 nec
1851 4130 1988 4198 tritavus
2013 4155 2086 4200 eam
2112 4137 2172 4203 du·

454 4221 575 4290 dooere
592 4246 727 4298 uxorem
745 4224 867 4309 patris,
898 4221 962 4294 stve
981 4224 1129 4316 legitime
1149 4224 1299 4308 siveille·
1323 4251 1398 4298 cere
1419 4227 1544 4312 potest,
1571 4236 1605 4298 ὅ(
1626 4222 1780 4296 vicisim:
1806 4225 1828 4296 st
1849 4250 1942 4313 pater
1965 4253 2030 4298 non
2049 4233 2173 4305 ducere

453 4320 572 4407 gitime
593 4342 779 4412 patricum
800 4347 837 4390 ea
860 4315 1083 4406 consueverit,
1112 4321 1298 4400 fraternon
1323 4327 1429 4413 potest
1458 4321 1580 4401 filiam3
1616 4341 1698 4412 ergo
1733 4349 1793 4394 nec
1822 4329 1973 4412 neptim,
2008 4352 2070 4397 nec
2093 4355 2200 4415 pro·-

453 4414 552 4488 debet
575 4419 696 4487 ducere
719 4414 883 4498 sororem,
913 4417 977 4490 sive
997 4447 1036 4490 ct
1058 4421 1209 4511 legitimo
1234 4420 1298 4493 five
1323 4425 1476 4509 neptim,
1509 4445 1569 4489 nec
1595 4419 1785 4508 abneptim,
1814 4448 1875 4494 nec
1897 4427 2083 4510 atneptim,
2110 4455 2170 4503 nee

452 4512 684 4600 ert-iiltgitimo
712 4512 885 4603 congressu
908 4542 946 4586 ex
972 4543 1066 4603 patre
1096 4517 1133 4588 sit
1157 4525 1295 4607 genita,
1324 4522 1520 4606 trineptirn,
1543 4523 1639 4589 item:
1657 4543 1761 4590 mater
1781 4546 1846 4591 non
1860 4524 1972 4608 potest'
1988 4524 2114 4596 nubere
2131 4529 2170 4614 fi.

346 4617 354 4628 ¹
452 4634 531 4682 avus
548 4637 611 4677 nou
629 4611 727 4681 debet
742 4617 863 4683 ducere
880 4619 1023 4699 neptim,
1049 4615 1117 4688 sive
1132 4616 1233 4698 filins,
1258 4645 1297 4687 ex
1321 4618 1389 4707 sio,
1412 4643 1494 4702 ergo
1513 4642 1578 4686 nec
1600 4621 1773 4696 avia,nec
1799 4625 1934 4705 proavia
1961 4634 2024 4692 dcc.
2076 4628 2170 4700 ln'li.

451 4731 519 4796 quo
536 4711 643 4793 neptis
667 4705 834 4796 suscepto,
859 4714 892 4780 in
912 4718 1122 4785 matrimonio
1137 4715 1189 4784 vel
1205 4742 1295 4784 cuttu
1321 4743 1382 4788 nea
1402 4712 1617 4786 adscendente
1642 4739 1747 4786 mater
1768 4743 1834 4787 non
1856 4723 1963 4803 potest
1983 4720 2108 4794 nubere
2131 4727 2171 4799 fi.

451 4807 705 4876 matrimonium
721 4806 820 4877 fuerit
832 4812 984 4897 genitus,
1010 4808 1102 4883 socer
1117 4837 1182 4882 non
1200 4814 1300 4885 debet
1326 4814 1393 4899 lio,
1416 4839 1498 4902 ergo
1513 4839 1572 4883 net
1590 4818 1715 4902 nepoti,
1730 4842 1789 4887 nec
1805 4822 1982 4905 pronepoti
2001 4821 2065 4892 dte.
2080 4826 2111 4890 in
2128 4826 2175 4905 ti.

419 4908 573 4973 ‘ducere
597 4929 742 4986 nurum,
772 4904 836 4975 sive
860 4904 945 4978 hiius
960 4911 1122 5004 legitime,
1150 4909 1215 4983 sive
1230 4912 1301 4985 ille·
1324 4938 1385 4982 neu
1400 4908 1625 4983 descendente.
1677 4919 1754 4984 Huc
1778 4913 1896 4983 referri
1921 4920 2052 5004 potest,
2081 4928 2172 5005 quod

450 5003 569 5096 gitime
589 5026 664 5075 oum
682 5027 720 5089 ee
736 5000 952 5088 cotrsueverit.
1324 5010 1433 5101 phrasi
1453 5006 1640 5101 scripture,
1672 5034 1707 5083 ut
1724 5009 1871 5103 superius
1890 5018 2096 5101 monuimus,
2118 5027 2172 5096 ovi

2108 5112 2196 5219 re
