4884 5984
765 515 831 594 oe
873 504 1151 636 auruncus
1183 511 1420 618 courum.
1641 464 1645 475 ’
1752 563 1755 572 ·
1830 495 1911 612 qn

348 711 464 786 itatem
489 706 569 784 viria
595 706 658 786 suia
686 704 848 783 nubentes
887 705 952 779 hoc
985 708 1085 795 paor
1109 709 1258 792 „Virum
1275 715 1363 795 quod
1385 709 1505 782 horum
1528 711 1617 784 inter
1639 706 1670 785 fe
1691 708 1857 785 elementa
1872 720 1910 786 dt

348 810 516 896 mebant,
542 811 683 884 docente
701 809 801 879 Pelio.
853 804 985 900 Halia,
1011 828 1084 892 que
1108 807 1321 896 ,‚principia,
1346 808 1416 879 hac
1435 806 1591 889 firmina,
1616 807 1673 882 ille
1694 835 1764 882 mas
1781 808 1837 896 fit,
1860 831 1910 881 at-

349 932 492 998 corpote
511 905 702 997 gladiatoris
734 902 833 977 occisi
857 902 1006 983 stetisset,
1031 926 1086 973 ca·
1108 929 1208 991 „que
1232 905 1289 975 ille
1304 907 1419 980 'motus
1439 909 1613 980 exordium
1637 903 1813 994 infundat,
1838 907 1910 979 ltaec

348 1004 526 1079 :nubentis
556 1002 769 1082 conabatur.
805 1025 845 1074 ut
871 1006 1087 1092 quemadmo-
1109 997 1282 1090 „subjetbi
1303 1012 1337 1078 dr
1362 1007 1507 1080 materie
1537 1004 1631 1078 vim?
1663 1033 1706 1078 au
1725 1010 1803 1099 quia
1825 1030 1911 1094 aqua

348 1129 371 1175 ιι
400 1103 456 1176 illa
490 1102 600 1186 fuerat
627 1106 805 1190 conjoncia
836 1127 913 1174 cum
943 1122 1096 1187 corpore·
1110 1115 1267 1193 „purgat
1296 1111 1331 1175 &
1359 1106 1446 1196 ignis
1475 1102 1619 1194 expiati
1663 1105 1763 1179 debet
1798 1128 1910 1180 autem

348 1202 502 1289 diatoris,
528 1200 572 1276 stc
592 1195 648 1274 illa
666 1205 705 1272 in
722 1202 890 1287 poliacum
917 1222 994 1271 cum
1014 1200 1266 1282 viro.‚,muoda
1287 1209 1323 1273 ἀ
1349 1199 1476 1288 stadia,
1508 1227 1580 1292 quae
1603 1228 1707 1296 nupta
1736 1208 1801 1286 esi,
1834 1228 1913 1295 pet·

348 1295 490 1372 buturum
516 1298 739 1390 significaret,
764 1296 817 1371 vel
836 1299 923 1386 quod
943 1296 1090 1384 imperio
1111 1342 1135 1380 „
1144 1320 1290 1371 manere.
1352 1307 1408 1373 Aa
1438 1304 1595 1388 quoniam
1619 1301 1707 1375 ficut·
1727 1307 1814 1396 ignis
1846 1301 1912 1374 line

348 1400 401 1470 riti
429 1394 462 1471 se
487 1394 668 1496 subjediam
700 1395 773 1468 fore
800 1399 975 1475 innueret,
1011 1394 1089 1481 quia
1111 1394 1252 1480 „humo
1274 1393 1427 1474 exsuctus
1444 1409 1479 1474 dr
1498 1402 1609 1472 aridus
1628 1404 1691 1486 est,
1717 1402 1833 1475 slerilis
1855 1425 1914 1471 au·
2046 1423 2048 1428 ·

348 1498 380 1567 ia
397 1492 523 1569 summa
538 1495 698 1588 arborum
715 1503 750 1569 dr
770 1498 903 1586 imperii
917 1495 985 1578 esi,
1009 1515 1088 1580 quas
1110 1517 1214 1581 „tem
1240 1504 1275 1567 δι
1299 1495 1393 1566 exilis
1423 1495 1489 1571 line
1520 1501 1599 1589 igne
1625 1525 1735 1590 aqna,
1772 1502 1914 1594 perinde

348 1599 434 1668 lones
463 1597 563 1670 tradit
585 1597 702 1669 Pelius.
756 1592 951 1666 Plutarchus
977 1592 1011 1661 in
1033 1613 1089 1676 qq.
1113 1616 1212 1676 „mas
1241 1585 1416 1666 imbecillis
1441 1605 1480 1668 ·&
1503 1592 1640 1668 foemina
1667 1595 1824 1682 seorsim,
1857 1591 1911 1670 sed
1986 1678 1988 1682 ¹
2128 1635 2131 1642 ·

349 1717 395 1768 m.
416 1718 449 1780 q.
465 1709 524 1784 87.
549 1696 649 1766 tradit
667 1693 764 1770 alias,
787 1696 876 1781 quud
894 1708 1091 1762 monemtur
1114 1689 1322 1774 „anabotom
1337 1689 1526 1784 congressus
1549 1698 1680 1785 praetnr
1703 1700 1778 1770 aitae
1795 1717 1913 1771 contu·

348 1813 422 1879 stae,
446 1793 524 1879 quia
543 1790 706 1866 bellicosas
733 1800 921 1882 junguntur
943 1787 1088 1874 maritis,
1114 1836 1138 1873 „
1151 1789 1325 1874 bernium,
1361 1796 1451 1879 quod
1487 1817 1556 1864 non
1582 1794 1838 1875 deserendum·
1856 1792 1912 1866 sed

348 1907 494 1968 »erejeat
512 1911 633 1964 ornatu
653 1891 703 1964 uti
725 1889 947 1978 simplici,;&
970 1881 1089 1957 aluxu
1115 1888 1182 1974 „in
1210 1882 1414 1960 consortium
1436 1893 1637 1974 veniendum
1664 1898 1771 1966 omnis
1804 1891 1913 1965 fortu-

353 1987 495 2060 mollitie
518 1988 655 2068 alieno,
694 2010 750 2061 aut
775 2013 836 2077 per
861 1987 1018 2074 ambiges
1037 1983 1086 2052 in·
1114 2011 1215 2067 ,‚nr,
1250 1986 1398 2058 etiamst
1434 1987 1518 2058 niltil
1546 1988 1625 2062 boni
1647 1995 1735 2064 inter
1764 1989 1818 2078 se,
1854 1988 1913 2061 nist

348 2106 411 2156 itur
422 2083 610 2181 [olusatro
628 2087 823 2182 conjugium
844 2081 1013 2181 discifflicm
1029 2078 1085 2152 iri.
1113 2084 1260 2172 „ignem
1275 2095 1311 2158 dr
1325 2110 1442 2172 aquam
1458 2085 1609 2161 collaturi
1630 2089 1746 2178 finti„
1773 2093 1912 2162 Ladan·

348 2183 496 2274 tgulum,
522 2211 589 2274 quo
606 2183 720 2274 sponsa
734 2183 951 2276 cingebatur,
976 2205 1016 2252 ex
1036 2176 1088 2249 lu·
1113 2183 1177 2250 tius
1201 2181 1258 2255 lib.
1277 2187 1447 2257 11.·instit.
1470 2209 1543 2277 cap.
1566 2195 1723 2261 XXXVI.
1772 2198 1838 2276 „A
1856 2205 1913 2258 ae·

357 2282 432 2358 ovis
454 2281 580 2356 fadium
601 2309 689 2368 erat,
724 2309 760 2355 ut
783 2283 863 2354 sicut
887 2284 943 2354 illa
964 2275 1089 2369 inglo-
1113 2278 1269 2360 „teribus
1309 2281 1493 2354 institutum
1528 2289 1598 2370 esi,
1634 2311 1674 2358 ut
1709 2284 1913 2358 sacramento

348 2376 515 2467 ssublata,
537 2389 713 2469 conjonua
732 2386 818 2454 inter
835 2377 864 2454 se
884 2383 949 2460 est,
975 2375 1018 2446 lic
1038 2377 1089 2444 vir
1113 2402 1236 2464 „aque
1258 2387 1292 2450 dt
1320 2380 1407 2469 ignis
1434 2386 1627 2470 nuptiarum
1656 2385 1782 2457 foedera
1812 2379 1915 2456 sanei-

349 2477 493 2550 ssecum
518 2484 647 2553 vincius
666 2486 858 2567 cindlusque
874 2475 981 2549 elfet·
1023 2472 1091 2546 Ve-
1114 2498 1278 2561 „rentum
1317 2481 1404 2562 quod
1439 2477 1540 2550 foetus
1563 2486 1778 2554 animantium
1804 2475 1916 2554 calore

350 2599 453 2666 caput
474 2574 596 2670 spansa:
610 2577 798 2666 obnuptum
812 2598 882 2648 erat
907 2571 1090 2665 insignum
1115 2573 1351 2658 „&‚lrutnore
1373 2601 1571 2664 reparentur
1596 2591 1629 2654 dr
1655 2586 1695 2652 ad
1720 2583 1822 2652 vitam
1844 2579 1914 2650 ani·

348 2677 433 2746 loris
455 2701 494 2746 ac
511 2675 723 2773 subjeciionis
742 2701 823 2767 erga
838 2680 993 2747 maritum
1026 2677 1092 2738 Ve·
1115 2693 1323 2757 „mentur.„
1356 2676 1449 2747 'Sine
1470 2678 1549 2768 igne
1569 2677 1668 2750 nulle
1687 2677 1758 2752 fieri
1782 2674 1915 2768 possunt

348 2772 471 2848 oillud
498 2775 670 2847 dicebatur
685 2777 900 2867 florinorum,
934 2767 1092 2843 aFlemi·
1118 2774 1375 2861 generationes,
1412 2799 1496 2862 aqua
1526 2779 1727 2864 requiritur,
1766 2799 1803 2848 ut
1830 2777 1916 2865 ignis
2004 2794 2006 2797 ·

348 2896 385 2954 ιι,
413 2872 528 2954 idest,
556 2873 707 2945 Flaminis
723 2899 847 2953 uxore,
874 2894 911 2943 ut
934 2875 975 2940 de
996 2862 1095 2936 indif-
1119 2866 1239 2940 habeat
1265 2869 1445 2962 pabulum,
1471 2871 1691 2962 significatum
1709 2878 1812 2966 igitur
1834 2872 1917 2956 fuit,

348 2969 495 3044 ubilitate
512 2973 698 3063 conjugalis
722 2973 845 3043 vinculi
870 2996 961 3040 nova
979 2986 1095 3054 nuptae
1119 2965 1187 3039 fine
1215 2972 1327 3040 maris.
1344 2979 1378 3042 &
1414 2967 1559 3041 foeminae
1586 2976 1820 3060 conjundiione
1841 2970 1918 3043 nul·

348 3091 574 3169 monerentur,
598 3074 674 3157 quia
689 3071 825 3142 Flamini
844 3093 910 3141 non
926 3087 997 3139 crat
1018 3086 1097 3153 per·
1120 3062 1188 3138 lam
1211 3070 1253 3140 de
1278 3069 1437 3158 augendis
1461 3064 1600 3140 familiis·
1622 3067 1714 3158 spem
1730 3065 1915 3162 ,superesset

348 3163 428 3238 llum
464 3192 542 3240 cum
580 3193 683 3240 uxore
724 3170 916 3242 divortium.
955 3233 959 3240 .
993 3160 1097 3232 Culus
1121 3166 1271 3256 Quidam
1286 3191 1326 3236 cx
1351 3174 1500 3238 varrone
1519 3165 1577 3238 lib.
1599 3176 1655 3242 lv.
1676 3173 1718 3243 de
1729 3170 1817 3262 ling.
1843 3175 1916 3242 Lat.

348 3289 373 3338 n
395 3261 479 3361 suso
506 3262 547 3338 ff
558 3269 705 3437 Aiumine
732 3266 913 3340 nubentem
942 3257 1098 3349 sequeba·
1121 3283 1216 3358 oquae
1234 3261 1275 3337 δι’
1297 3265 1390 3360 ignis
1409 3266 1446 3337 in
1464 3264 1585 3364 'limine
1602 3268 1844 3343 contolibmeo
1864 3292 1917 3338 re·
1942 3305 1946 3313 ·

348 3389 375 3450 ·,
414 3387 453 3436 ot
490 3363 624 3436 lanicii
652 3363 801 3437 officium
835 3377 868 3439 dt
905 3361 1098 3436 domesticas
1121 3358 1256 3448 ferunt,
1277 3368 1366 3453 quod
1389 3360 1516 3437 foedere
1542 3369 1734 3455 nuptiarum
1761 3388 1918 3452 tanquam

348 3485 416 3536 stas
439 3459 499 3534 fibi
524 3467 743 3553 inposterum
762 3456 1023 3535 tractandnrffe
1041 3462 1098 3527 ad·
1121 3462 1345 3550 inexplicabili
1373 3462 1507 3534 vinculo
1532 3476 1567 3538 δι
1600 3490 1717 3542 mutuo
1739 3487 1824 3538 nexu
1851 3457 1917 3533 sese

348 3583 506 3635 tueretur.
557 3561 676 3634 Verbis
699 3563 764 3633 illis
789 3558 993 3634 solennibus:
1027 3553 1099 3629 Vbi
1122 3561 1292 3649 copulatos
1308 3558 1397 3644 fote,
1413 3558 1475 3631 lrac
1493 3566 1682 3635 ceremonia
1696 3559 1832 3655 profeffi
1847 3557 1920 3632 fue·

359 3654 486 3756 Cujus,
512 3684 574 3754 ego
595 3656 706 3755 Coja,·
732 3659 994 3754 fignificabatur‚
1019 3679 1098 3727 uxo·
1122 3661 1199 3730 rint.
1251 3665 1333 3731 Hac
1351 3661 1441 3731 enirn
1462 3659 1624 3733 elementa
1646 3658 1719 3733 sunt
1743 3666 1850 3750 prima
1861 3685 1921 3731 na-

348 3783 372 3832 n
386 3781 473 3831 cum
495 3762 566 3834 viro
593 3766 716 3832 eodem.
730 3764 777 3830 uti
797 3767 889 3845 jure,
915 3759 1026 3829 omnia
1041 3754 1098 3823 ha·
1123 3780 1225 3839 ture,
1241 3758 1359 3846 quibus
1375 3759 1441 3828 vita
1457 3761 1628 3847 vidiusque
1642 3761 1826 3832 communis
1842 3781 1923 3830 con-

348 3881 378 3932 te
405 3859 622 3938 eommunia,
667 3862 856 3947 pariterque
898 3861 931 3928 in
973 3851 1098 3923 familia
1122 3861 1205 3936 slat,
1232 3856 1402 3944 &quibus
1416 3905 1429 3941 ‚-
1448 3861 1506 3947 qui
1525 3880 1671 3950 extorres
1688 3858 1731 3930 ab
1745 3861 1920 3928 hominum

348 3979 487 4046 petere,
518 3980 584 4043 quo
606 3961 746 4029 dicitur:
780 3954 913 4029 novella
935 3977 1037 4031 uxor,
1061 3974 1098 4021 ut
1123 3979 1210 4025 coetu
1231 3952 1335 4025 futuri
1351 3951 1442 4035 sunt,
1466 3956 1597 4046 legibus
1614 3959 1767 4028 interdici
1784 3950 1921 4028 consue·

365 4054 520 4126 &minus
548 4059 666 4127 domus
697 4065 732 4144 δι
760 4053 1014 4144 paterfamilias,
1053 4055 1098 4121 ita
1125 4057 1182 4123 vit.
1234 4051 1642 4142 Eodemfarrestvepane
1661 4065 1793 4144 &aqua
1814 4049 1923 4124 vesce-

348 4175 368 4224 o
390 4154 524 4223 domina
543 4157 661 4226 domus
678 4179 716 4224 ac
737 4151 995 4226 materfamilias.
1047 4157 1100 4219 ln·
1122 4156 1262 4235 bantur,
1289 4177 1355 4238 quo
1374 4156 1528 4224 testatum
1546 4150 1732 4237 faciebant,
1751 4149 1781 4226 se
1802 4156 1835 4223 in
1849 4175 1923 4221 mu·

348 4251 468 4324 edienti
482 4254 561 4323 noai
574 4254 683 4323 mariti
699 4260 783 4325 ardes
801 4254 965 4324 dabantur
978 4248 1100 4331 claues,
1124 4272 1213 4320 tnam
1241 4247 1543 4334 consuetudinem,
1580 4248 1859 4342 cohabitationem
1886 4257 1923 4321 dc

370 4373 486 4422 retum
521 4354 672 4422 omniurn
703 4356 981 4434 domesticarum,
1028 4371 1099 4434 qua
1125 4351 1270 4430 vidium,
1297 4344 1420 4418 etiamst
1448 4373 1534 4439 pane
1566 4358 1601 4422 δι
1626 4376 1711 4437 aqua
1742 4349 1925 4421 vivendum
1991 4352 1994 4357 ’

348 4445 452 4521 tribus
473 4448 626 4520 concludi
645 4449 771 4530 solent,
798 4475 912 4521 curam
939 4473 978 4520 ac
996 4448 1101 4518 erasto·
1125 4443 1224 4531 elles,
1247 4441 1441 4520 cmsentire.
1490 4452 1604 4519 Nuces
1628 4446 1804 4540 spargebat
1828 4442 1925 4537 spon·

348 4569 410 4638 tm,
446 4567 550 4620 totam
577 4550 720 4638 denique
741 4552 877 4620 domum
903 4573 941 4618 ac
973 4547 1022 4616 rei
1054 4542 1102 4614 fa·
1127 4540 1201 4624 sus,
1225 4566 1261 4613 ut
1285 4541 1316 4616 fe
1337 4543 1520 4634 puerilibus
1536 4546 1621 4616 ludis
1644 4547 1862 4629 renunciare,
1889 4553 1925 4617 ὃ(

348 4643 441 4719 liaris
470 4647 786 4720 administrationem
818 4673 856 4717 ac
891 4640 1103 4734 dispensatio·
1126 4641 1284 4730 juseuilia
1300 4647 1418 4715 cundia
1440 4643 1567 4716 ludicra
1583 4642 1791 4734 relinquere,
1820 4647 1925 4716 eoin·

348 4767 381 4826 m
408 4740 470 4833 ipsi
499 4746 664 4818 committi
694 4743 956 4838 fignificaretur,
983 4767 1054 4831 arg.
1078 4738 1101 4812 l.
1127 4743 1214 4812 dicio
1236 4743 1418 4814 testaretur.
1511 4753 1513 4760 '
1863 4785 1865 4790 -
1912 4817 1917 4829 .

347 4842 466 4916 avibus
489 4864 546 4931 74.
569 4837 606 4915 ff.
627 4849 668 4915 de
694 4845 918 4917 contrahenda
945 4845 1101 4913 emtione.
1201 4849 1228 4930 §.
1264 4831 1512 4912 CCCCLVlll.
1565 4841 1667 4929 Apud
1717 4839 1907 4935 Riturapud

348 4943 416 5038 qlsae
448 4936 491 5013 Θ
517 4941 609 5036 ignis
637 4944 821 5018 anatolium
853 4943 1047 5018 Plutarchus
1063 4942 1103 5009 in
1134 4934 1358 5030 Graecos,qui
1369 4940 1581 5010 matrimonio
1594 4949 1669 5026 Jun—
1718 4923 1925 5003 ⁰¹²⁰⁸82¹⁸l⁶50

349 5045 488 5114 .Rom.
519 5065 552 5127 q.
583 5064 612 5115 t.
644 5041 687 5115 ste
712 5047 878 5131 explicat:
913 5043 1020 5126 „Cor
1042 5063 1104 5108 nu·
1127 5039 1323 5129 gebantur,
1379 5061 1498 5109 manus
1540 5041 1670 5111 dextras

348 5135 786 5240 ›euremadtingereaquaua
800 5137 1102 5235 &ignemjubentt
1129 5134 1404 5226 conjungebant,
1427 5134 1536 5224 fitque
1558 5134 1658 5214 fidem
1684 5138 1844 5218 illibatam
1871 5141 1930 5216 sbi

355 5233 453 5316 Tum.
480 5235 570 5313 XV.
1178 5237 1305 5308 Marna
1434 5289 1442 5300 ,
1569 5289 1571 5294 -
1844 5245 1932 5316 invl-
1962 5265 1964 5272 '
