4884 5984
568 493 573 504 ·
701 519 704 524 .
823 460 885 532 oa
936 429 1506 540 cneornvs'ononn1r1s.'
1576 461 1590 484 ·
1684 515 1686 520 -
1907 485 1982 569 2³⁷
2101 531 2103 536 .

332 655 415 730 seris
430 655 480 731 est
497 654 554 730 rel
563 650 765 755 spiritualis
780 666 814 731 δι
830 658 1062 761 ecclefiaflica,
1085 657 1139 733 vel
1164 659 1207 742 ti,
1235 682 1303 733 non
1324 682 1452 736 eontra.
1500 662 1618 753 Jonius
1638 663 1670 732 in
1687 660 1763 750 adp.
1785 663 1906 754 explic.
1926 660 1980 737 su·

332 753 451 852 legalis
467 766 501 829 dr
515 759 669 852 politica.
721 751 927 853 Spiritnalis
942 773 977 835 &
990 760 1140 833 ccclesia·
1162 762 1341 846 pertavit.
1359 760 1439 834 thes.
1458 782 1509 842 ¹7·
1527 758 1844 850 consanguinitatem
1863 761 1906 835 fic
1918 768 1977 837 de·

332 857 402 928 stira
414 859 648 945 propinquitas
660 858 707 927 est
721 859 773 928 vel
790 860 975 932 communis
987 861 1136 932 omnium
1161 853 1252 942 finit,
1278 864 1366 947 quod
1384 858 1422 932 lit
1438 861 1528 933 inita
1539 856 1730 956 neceffltnda
1744 883 1789 932 cx
1807 860 1976 934 communi

332 978 405 1028 rete
428 955 563 1046 piorum
583 981 624 1028 ex
651 979 718 1026 uno
734 960 919 1048 eodemque
940 963 1006 1034 Dei
1031 956 1136 1032 verbo
1153 954 1255 1050 sonte
1273 955 1329 1030 vel
1346 958 1478 1045 radice,
1504 972 1542 1033 nt
1553 958 1728 1057 scriptura
1751 970 1871 1050 uocat‚·
1889 960 1975 1057 fian·

332 1054 573 1130 &initiationis
588 1053 790 1127 sacramento
809 1059 1058 1149 re'genitorum,
1080 1056 1136 1144 vel
1157 1056 1276 1151 guinis
1298 1082 1360 1153 per
1381 1055 1420 1154 sc
1447 1058 1536 1132 eitra
1564 1059 1771 1133 uoluntatem
1797 1081 1820 1130 a
1846 1072 1972 1134 natura

332 1148 483 1250 poenalis
498 1154 586 1224 inter
608 1148 772 1240 susceptos
795 1179 834 1226 ex
852 1155 987 1228 lavacro
1010 1158 1133 1246 baptis·
1158 1151 1318 1252 obligans
1343 1161 1568 1232 communiter.
1601 1161 1754 1232 vDicitur
1774 1155 1972 1253 consangui-

332 1253 367 1324 ni
389 1261 427 1325 dc
450 1246 662 1340 susceptores.
717 1248 857 1347 legalis
879 1256 1067 1345 &politica
1087 1259 1133 1329 esi
1158 1259 1242 1327 nitas
1268 1261 1480 1353 acomtnuni
1503 1259 1686 1351 sanguine,
1721 1282 1798 1327 cum
1821 1256 1970 1347 sequals

332 1377 355 1424 o
376 1349 562 1447 adoptione
582 1357 672 1438 inter
701 1356 914 1441 adoptantem
943 1366 979 1429 dc
1003 1359 1134 1445 adopti·
1158 1358 1254 1427 unius
1272 1352 1646 1451 &ejusdentsnnguinie
1661 1358 1864 1430 communio.
1894 1359 1970 1429 Bel·

332 1475 411 1522 rem.
469 1449 642 1546 inhonesta
663 1452 710 1522 est
739 1451 792 1524 vel
812 1477 852 1524 en
866 1451 1076 1549 scortatione
1097 1464 1132 1530 δι
1156 1452 1316 1525 larminus
1335 1452 1519 1527 definitioni
1534 1451 1823 1547 consanguinitatis
1838 1482 1857 1526 a
1874 1450 1969 1528 scho-

332 1545 510 1634 tdaltcrr‘o,
540 1549 593 1622 vel
607 1573 647 1619 ex
667 1545 735 1621 alio
762 1553 921 1640 crimine,
948 1561 990 1627 de
1012 1555 1131 1643 quibus
1155 1549 1272 1626 laliicis
1295 1550 1445 1626 formata
1461 1557 1587 1627 addidit
1601 1556 1687 1635 hanc
1705 1555 1968 1641 testritiionem,

332 1650 580 1737 ›ropinquitatis
602 1648 771 1735 speciebus
793 1652 947 1725 omnibus
969 1662 1005 1727 d<
1021 1653 1132 1749 fingu-
1156 1652 1207 1724 ita
1235 1663 1274 1725 nt
1303 1674 1415 1727 amnes
1435 1654 1582 1746 eamdem
1597 1651 1799 1749 sangninem
1820 1654 1969 1748 partici-

332 1750 358 1819 is
377 1754 485 1838 porro
505 1743 726 1822 disserendum
744 1753 819 1824 erit.
1150 1763 1249 1850 pent,
1276 1746 1317 1826 sd
1331 1754 1379 1826 ad
1393 1778 1494 1827 annm
1506 1754 1655 1855 stipitem
1678 1752 1895 1837 reducantur,
1924 1756 1967 1826 de

480 1913 488 1927 ,
646 1853 673 1937 i.
698 1850 832 1923 CCXL.
860 1853 1133 1950 tipropinquita-
1156 1873 1255 1925 metr.
1268 1878 1341 1942 cap.
1359 1860 1464 1927 XXV.
1518 1855 1683 1952 Quamvis
1704 1877 1785 1923 vero
1807 1847 1969 1925 haec'ver·

486 1946 502 1960 ‘
577 1968 610 2016 te
624 1946 778 2021 naturali
786 2003 795 2033 ,
824 1961 901 2021 curli
923 1976 961 2023 ea
983 1951 1036 2023 vel
1061 1975 1129 2020 ma·
1155 1950 1197 2023 ba
1212 1948 1288 2023 sano
1303 1946 1393 2023 sensu
1407 1976 1541 2042 accepta
1556 1954 1685 2023 admitti
1700 1947 1838 2039 possint,
1854 1972 1967 2022 tamen

396 2073 448 2136 ps,
580 2046 667 2118 xime
690 2048 724 2117 in
747 2050 992 2135 impedimentis
1012 2050 1129 2120 matri·
1153 2048 1257 2121 dubio
1280 2051 1459 2136 proculcat
1481 2051 1670 2125 bellarmini
1692 2053 1876 2122 intentione
1899 2048 1966 2121 hoc

464 2225 469 2234 Ι
577 2144 682 2215 monii
708 2140 882 2232 spettcnda
910 2148 974 2235 sit,
1009 2150 1129 2220 marito
1152 2151 1187 2219 in
1210 2145 1336 2220 recessu
1359 2149 1503 2229 habent,
1525 2154 1612 2239 quod
1631 2152 1785 2240 cognatio
1811 2152 1966 2220 extendat

332 2247 521 2322 sanationis
544 2238 686 2315 sumitur
702 2246 845 2318 initium.
896 2247 1052 2322 Constitit
1073 2271 1128 2331 ea,
1152 2242 1184 2319 se
1208 2251 1370 2335 usquead
1392 2271 1546 2336 quartum
1564 2252 1707 2339 gradum
1730 2246 1903 2343 inclnstnes
1926 2249 1963 2318 in

332 2353 363 2420 ni
384 2346 610 2423 sitimusein
632 2339 944 2439 consanguinitate,
970 2355 1064 2435 cujus
1089 2342 1129 2415 sr-
1154 2370 1222 2433 quo
1250 2349 1365 2416 eadem
1397 2349 1528 2434 penitus
1550 2344 1720 2434 exspiret,
1760 2372 1826 2435 qua
1853 2349 1896 2419 de
1927 2367 1966 2419 re

332 2447 505 2520 uulnerum
535 2444 581 2514 est
611 2439 785 2537 adfinitas.
852 2442 1129 2538 Consanguinitas
1152 2447 1233 2533 quid
1252 2446 1458 2516 statuendum
1474 2444 1531 2526 sn,
1549 2443 1636 2518 infra
1650 2441 1845 2518 videbimus.
1873 2448 1966 2541 Con·

332 2544 475 2619 lefinitur
500 2570 519 2614 a
546 2537 759 2627 scholasticis,
782 2549 870 2631 quod
895 2545 932 2616 stt
959 2544 1128 2618 vinculum
1152 2540 1322 2635 sanguinei
1342 2568 1426 2634 ergo
1443 2544 1533 2629 sunt,
1559 2547 1616 2632 qui
1638 2542 1680 2616 ab
1702 2568 1768 2616 uno
1792 2544 1965 2618 communi

332 2641 532 2742 personarum
548 2638 592 2711 ab
610 2637 720 2711 codem
732 2644 850 2743 stipite
867 2642 1126 2740 descendentium
1152 2664 1290 2730 parente
1305 2664 1461 2740 tanquam
1476 2645 1585 2731 stipite
1596 2646 1661 2714 orti
1675 2654 1709 2716 δι
1724 2645 1880 2734 prognati
1895 2637 1971 2732 san·¹

332 2743 449 2823 tantali
469 2740 717 2841 propagatione
741 2743 956 2818 contraiinm.
1021 2740 1126 2816 Blnt-
1149 2743 1258 2831 guinis
1279 2737 1513 2814 necessitudine
1531 2744 1675 2813 invicem
1698 2748 1903 2833 junguntur,
1924 2763 1963 2814 ac

332 2837 568 2939 irnndsclrafl,
592 2835 806 2941 Mogsclrast.
853 2848 1047 2915 Notandum
1061 2840 1125 2912 lroc
1149 2840 1250 2912 lineis
1268 2835 1310 2913 sd
1326 2838 1492 2934 gradibus
1513 2834 1760 2924 discernuntur,
1785 2840 1961 2912 Germani·
1999 2929 2001 2934 Ι
2111 2813 2117 2827 ’

332 2967 404 3025 oro,
423 2939 693 3045 propinquitatis
711 2966 836 3012 nomen
862 2941 916 3014 hic
940 2940 1040 3031 paulo
1066 2966 1125 3031 ge·
1148 2962 1202 3010 ce:
1227 2934 1488 3031 Blutssrennde,
1509 2932 1836 3011 Blutsuernondten.
1887 2933 1962 3011 Sti·

332 3042 456 3115 seralius
484 3042 616 3127 accipi3
653 3044 785 3126 quando
810 3043 900 3112 enim
928 3044 1065 3130 proprie
1089 3049 1124 3113 &
1144 3061 1204 3133 pes
1228 3036 1293 3110 live
1308 3039 1415 3136 stirps
1438 3040 1484 3109 est
1508 3032 1663 3123 persona,
1692 3063 1795 3126 aqua
1818 3036 1886 3125 illi,
1917 3038 1961 3110 de

332 3142 465 3213 titiane
490 3138 679 3224 loquimur,
708 3161 779 3209 tum
810 3139 845 3210 in
876 3139 966 3213 linea
989 3136 1124 3235 adscen·
1148 3161 1291 3225 qnorum
1328 3137 1470 3208 naturali
1496 3138 1745 3223 propinquitate
1773 3138 1960 3225 queritur,

332 3237 462 3313 lentium
485 3234 525 3311 δ’
539 3233 798 3331 descendentium
812 3243 968 3312 duntaxat
981 3243 1029 3311 est
1045 3263 1124 3327 pro·
1149 3238 1318 3326 originem
1333 3240 1475 3320 ducunt,
1498 3233 1551 3306 vel
1569 3236 1616 3306 eli
1630 3237 1815 3305 communis
1828 3233 1884 3306 ille
1898 3258 1958 3321 pa·

332 3340 491 3429 inquitas.
548 3342 587 3405 in
613 3335 863 3411 collateralibus
887 3363 968 3410 vero
1000 3341 1124 3410 dicitur
1148 3359 1243 3416 rens,
1268 3337 1324 3422 qui
1351 3332 1545 3425 cognationi
1565 3357 1602 3403 ac
1629 3335 1872 3421 propinquitati
1899 3331 1960 3403 ati·

332 3438 519 3536 mirare.
544 3444 578 3507 δι
600 3441 731 3522 quando
744 3435 799 3509 illa
817 3433 1002 3535 pappiana
1014 3439 1123 3509 oritur
1147 3448 1292 3519 quorum
1315 3429 1444 3504 causam
1470 3431 1632 3521 prebuit,
1657 3435 1874 3505 Germanice:
1905 3430 1960 3502 ein
2031 3469 2035 3490 ν

332 3535 454 3614 alinea
467 3530 674 3630 masculino,
700 3538 820 3607 dicitur
833 3538 996 3631 agnatio,
1019 3561 1122 3624 quan.
1148 3525 1302 3611 Stammr
1327 3530 1386 3603 ubi
1406 3534 1587 3603 notandum
1603 3538 1694 3618 juxta
1708 3528 1960 3616 jurisconsulto·

332 3660 356 3709 ,ο
382 3658 497 3707 antem
523 3658 562 3705 ex
577 3631 740 3726 stamineo
764 3631 874 3717 linea,
911 3657 1048 3707 vocatur
1071 3654 1125 3707 co·
1149 3656 1225 3700 rum
1251 3630 1428 3722 regulam,
1463 3626 1687 3724 mascnlinum
1713 3652 1817 3724 genus
1854 3630 1959 3704 etiam

332 3736 451 3821 natio,
474 3729 582 3819 licque
602 3734 726 3827 agnati
740 3731 821 3802 mihi
839 3729 911 3810 sunt
931 3726 1127 3823 consangui-
1152 3727 1324 3824 complodi
1333 3727 1569 3821 samininnm;
1600 3754 1706 3817 neque
1724 3730 1812 3800 enim
1829 3750 1960 3802 tantum

332 3835 489 3923 eipntris
504 3834 589 3918 mei,
616 3835 692 3918 quia
705 3857 746 3905 ex
760 3825 878 3902 eodem
895 3827 1051 3923 sanguine
1066 3855 1133 3919 per.
1150 3831 1336 3900 communis
1359 3829 1475 3915 aliquis
1502 3850 1624 3918 pater,
1654 3824 1708 3899 sed
1728 3829 1827 3899 etiam
1852 3851 1959 3901 mater

332 3958 445 4024 intrem
466 3926 687 4011 descendunt,
708 3931 925 4001 Germanice:
953 3926 1126 4004 Schwerd
1152 3929 1343 4020 cognationi
1365 3929 1530 4018 originem
1559 3922 1694 4017 prabet.
1745 3930 1870 4015 Stipitis
1891 3927 1958 4000 live

332 4056 463 4127 rogen,
494 4028 551 4100 die
575 4022 649 4100 nom
675 4024 835 4102 Scsrraerd
855 4026 942 4126 (*);
985 4028 1124 4124 cognati
1152 4028 1260 4113 stirpis
1279 4026 1478 4113 capellano,
1505 4030 1552 4097 uti
1575 4025 1711 4097 cuilibet
1730 4025 1958 4111 manifestum,

332 4131 396 4203 nihi
425 4127 498 4200 sunt
524 4124 757 4218 consanguinei
779 4129 894 4198 matris
913 4153 1023 4209 mea,
1047 4130 1123 4216 quia
1148 4127 1320 4197 communi
1334 4123 1382 4195 illi
1405 4129 1533 4214 parenti
1549 4122 1769 4218 metaphorice
1787 4128 1957 4198 tribuitur.

333 4237 485 4303 neodem
500 4220 657 4315 sanguine
670 4252 732 4314 per
746 4248 887 4298 matrem
903 4222 1124 4304 descendunt,
1149 4228 1199 4295 Ut
1222 4229 1310 4295 enim
1331 4224 1373 4293 ab
1399 4248 1465 4296 uno
1488 4224 1596 4310 stipite
1617 4222 1682 4293 five
1706 4244 1825 4292 trunco
1847 4225 1961 4311 plures

332 4329 522 4402 kemanice:
547 4319 780 4423 §picltnagcm
799 4321 854 4395 dle
869 4347 933 4396 van
946 4322 1006 4397 der
1021 4320 1126 4416 Spin·
1148 4324 1303 4391 oriuntur
1327 4323 1432 4405 rami,
1467 4344 1507 4389 ex
1528 4321 1647 4406 quibus
1667 4317 1722 4389 alii
1745 4324 1961 4405 postmodum

332 4426 374 4501 lel.
427 4431 490 4500 Sed
507 4424 751 4497 har-vocabula
765 4423 964 4511 plerumque
983 4421 1126 4495 conson-
1150 4414 1407 4498 subnascuntur,
1434 4419 1491 4505 qui
1507 4442 1621 4488 omnes
1640 4421 1789 4505 ejusdem
1806 4443 1882 4490 cum
1904 4422 1961 4492 tti-

332 4530 439 4600 ltuttur
460 4540 495 4597 er
520 4523 724 4611 generaliter
747 4518 969 4610 usurpantur,
991 4517 1113 4609 praeser
1150 4519 1219 4606 pite
1245 4511 1318 4587 sunt
1346 4540 1491 4594 natura,
1517 4529 1549 4589 de
1575 4514 1706 4588 succum
1728 4540 1765 4586 ac
1789 4519 1892 4591 vitam
1916 4517 1959 4592 ab

332 4627 371 4698 im
385 4623 507 4715 injure
521 4625 701 4702 canonicor
724 4622 858 4711 cognati
879 4624 967 4691 enim
985 4647 1126 4712 genera·
1149 4621 1268 4688 eodem
1293 4619 1531 4706 participantes
1554 4613 1694 4687 naturali
1711 4618 1963 4705 propinquitate

332 4722 581 4815 iadpellatione
600 4716 684 4811 sepe
698 4723 874 4798 dicuntur,
900 4723 957 4807 qui
970 4730 1004 4793 de
1025 4746 1124 4812 agna·
1150 4711 1260 4790 eidem
1289 4723 1564 4806 conjunguntur3
1592 4712 1635 4787 src
1655 4739 1696 4788 cx
1724 4737 1790 4785 uno
1812 4739 1964 4789 commu·

1928 4842 1969 4890 nr

332 4969 380 5051 (⁶)
400 4966 562 5030 Dicuntur
573 4964 669 5026 etiam
685 4962 865 5045 germanice
882 4960 1013 5024 Vettern.
1057 4961 1129 5025 Cae·
1228 4954 1968 5040 huictomosubjungemue,uberinasooten-

384 5045 488 5112 tanim
503 5044 626 5126 lingula
644 5054 860 5125 argumenta„
877 5061 949 5124 quae
972 5041 1003 5102 in
1023 5040 1128 5102 hocce
1183 5051 1190 5076 t
1232 5059 1313 5121 porc
1328 5040 1600 5122 pertrattauimuc.

388 5126 494 5210 capite
519 5134 697 5190 occurrunt
708 5124 776 5203 ‚in
788 5122 1024 5207 Jicpptemcntr's,
1056 5138 1129 5203 quae

1202 5203 1318 5294 Gan
