4884 5984
561 456 638 530 or
688 451 916 533 canonas
961 450 1224 562 ruotrums
1272 452 1327 526 m
1381 451 1498 543 tht
1547 454 1701 533 cruror.
1866 478 1991 556 ate--

348 657 507 739 inducere
526 650 665 748 poffum.
718 659 834 742 leoque
863 645 973 724 socrus
1000 646 1147 737 adpelle·
1170 650 1238 735 nit,
1260 658 1299 724 ut
1315 648 1480 750 adfinium
1497 670 1586 750 teque
1605 675 1647 726 oe
1666 665 1886 751 cognotorum
1902 676 1971 731 uno

348 761 472 838 „none
488 780 557 829 non
572 776 700 827 tnntutn
718 754 828 823 uxoris
843 775 924 824 mee
942 771 1068 834 meter,
1092 741 1146 818 sed
1171 750 1289 822 domur
1311 747 1353 824 Θ
1365 749 1514 845 familia
1529 747 1593 849 effe
1602 753 1777 841 uideatur.
1801 781 1840 827 ae
1856 759 1973 845 proin-

348 864 417 934 »δι
430 856 506 929 arie
522 863 557 929 dt
572 853 710 944 proavia
724 848 943 940 intelligitur,
968 870 1006 920 ut
1020 845 1146 924 nullam
1169 851 1231 934 de,
1263 853 1351 937 quod
1372 846 1446 922 inl.
1465 875 1497 942 5.
1513 845 1537 919 l.
1554 850 1736 945 penult&
1757 853 1779 923 Ι.
1798 853 1859 926 ult.
1879 857 1919 928 C.
1930 853 1971 948 de

348 977 495 1037 „earum
510 955 631 1025 ducere
647 947 777 1039 poffim.
805 952 920 1019 Norus
940 970 1072 1037 quoque
1088 946 1145 1014 ad·
1170 947 1268 1046 incest
1290 957 1383 1046 nupt.
1412 951 1453 1019 de
1480 944 1590 1020 fratris
1615 947 1764 1022 defuncti
1786 976 1887 1023 uxore
1921 949 1973 1025 so·
2118 977 2125 984 ·

348 1049 560 1142 „pellatione
582 1073 649 1122 non
672 1067 801 1119 tantum
825 1041 885 1116 filii
910 1069 1012 1126 uxor,
1036 1039 1091 1116 sed
1110 1054 1145 1116 dc
1169 1047 1320 1134 turisque
1342 1043 1506 1128 defuntln
1532 1049 1655 1119 marito
1681 1050 1851 1132 statuitur,
1881 1052 1971 1125 idem

348 1151 513 1236 „nepotis
540 1158 575 1221 dc
601 1147 794 1235 pronepotis
820 1145 1037 1227 continetur,
1069 1140 1146 1211 licet
1169 1143 1384 1232 iureliquis,
1406 1142 1581 1232 inquibus
1607 1149 1722 1219 eadem
1747 1149 1832 1220 ratio
1857 1149 1972 1240 viget,

348 1249 515 1337 „quidam
531 1244 587 1316 has
601 1267 768 1335 pronutus
786 1240 964 1331 adpellant.
1016 1241 1145 1329 Privig-
1170 1243 1326 1315 statutum
1351 1239 1582 1333 intelligutur,
1606 1239 1810 1333 prasertim,
1835 1269 1913 1316 curn
1934 1249 1971 1319 in

348 1369 426 1425 ..na
451 1366 584 1434 quoquc
610 1366 677 1414 non
700 1335 861 1412 solamen
882 1341 965 1410 mihi
985 1336 1146 1428 intelligi·
1170 1341 1257 1412 uitta
1278 1340 1353 1436 lege
1375 1335 1464 1409 finali
1485 1334 1698 1426 subjiciantur
1724 1339 1856 1415 uerba:
1894 1340 1970 1418 Aut

348 1462 454 1545 „mr-3
484 1465 556 1532 qna
577 1440 685 1516 uxoris
716 1461 798 1510 men
825 1434 891 1508 filia
915 1437 986 1522 est,
1027 1435 1082 1508 sed
1111 1441 1146 1506 tc
1170 1447 1209 1510 ut
1232 1436 1310 1511 ulia
1335 1433 1498 1532 ejusmodi
1528 1440 1821 1514 committerentur.

348 1541 490 1630 „neptis
505 1550 540 1613 da
555 1538 746 1626 proneptis,
761 1557 798 1605 ut
816 1533 1070 1607 nullnmeatum
1086 1533 1147 1603 do·
1246 1544 1276 1628 ς.
1301 1539 1525 1609 CCCXXlX.
1550 1540 1652 1608 Extra
1676 1537 1737 1609 hos
1763 1541 1886 1630 gradtu
1914 1563 1970 1610 eo·

348 1661 457 1718 „cere
473 1632 602 1730 poffim.
629 1632 845 1729 Papinianus
858 1630 882 1705 l.
906 1629 1067 1706 Uxorem.
1091 1649 1143 1714 ις.
1170 1635 1337 1725 guntionis
1351 1633 1519 1705 constituti
1531 1634 1703 1718 jurecivili
1717 1634 1967 1709 matrimonium

348 1734 451 1822 „eod
514 1737 666 1805 Uxorem
695 1734 862 1818 quondam
889 1732 1039 1823 privigni
1067 1749 1146 1799 con·
1170 1731 1366 1803 contrahere
1385 1753 1453 1800 non
1471 1726 1705 1818 prohibentur.
1756 1736 1845 1803 ilinc
1856 1733 1969 1828 priui-

348 1831 478 1950 „jungi
489 1831 702 1904 matrimonio
722 1831 831 1901 vitrici
846 1851 914 1899 non
925 1846 1069 1915 oportet,
1084 1849 1144 1896 nec
1168 1851 1256 1923 gnus
1283 1828 1404 1901 matris
1430 1851 1507 1904 cum
1530 1828 1696 1924 priuigno
1723 1830 1835 1924 patris
1859 1835 1971 1920 potest

348 1956 412 2019 „tn
424 1930 675 2004 matrimonium
685 1929 863 1999 convenire
872 1949 1050 1997 novercam
1063 1931 1144 2010 ejus,
1169 1926 1383 2000 contrahere.
1434 1925 1626 1998 iustinianus
1645 1935 1673 2019 ς.
1693 1928 1819 1998 Mariti.
1834 1952 1870 2017 9.
1889 1921 1965 2002 lust.

348 2030 439 2118 „qui
457 2028 621 2120 privigne
637 2028 774 2097 nanticus
797 2021 870 2094 fuit.
890 2019 1099 2120 Modestinus
1119 2020 1144 2092 l.
1169 2025 1212 2095 de
1245 2047 1340 2112 nupt.
1386 2020 1523 2094 'Illaritr'
1545 2022 1653 2192 [ttius
1684 2049 1728 2097 ex
1756 2025 1829 2097 alia
1860 2049 1967 2101 uxore

348 2123 466 2212 „Noa
473 2120 594 2220 facile.
607 2155 642 2217 4.
658 2130 686 2213 ς.
701 2148 737 2210 4.
757 2122 894 2194 nomina
909 2120 1073 2222 adfinium
1096 2141 1146 2190 re·
1173 2117 1215 2194 dt
1232 2120 1444 2219 uxorirfilr'o
1462 2146 1507 2193 ex
1522 2142 1543 2191 a
1560 2123 1593 2193 io
1611 2125 1752 2208 marito,
1769 2122 1822 2196 vel
1835 2135 1963 2210 contra,

348 2222 502 2321 „censen
524 2219 613 2319 quod
622 2222 714 2320 stnt,
737 2214 849 2304 socer,
872 2214 1004 2298 socrus,
1030 2241 1145 2309 gener,
1171 2221 1424 2292 matrimonium
1452 2217 1534 2291 reite
1556 2222 1774 2305 contrahunt,
1803 2220 1882 2294 licet
1903 2219 1966 2295 ha·

348 2347 506 2410 „nurue,
521 2344 685 2398 noverca,
700 2319 836 2388 vitricus
850 2371 859 2399 ‚
873 2319 1058 2409 privignus,
1073 2315 1143 2402 pri·
1170 2316 1269 2389 beant
1286 2316 1437 2409 fratrem
1459 2314 1659 2412 sororemue-
1677 2344 1721 2394 ex
1746 2320 1963 2394 ntumimonio

348 2414 743 2592 '‘tt'’t‘tlllt..
756 2418 1044 2584 {attilii
1057 2415 1144 2579 lli?
1162 2417 1275 2584 till
1298 2414 1468 2601 ...aaa
1485 2425 1614 2587 'iiii'e
1642 2421 1844 2589 namn.
1861 2415 1965 2592 ¹2⁸?

348 2541 559 2710 :miniique
576 2611 650 2684 loco
667 2610 844 2697 habentur,
865 2533 1077 2682 Etouimonio
1089 2629 1144 2679 co·
1163 2540 1539 2708 priuignis4'coitrott⁰
1558 2541 1696 2710 nuptis·
1715 2541 1847 2710 leffium
1864 2673 1873 2703 ‚
1892 2543 1966 2717 ”etesi
2018 2577 2020 2584 Ι

348 2712 492 2806 „poteri
504 2707 598 2784 nefas
616 2711 673 2783 eli.
687 2756 711 2789 ‚,
1160 2708 1311 2803 fratrem
1333 2732 1534 2783 communem
1556 2734 1600 2782 ex
1619 2735 1704 2784 nouo
1727 2712 1961 2810 adparentium

348 2839 390 2956 m
413 2877 455 2941 ln
475 2799 588 2940 ‘im‘
624 2907 632 2923 ·
661 2818 692 2888 i·
713 2807 966 2917 CCCXXlllll.
1014 2807 1066 2894 u.)
1084 2807 1144 2917 ,De
1168 2807 1384 2925 (parentum)
1414 2810 1631 2924 matrimonio
1651 2808 1838 2906 susceptum
1862 2811 1961 2886 habe.

364 2955 541 3022 mumma
604 2904 691 2981 tenea
719 2904 916 2976 collaterale.
961 2898 1143 2981 Valentior,
1167 2915 1238 2976 ant.
1290 2908 1469 2996 conjunge
1486 2903 1507 2977 l.
1535 2901 1641 2980 litua.
1661 2934 1739 2996 134.
1759 2909 1795 2983 ff.
1817 2911 1959 2987 deverti,

392 3043 402 3066 .
605 2999 808 3077 Theodosros
820 3012 853 3074 dt
864 3002 1021 3072 Arcadius
1034 2997 1056 3069 l.
1069 3001 1145 3069 Fro-
1169 3000 1316 3096 obligat.
1341 3043 1343 3050 ι
1366 3008 1419 3075 Sic
1436 3024 1529 3088 pater
1548 3015 1582 3078 δι
1597 3005 1682 3076 filius
1699 3032 1739 3079 ex
1755 3012 1867 3095 priore
1882 3035 1963 3083 roo-

348 3108 417 3184 trit.
438 3095 472 3194 5
490 3109 533 3180 C·
547 3105 589 3176 de
606 3102 717 3174 incest.
741 3109 776 3172 te
794 3097 901 3170 inutil.
923 3119 1019 3186 nupt.
1058 3092 1145 3167 Pra-
1168 3105 1262 3191 jugio
1277 3097 1408 3190 poliunt
1422 3122 1560 3173 matrem
1571 3102 1714 3177 &hlium
1730 3108 1863 3181 ducere.
1884 3113 1963 3182 Duo
2084 3098 2091 3106 ⁵

348 3196 743 3320 trirtuxoremduamdi,
763 3197 817 3268 uel
832 3191 1145 3290 duoburfhroribus
1169 3196 1287 3270 fratrer
1314 3197 1446 3286 poliunt
1469 3202 1591 3271 ducere
1618 3203 1697 3272 duas
1727 3197 1879 3290 sorores,
1908 3204 1964 3280 rel

348 3300 706 3493 fflfnffffluto
732 3416 917 3487 quocunque
943 3391 1041 3462 modo
1067 3414 1145 3462 con·
1169 3399 1280 3464 Mater
1300 3397 1409 3464 uxoris
1426 3416 1502 3464 cum
1521 3416 1616 3481 patre
1634 3400 1743 3466 mariti
1761 3403 1867 3483 potest
1884 3427 1965 3472 eon·

348 3501 456 3598 fagio.
484 3493 664 3570 Anastasiou
678 3492 701 3565 l.
718 3491 760 3562 ob
781 3494 920 3563 incestis.
943 3517 976 3576 9.
997 3492 1071 3561 eod.
1092 3490 1145 3561 in·
1168 3489 1300 3562 trahere
1342 3499 1407 3564 διο.
1430 3494 1520 3562 addit
1541 3513 1650 3563 tomen
1672 3498 1875 3566 Modestinus
1899 3500 1963 3570 uti·

348 3609 399 3674 ter
423 3595 563 3696 incestor
589 3591 727 3690 nuptias
750 3587 878 3668 refert,
905 3586 926 3658 sr
949 3590 1022 3674 quis
1044 3608 1143 3671 eam,
1168 3585 1321 3659 lissimam
1342 3587 1514 3700 regulam,
1541 3613 1612 3675 qua
1628 3592 1664 3659 in
1685 3589 1803 3662 talibus
1822 3603 1968 3682 conjum

348 3717 419 3870 πε
437 3691 636 3787 cumfratre
653 3686 818 3785 quondum
835 3684 984 3782 nuptiali
996 3687 1073 3779 jure
1084 3684 1144 3758 in·
1168 3686 1334 3759 &ionibus
1362 3680 1595 3757 observandae
1630 3686 1652 3761 l.
1673 3684 1813 3777 semper.
1837 3715 1896 3779 42.
1922 3691 1961 3768 ff,

627 3298 734 3369 cuitus
774 3295 943 3367 licentiam
969 3290 1145 3388 submoue·
1168 3298 1252 3367 alter
1272 3318 1438 3379 matrem,
1469 3294 1554 3366 alter
1572 3296 1674 3370 liliam
1694 3304 1816 3390 ducere
1843 3305 1961 3391 potest.
2102 3297 2104 3302 ’

381 3802 537 3877 turmot,
560 3789 675 3862 ducere
694 3784 787 3859 uelit.
840 3789 894 3856 De
916 3783 1050 3870 reliquis
1068 3809 1146 3876 gra·
1168 3786 1210 3855 de
1236 3784 1290 3856 rit.
1318 3804 1414 3871 nupt.
1464 3779 1601 3879 Semper
1621 3785 1657 3858 in
1679 3786 1964 3883 conjuntliouibru

349 3894 446 3968 dibus
465 3890 610 3962 traditor
625 3887 694 3959 hec
713 3879 829 3974 regola
849 3883 991 3968 equitati
1013 3904 1145 3952 natura·
1168 3905 1233 3953 non
1244 3878 1357 3977 solum
1373 3879 1589 3976 quiritium,
1607 3883 1788 3979 sedetiam
1805 3889 1887 3983 quid
1902 3890 1965 3964 lto·

348 3989 372 4064 li
393 3985 629 4070 consentanea,
658 3994 697 4056 ut
715 3983 751 4053 in
772 3981 851 4077 pari
869 3980 1082 4075 cognationis
1105 3975 1146 4052 Εἰ
1170 3981 1367 4079 nestumstt,
1390 3975 1638 4075 respiciendum.
1689 3989 1963 4074 Fundamentum,

348 4086 547 4189 adfinitatis.
565 4082 677 4180 gradu
693 4102 759 4177 par
778 4075 924 4174 idemque
942 4084 1000 4177 jur
1016 4080 1147 4175 statuo·
1170 4101 1311 4167 propter
1327 4081 1413 4164 quod
1431 4078 1510 4150 talea
1523 4085 1646 4170 nuptie
1661 4076 1733 4153 lunt
1749 4083 1864 4164 licita,
1884 4112 1965 4159 eon·
2057 4081 2059 4085 ’

348 4199 423 4272 terr,
444 4182 535 4277 quoii
556 4208 627 4271 qnae
645 4176 790 4270 personae
812 4181 846 4248 in
869 4176 978 4248 vorbis
1006 4174 1090 4267 legis
1110 4200 1147 4247 o·
1169 4176 1250 4248 stilit
1269 4179 1303 4247 in
1322 4173 1437 4246 usttota
1456 4177 1592 4266 regula,
1615 4183 1704 4265 quod
1727 4202 1856 4251 tantum
1876 4185 1963 4256 inter

348 4281 449 4360 mitta
469 4282 556 4363 fiut,
586 4305 632 4352 eae
650 4280 733 4369 legis
751 4273 909 4348 sententia
932 4275 1030 4345 tacite
1056 4297 1144 4344 eom.
1171 4276 1329 4344 maritum
1354 4282 1388 4344 de
1411 4277 1521 4344 uxoris
1545 4272 1824 4364 consanguineos,
1853 4302 1892 4347 nc
1914 4283 1962 4352 vi·

348 4384 516 4476 prehendi
535 4377 789 4469 intelligantur,
830 4371 853 4444 l.
875 4397 907 4455 3·
937 4381 971 4445 dc
991 4400 1025 4464 4.
1048 4367 1086 4444 ff.
1107 4369 1146 4442 de
1170 4367 1274 4442 eiffim
1302 4371 1389 4442 inter
1413 4394 1550 4441 uxorem
1577 4382 1609 4445 dt
1633 4377 1742 4444 mariti
1767 4370 1964 4465 consangui-

348 4482 424 4580 lege
440 4477 604 4575 Pompeia
624 4474 664 4548 de
678 4471 869 4571 patricidiis.
909 4474 970 4541 Per
997 4467 1145 4542 adfinitn·
1170 4493 1268 4546 neos,
1293 4492 1362 4537 non
1381 4486 1491 4538 nutem
1512 4471 1598 4538 inter
1618 4493 1776 4561 cogtretot
1799 4475 1908 4543 mnriti
1926 4483 1963 4553 dr

348 4603 420 4658 tem
438 4581 529 4652 euim
543 4575 738 4647 conciliatur
757 4568 1007 4658 qualiquaedum
1025 4592 1147 4656 cognn·
1171 4586 1329 4656 cognatos
1352 4567 1462 4636 uxorio
1484 4563 1522 4636 fit
1545 4565 1692 4639 adfinitas
1716 4572 1963 4648 matrimonium
2013 4615 2018 4636 ·
2131 4591 2135 4604 “

348 4683 420 4760 rio,
442 4698 481 4749 ne
494 4700 561 4765 quo
580 4677 717 4762 quisque
739 4669 941 4759 cognationis
957 4668 1089 4736 nomine
1105 4665 1147 4736 ob
1171 4664 1379 4750 impediens,
1418 4669 1511 4750 eujus
1532 4664 1655 4754 regule
1676 4693 1715 4740 ea
1737 4672 1821 4742 ratio
1842 4693 1860 4740 o
1881 4673 1964 4760 juris

348 4801 419 4853 uno
437 4785 624 4864 conjugum
640 4795 719 4842 vere
740 4765 946 4855 adpellunt,
972 4766 1087 4834 eadem
1105 4762 1147 4836 ob
1173 4763 1279 4832 civilis
1305 4763 1547 4846 interpretibus‘
1574 4767 1747 4860 truditur,¹
1765 4768 1856 4855 quod
1878 4768 1965 4844 solus

348 4876 457 4954 altero
473 4871 618 4962 coniuge
637 4869 822 4958 improprie
844 4882 1005 4940 vocetur,
1031 4861 1053 4933 l.
1067 4863 1148 4956 quia
1172 4863 1309 4929 maritus
1321 4862 1362 4929 ud
1376 4875 1593 4951 cognotorum
1609 4861 1718 4934 uxoris
1731 4863 1841 4942 finer,
1868 4891 1907 4938 ac
1926 4865 1974 4950 li„

348 4973 512 5076 parentis.
548 4975 600 5042 16.
622 4964 659 5041 ff.
711 4960 834 5038 Soluto
861 4961 1075 5033 matrimonio
1118 4974 1146 5048 ς.
1172 4956 1297 5034 militer
1323 4980 1407 5027 uxor
1430 4962 1472 5028 ad
1499 4954 1579 5030 fines
1606 4961 1826 5052 cognotorum
1855 4967 1966 5037 mariti

348 5068 679 5176 adfinitatisanoir.
697 5062 737 5138 de
760 5074 855 5161 nupt.
877 5086 918 5136 ex
936 5083 1005 5148 quo
1025 5082 1147 5152 prore·
1171 5051 1388 5136 ececffionem
1415 5050 1560 5139 fecerit,
1594 5083 1664 5138 non
1690 5083 1803 5135 autem
1829 5064 1966 5151 roganti
2026 5135 2028 5142 ,
2076 5105 2079 5112 -

1855 5161 1967 5232 mariti
2100 5215 2102 5219 .
