4884 5984
864 455 934 534 nt
985 421 1361 530 saonsm'nvs.
1536 391 1539 396 Ι
1895 473 1967 554 ιιι
2091 503 2102 516 ·

272 617 487 736 ,sr'tffldtffle
538 635 793 733 dirimamur?
841 649 1008 725 Adfirmat
1039 651 1107 736 Cy·
1130 675 1180 727 tra
1197 676 1275 745 part
1294 650 1339 724 ab'
1361 605 1550 743 hujumidi
1561 648 1777 740 promissione
1791 651 1961 741 discedat.

273 731 489 796 eaatacmdi-
538 777 646 844 [πως
665 754 707 822 de
730 746 868 839 sponsal.
898 777 971 842 cap.
1006 747 1104 822 Vlll.
1129 753 1227 842 seque
1248 773 1348 845 neget
1378 751 1566 828 libertatem
1590 749 1680 824 illam
1699 751 1795 827 alteri
1821 754 1957 828 relietu-
2080 781 2104 846 f
2158 725 2160 730 Ι

286 808 481 876 mim
539 860 566 943 §.
582 875 636 935 ιι.
654 850 752 937 idque
766 850 896 942 colligit
923 854 972 941 ι.)
988 854 1035 921 Ex
1050 847 1105 921 dt·
1128 877 1218 932 rana,
1245 847 1373 942 pulsent
1395 849 1451 925 illa
1477 847 1636 942 sponsalia
1661 874 1817 942 tanquam
1843 856 1960 928 tondi·

270 951 442 1052 finitione.
512 953 635 1021 Modus
669 949 870 1038 generaliter
901 952 948 1021 est
982 950 1106 1036 quarm
1129 952 1262 1022 tionaiia
1284 951 1448 1031 rescindit
1472 948 1535 1022 alia
1555 973 1635 1023 vero
1662 954 1747 1022 ratio
1769 953 1815 1023 esi
1841 957 1957 1026 matti·

280 1045 471 1144 dispositio,
493 1046 546 1118 seu
579 1046 719 1136 qualitas
736 1046 864 1145 adjecta
880 1050 1105 1131 contremui,
1130 1049 1234 1120 monii
1253 1044 1488 1132 consummati,
1520 1051 1609 1138 quod
1640 1048 1684 1120 ob
1710 1054 1848 1122 mudum
1873 1053 1958 1142 prar-

278 1153 351 1237 tjuae
367 1173 435 1220 non
455 1143 619 1235 suspendit
634 1151 907 1233 conventionem,
925 1149 1013 1236 quod
1028 1170 1107 1217 cun·
1129 1144 1289 1236 scriptum
1308 1157 1342 1221 &
1361 1143 1555 1235 promissum
1578 1172 1646 1219 non
1669 1143 1833 1222 seruatum
1848 1146 1959 1224 diffol·
2036 1167 2038 1172 '

273 1245 413 1320 ditionis
434 1247 611 1335 proprium
629 1248 694 1327 esi,
718 1240 772 1316 sed
797 1267 924 1316 tontum
943 1270 1016 1317 eatn
1037 1267 1105 1315 mo·
1132 1249 1166 1317 vi
1182 1245 1324 1336 amplius
1341 1249 1466 1333 nequit.

279 1349 434 1430 dentur,
459 1345 522 1417 hoc
545 1346 609 1422 est,
632 1340 1021 1435 modumeipraesctibit.
1059 1351 1106 1434 2.)
1179 1346 1700 1439 §.cxxxvt.Quaeritur1v.)
1750 1343 1827 1424 1v.)
1842 1345 1958 1431 Anfiat

231 1513 233 1518 .
279 1443 468 1539 Exsorma.
517 1443 676 1516 Conditio
695 1465 732 1514 ut
751 1442 937 1532 plurimum
954 1465 1108 1533 percon·
1133 1438 1227 1515 Num
1243 1466 1309 1540 pro
1332 1442 1575 1516 conditionalis
1595 1441 1701 1540 spon·
1751 1424 1937 1491 aoiiditioaa-

278 1533 763 1640 junsiionem‘ficoncipitur,
799 1545 916 1615 modus
941 1566 1021 1618 vero
1044 1563 1107 1630 per
1124 1540 1261 1639 solibus
1275 1539 1523 1657 statlabettdm
1549 1565 1702 1642 quaeter·
1752 1512 1959 1667 {aquam

278 1644 548 1731 conjuntltionem
564 1650 611 1711 ot.
652 1640 850 1730 Exemplum
869 1636 1106 1729 sponsaliorum
1130 1652 1201 1714 tum
1229 1642 1389 1738 temporis
1414 1653 1592 1715 terminum
1614 1664 1704 1740 prae·
1749 1663 1899 1747 praescri-

278 1736 338 1812 sub
355 1744 457 1812 modo
475 1742 723 1809 contractorum
750 1744 963 1828 proponitur.
991 1743 1104 1814 tSam.
1122 1739 1701 1840 finitumcoutineoisDistinguen·
1759 1741 1869 1832 ¹littra?
1943 1769 1945 1774 ·

279 1835 483 1932 XVlll.17.
505 1834 562 1905 ubi
581 1835 663 1909 Saul
677 1842 717 1908 ad
734 1841 899 1910 Davidem
917 1838 1020 1909 dicit:
1047 1829 1107 1908 Fi·
1130 1843 1209 1910 dum
1229 1838 1282 1910 hit
1301 1841 1348 1911 est
1363 1842 1451 1913 inter
1471 1835 1628 1929 sponsalia
1634 1836 1701 1936 sub

281 1933 366 2012 lium
394 1958 502 2010 nicam
531 1936 691 2029 mojorem
717 1933 842 2009 Merui
868 1932 956 2008 dabo
982 1932 1048 2007 libi
1069 1933 1105 2005 in
1133 1938 1325 2015 conditione
1356 1940 1439 2011 certi
1473 1938 1633 2033 temporis
1660 1942 1853 2020 contrade,
1877 1938 1959 2013 utsa
2019 1943 2023 1950 ’

278 2055 438 2116 uxorem,
468 2032 780 2148 totilummodo'csio
795 2033 1035 2135 filiurfhriis‚
1065 2028 1106 2108 &
1131 2040 1204 2126 quir
1230 2034 1331 2108 filiam
1351 2036 1448 2109 alicui
1472 2037 1670 2126 promittat,
1709 2059 1746 2108 ut
1774 2062 1847 2110 eom
1873 2042 1961 2113 intra

274 2133 438 2234 praeliare
458 2123 541 2209 besso
564 2127 716 2206 Domini.
746 2143 793 2225 ς.)
808 2138 855 2207 Ex
867 2130 988 2229 effodio.
1003 2134 1107 2225 Quod
1130 2161 1254 2207 annum
1269 2137 1304 2205 in
1332 2159 1468 2210 uxorem
1484 2137 1602 2217 ducat3
1628 2145 1663 2212 dc
1682 2137 1771 2208 inter
1779 2132 1961 2234 sponsalia
2017 2181 2021 2192 ·
2103 2146 2111 2170 ²
2174 2121 2176 2130 ¹

279 2227 340 2306 sub
351 2235 544 2307 conditione
560 2234 789 2323 promittitur,
805 2230 963 2304 effestum
978 2230 1107 2302 nullum
1128 2258 1211 2332 patre
1230 2232 1424 2316 contrella,
1457 2232 1576 2322 quibus
1598 2236 1710 2323 pallea
1731 2237 1853 2308 ortensio
1876 2240 1959 2311 cerii
1990 2283 2003 2312 ,-

237 2369 242 2376 ·
277 2329 403 2418 ltabet,
428 2345 603 2421 autequam
629 2332 776 2403 conditio
798 2332 929 2416 existet,
962 2324 1021 2404 sub
1039 2353 1108 2400 mo·
1132 2334 1291 2431 temporis
1305 2353 1350 2403 ac
1368 2330 1437 2406 diri
1452 2331 1645 2426 nuptiarum
1664 2336 1750 2404 inter
1763 2335 1961 2408 contrahen-

279 2433 325 2504 du
348 2452 464 2504 autem
493 2424 688 2521 promissum
710 2432 818 2502 slatim
848 2429 986 2520 obligat.
1057 2431 1109 2501 Sic
1134 2457 1195 2518 tes,
1213 2429 1265 2504 vel
1282 2456 1399 2502 eorum
1419 2429 1825 2520 parentesfadiaaccedit.
1873 2438 1967 2508 Prio-

278 2554 334 2603 res
354 2534 431 2602 data
454 2528 598 2601 ecclestae
617 2524 678 2599 sub
700 2533 802 2599 modo
819 2530 925 2620 statim
947 2524 983 2597 fit
1003 2524 1109 2599 eccle·
1133 2557 1169 2603 ra
1192 2525 1351 2618 sponsalia
1375 2526 1468 2618 lapsu
1487 2530 1648 2618 temporis
1673 2527 1828 2619 prefiniti
1854 2531 1963 2606 dissol-

279 2627 344 2701 firr.
393 2633 442 2700 Ex
462 2627 582 2716 quibus
599 2623 755 2698 omnibui
775 2624 1109 2698 Guilielmuntintcr·
1134 2650 1289 2716 vunrur3
1328 2633 1418 2715 quod
1449 2624 1471 2697 li
1503 2650 1647 2713 namque
1673 2649 1737 2716 per
1771 2654 1874 2715 eum,
1906 2633 1962 2704 eui
2102 2681 2107 2686 .

279 2747 415 2818 pretem
433 2747 599 2804 veterem,
626 2723 873 2798 &Albericum
898 2721 1027 2796 secutus
1042 2720 1111 2794 col·
1134 2723 1306 2821 promissio
1328 2724 1414 2797 facta
1431 2726 1495 2808 esi,
1521 2726 1664 2803 steterit,
1689 2750 1757 2813 qua
1775 2730 1882 2801 minus
1899 2754 1963 2800 nu-
2087 2727 2093 2750 ‘

271 2823 382 2924 digit,
419 2827 509 2911 quod
533 2818 714 2920 sponsalia
734 2820 801 2918 sati
822 2821 1013 2894 conditiore
1035 2842 1113 2892 con·
1136 2828 1213 2914 ptiar
1237 2822 1362 2897 suerint
1380 2820 1499 2902 facta,
1523 2822 1668 2894 dubitari
1682 2846 1748 2893 iton
1768 2824 1889 2917 debet,
1914 2826 1962 2898 al·

281 2923 404 3008 eada,
418 2920 608 2994 'conditione
625 2919 683 2993 illo
703 2944 768 2992 non
786 2923 943 3021 exisleite
955 2927 1114 2993 corruant
1138 2948 1247 2996 terum
1261 2920 1465 3013 obligatione
1482 2918 1638 3004 liberari,
1664 2944 1762 3008 atque
1776 2921 1872 2995 aliam
1883 2950 1962 2997 con·

285 3017 331 3098 (5
342 3023 571 3122 infirmmturt
590 3018 654 3117 sed
671 3021 704 3119 st
737 3018 780 3094 ub
801 3019 899 3092 modo
912 3016 1114 3091 contrastan-
1137 3025 1296 3093 ditionem
1312 3019 1371 3090 stbi
1389 3044 1536 3108 querere
1557 3015 1663 3107 polle,
1688 3019 1812 3091 etiamsi
1831 3044 1961 3113 partem

282 3134 357 3208 tar,
373 3122 494 3224 statim
511 3130 590 3193 rota
599 3122 670 3217 fini
735 3119 814 3215 cogi
826 3118 940 3218 pofflt,
963 3118 1021 3214 qai
1035 3140 1114 3211 pro·
1136 3120 1273 3190 aiteram
1289 3120 1330 3189 de
1350 3113 1501 3206 promissi
1515 3115 1763 3203 complemento
1776 3141 1843 3192 non
1863 3124 1967 3194 inter·
2076 3205 2079 3218 Ι

282 3222 400 3322 rtiijii,
430 3217 479 3291 ad
509 3217 641 3291 modum
675 3215 880 3314 sonandum
910 3213 951 3289 &
974 3214 1113 3312 impleo·
1137 3217 1324 3307 pellavcrit.
1375 3223 1413 3287 in
1438 3214 1676 3305 posterioribus
1700 3241 1781 3289 vero
1810 3215 1965 3310 sponsali·

237 3349 240 3354 ·
281 3311 639 3395 {iamstienimrum
655 3343 776 3408 magna
798 3316 835 3387 sit
856 3311 1003 3388 adfinitas
1024 3316 1112 3386 inter
1137 3318 1198 3387 but
1221 3314 1383 3404 obligatio
1406 3337 1474 3385 nun
1495 3307 1661 3401 exspirat,
1699 3312 1797 3388 srvel
1824 3322 1965 3394 maxime

234 4917 252 4992 Ι

282 3421 425 3494 modum
448 3425 481 3490 δι
500 3417 724 3488 conditionem
743 3419 931 3503 adjedlam,
970 3413 1046 3503 quia
1075 3434 1112 3482 ut
1137 3436 1268 3502 tempus
1289 3414 1546 3483 determinatum
1567 3408 1667 3480 suerit
1681 3412 1942 3507 praeterlapsuua.

258 3515 262 3524 ’
281 3511 535 3595 conditionem,
563 3516 608 3583 ita
627 3523 660 3587 dc
680 3517 815 3628 niodum
831 3514 1111 3583 conventioniad-
1185 3526 1213 3601 §.
1228 3515 1435 3621 cxxxyll.
1462 3510 1636 3619 Qurritur
1649 3516 1705 3592 V.)
1754 3556 1965 3643 VMnspon,

265 3615 485 3699 ‚ha-rentem,
512 3610 533 3681 st
555 3633 665 3682 tamen
687 3636 712 3679 rs
736 3609 774 3681 fit
791 3610 945 3684 honestus
961 3634 999 3679 ae
1014 3603 1112 3698 poffi-
1136 3607 1199 3683 An
1207 3605 1387 3704 sponsalia
1393 3606 1552 3701 poenalia
1564 3608 1629 3697 fini
1642 3629 1704 3702 pro
1746 3635 1832 3720 sap-0
1851 3658 1962 3722 pom„

282 3705 382 3792 bilis,
405 3708 638 3782 contrahentes
658 3708 799 3796 implere
824 3730 1009 3800 coguntur,
1037 3709 1112 3777 idco
1136 3710 1224 3783 ratis
1238 3703 1422 3779 labenda?
1450 3695 1615 3793 Sponsalia
1632 3731 1705 3794 poe·
1755 3717 1798 3780 iia
1811 3737 1868 3801 pro
1885 3723 1966 3781 ratis

282 3808 457 3883 musarum
484 3806 777 3880 matrimonialium
805 3809 930 3893 judices
957 3810 1111 3875 adcurate
1136 3810 1221 3878 raaiia
1250 3829 1397 3883 vocant,
1438 3802 1558 3891 quibus
1582 3806 1708 3876 utentia
1779 3796 1945 3887 ltttttdt?

283 3909 342 3984 hie
359 3901 521 3997 dispicere
539 3929 693 3996 oportet,
718 3932 759 3974 an
778 3899 838 3975 sub
851 3907 971 3982 mado,
994 3927 1037 3973 an
1053 3898 1112 3972 sub
1136 3929 1245 3994 poenae
1268 3905 1314 3974 cll
1333 3907 1482 3990 adjedta3
1506 3927 1536 3973 e.
1553 3929 1587 3994 g.
1610 3926 1705 3990 pater
1724 3897 1906 3990 despondet
1928 3900 1966 3974 fi·

285 4007 477 4080 conditione
500 4008 671 4076 contradit
696 4000 821 4074 suerint
853 3995 1039 4091 sponsalia?
1080 4001 1112 4067 id
1137 4003 1215 4074 liat'n
1236 4000 1344 4087 alicui,
1371 4000 1502 4098 adjecto
1536 4004 1636 4090 patto
1662 4027 1729 4081 eo·,
1760 4006 1850 4088 quod
1871 4003 1968 4090 quia

284 4108 375 4195 quod
396 4124 545 4176 nontam
562 4102 766 4190 exapicibus
782 4100 989 4182 verborum,
1015 4122 1113 4185 quam
1138 4097 1353 4189 promissione
1374 4102 1521 4180 recedit,
1544 4122 1678 4171 centum
1708 4097 1850 4169 florenos
1871 4101 1969 4171 alteri
2041 4161 2056 4177 ,

285 4229 328 4278 er
352 4193 603 4275 circumstantiis
638 4202 738 4270 totius
765 4201 901 4272 alitionis
931 4201 1115 4284 prudenter
1139 4201 1227 4288 parti
1249 4222 1424 4268 numerare
1439 4197 1569 4269 debeat.
1620 4202 1672 4269 De
1700 4197 1761 4267 hac
1786 4196 1970 4288 promiffio·

262 4369 268 4376 .
285 4297 513 4393 colligendum
528 4299 563 4372 ’δι
578 4300 813 4369 aellimandum.
864 4298 916 4368 Sic
928 4319 989 4383 pro
1006 4319 1117 4366 exem·
1140 4322 1182 4370 ne
1199 4294 1324 4383 poenali
1344 4297 1514 4366 communi
1530 4291 1690 4386 suffragio
1709 4295 1862 4381 statuunt,
1879 4299 1969 4385 quod

284 4401 346 4490 plo
380 4393 621 4488 sponsaliorum
648 4391 708 4466 sub
739 4398 838 4465 modo
869 4396 1115 4463 toittratlurum
1141 4393 1178 4463 stt
1194 4389 1264 4482 ipso
1280 4402 1354 4479 jure
1370 4389 1484 4475 nulla,
1510 4418 1587 4463 cum
1609 4394 1813 4465 matrimonii
1836 4393 1971 4467 liberta·
2039 4399 2041 4403 ’

285 4494 457 4576 adfertur,
482 4498 615 4583 quando
630 4492 779 4566 ethnicus
797 4489 828 4562 sc
848 4496 1026 4562 ducturum
1043 4489 1117 4579 pol·
1141 4495 1165 4563 ti
1183 4491 1258 4581 lege
1277 4493 1389 4561 divina
1413 4499 1447 4563 δι
1465 4490 1606 4561 humana
1629 4488 1777 4562 stabilitae
1799 4515 1818 4563 e
1845 4495 1970 4566 diame·
2077 4531 2092 4540 ·-

231 4651 238 4668 .
286 4596 408 4669 licetur
427 4590 601 4665 faeminam
620 4591 780 4685 gentilem
801 4593 992 4677 rumpaslo
1014 4585 1116 4660 desi·
1140 4585 1414 4674 troaduetsetus.
1460 4586 1616 4659 Paulutl.
1647 4583 1752 4662 Titio.
1775 4609 1852 4680 134.
1875 4588 1970 4665 ffide

289 4693 365 4768 bero
389 4691 569 4788 religionis
589 4692 751 4763 exercitio
777 4686 999 4783 relinquendo.
1053 4691 1115 4758 Sed
1141 4685 1273 4760 verbor.
1289 4673 1655 4785 oblig'.']iipalatiouem
1673 4686 1767 4760 illam
1779 4709 1971 4784 poenaeaon

289 4792 319 4868 fi
332 4813 410 4868 ante
428 4792 639 4863 matrimonii
657 4785 975 4862 consummationem
992 4783 1114 4857 alteru·
1131 4783 1312 4883 srcuadnui
1327 4783 1432 4858 bonor
1448 4807 1553 4858 mores
1566 4785 1629 4879 (⁴¹)
1646 4786 1874 4886 interpofitum
1891 4785 1970 4885 effi,

859 4930 861 4933 >
1723 4903 1730 4922 '
1920 4913 1973 4960 re·

324 5039 377 5119 (t)
405 5031 527 5096 alitum
545 5031 629 5096 haud
651 5032 811 5096 immerito
840 5031 942 5093 videri
971 5037 1118 5112 poterat,
1224 5043 1386 5089 narnvs
1408 5026 1494 5107 snpra
1511 5025 1678 5099 recitavit,
1700 4989 1854 5119 statuisset,
1876 5024 1975 5112 stipu-

368 5129 531 5183 pavnvu
547 5110 659 5183 Jstum
681 5112 714 5174 iu
738 5114 758 5178 l.
788 5113 886 5188 Titia,
915 5130 1009 5193 quatu
1035 5130 1120 5172 ora·
1227 5106 1381 5170 lationem
1397 5106 1572 5187 poeualeur,
1592 5102 1970 5187 sponsalibusadjetlam.

449 5188 542 5267 Tom.
570 5189 658 5270 XV.
1147 5209 1155 5220 '
1197 5190 1219 5260 S
1501 5238 1506 5252 ,
1896 5207 1976 5254 cou-
