4884 5984
1605 1697 2812 1988 PRAEFATIO

1115 2184 1119 2187 ·
1273 2120 1423 2317 E
1495 2126 1674 2317 D
1765 2124 1851 2317 Ι
1939 2120 2135 2316 T
2228 2119 2415 2311 Ο
2512 2118 2692 2354 R
2791 2115 2876 2311 I
2997 2122 3167 2311 S.

822 2566 1025 2626 ocus
1066 2538 1152 2622 de
1201 2542 1509 2653 conjugio
1539 2568 1591 2627 a
1640 2538 2324 2628 GERHARDO
2387 2539 2663 2625 nostro
2696 2539 3071 2655 singulari
3114 2538 3523 2665 diligentia
3553 2537 3827 2626 elabo-

877 2693 1097 2762 ratus
1130 2738 1153 2779 ,
1202 2674 1304 2764 ’ὄι
1344 2696 1522 2763 tam
1578 2672 1904 2792 copiose
1952 2672 2337 2761 trastatus
2390 2674 2505 2759 est
2532 2726 2557 2769 ‚
2614 2694 2707 2759 ut
2748 2704 2920 2759 uno
2977 2673 3396 2762 volumine
3417 2739 3444 2777 ,
3502 2678 3825 2761 caeteris

574 2809 906 2925 quidem
953 2807 1258 2929 aequali
1282 2872 1307 2913 ‚
1366 2806 1944 2930 comprehendi
1990 2838 2158 2894 non
2207 2806 2488 2924 poss'et.
2615 2803 2987 2896 Fecimus
3044 2814 3290 2925 igitur
3336 2809 3539 2897 duas
3578 2808 3821 2921 hujus

561 2942 1069 3032 mirationis
1140 2963 1411 3061 partes
1444 3007 1468 3047 ‚
1550 2972 1901 3063 quarum
1962 2946 2311 3061 primam
2394 2945 2483 3027 in
2566 2960 2806 3029 tomo
2879 2942 3038 3031 hoc
3117 2943 3441 3031 decimo
3525 2946 3818 3060 quinto

550 3107 738 3166 non
789 3083 1092 3166 minori
1120 3142 1145 3183 ‚
1202 3108 1457 3197 quam
1513 3109 1708 3197 quae
1762 3083 1848 3164 in
1901 3071 2443 3194 superioribus
2501 3080 2751 3165 tomis
2806 3108 2858 3165 a
2910 3080 3147 3166 nobis
3220 3077 3576 3168 adhibita
3644 3078 3758 3164 est
3789 3140 3813 3182 ,

554 3243 762 3299 cura
817 3210 1183 3300 recusam
1239 3245 1460 3305 nunc
1511 3212 1993 3303 exhibemus
2010 3274 2035 3317 ‚
2091 3208 2429 3300 alteram
2447 3272 2470 3316 ,
2526 3240 2783 3331 quam
2824 3217 3183 3331 primum
3265 3212 3437 3301 fieri
3490 3211 3760 3331 potest
3789 3275 3811 3315 ‚

562 3342 1027 3435 tecuturam
1050 3383 1054 3387 ·
1079 3345 1583 3466 pollicemur.

782 3550 1074 3657 Vides,
1110 3579 1596 3646 Bmmvom
1629 3580 2014 3660 an'ron,
2049 3554 2179 3668 (&
2204 3584 2308 3644 ne
2338 3559 2730 3675 graveris,
2766 3542 3162 3675 petimus)
3193 3576 3518 3641 tomum
3541 3551 3807 3642 hunc·-
3884 3590 3970 3620 -
4041 3539 4052 3557 “

549 3721 654 3777 ce
685 3708 1070 3777 notarum
1095 3722 1145 3775 a
1173 3692 1412 3778 nobis
1440 3690 1626 3778 addi
1655 3686 2072 3780 solitarum
2120 3696 2523 3809 paucitate
2573 3690 2963 3779 laborare.
3080 3688 3531 3777 Enimvero
3574 3687 3807 3809 quod

546 3854 728 3913 non
779 3822 1110 3942 prorsus
1168 3834 1580 3937 α’σόμβολοι
1637 3853 1845 3912 eum·
1886 3822 2454 3929 dimiserimus,
2514 3828 2903 3914 testantur
2962 3821 3560 3912 observationes
3615 3825 3805 3912 hinc

545 3961 744 4047 inde
794 3960 947 4049 ads
935 3957 1191 4080 persae
1207 4024 1231 4063 ‚
1287 3958 1508 4049 velut
1521 3983 1539 3997 ‘
1559 3992 1687 4049 eae
1704 4024 1727 4064 ,
1788 3991 1983 4075 quae
2015 3957 2690 4071 Jurisconsultorum
2718 3962 2806 4047 de
2821 3961 3087 4071 poenali
3124 3965 3197 4042 in
3216 3955 3803 4070 sponsalibussti-

538 4097 896 4206 putatione
940 4093 1422 4184 sententiam
1464 4095 1874 4185 declarant
1926 4107 2182 4213 atque'
2240 4094 2695 4187 defendunt
2721 4159 2745 4200 ,
2829 4100 3067 4197 item,
3139 4124 3338 4211 quae
3394 4094 3503 4182 ad
3577 4099 3800 4182 noti-

550 4236 755 4320 tiam
802 4232 1168 4318 auft'orum
1242 4230 1705 4349 augendam
1779 4235 2194 4349 pertinent
2239 4292 2262 4333 ‚
2364 4252 2461 4318 ut
2553 4230 2659 4317 de
2730 4225 3180 4336 firtptort'bus
3201 4237 3234 4262 ⁶
3244 4230 3445 4339 juris
3530 4233 3811 4347 matri-l

557 4373 867 4458 inomaus
907 4434 940 4473 ‚
1016 4368 1555 4479 protestantium
1625 4371 1836 4486 parti
1906 4363 2242 4455 addiffls
2274 4417 2301 4468 ,-
2397 4395 2649 4483 porro
2687 4425 2709 4467 ‚
2823 4394 3018 4483 quae
3108 4362 3713 4473 Montamstarum
3761 4355 3792 4469 ‚¹

544 4504 1130 4598 Novatianorum
1143 4558 1171 4601 ‚
1229 4507 1640 4588 Graecorum
1664 4554 1689 4597 ‚
1748 4498 1840 4587 &
1882 4530 1987 4586 ex
2016 4500 2348 4606 patribus
2393 4497 2784 4610 Augustini
2814 4496 3109 4617 placita
3152 4499 3237 4581 de
3271 4504 3535 4606 nuptiis
3560 4500 3791 4602 licun-

550 4645 653 4725 dis
734 4642 1130 4732 illustrant:
1167 4703 1190 4744 ,
1265 4639 1635 4758 inprimis
1717 4665 1915 4723 vero
1987 4662 2180 4753 quae
2265 4632 2350 4715 de
2402 4635 2817 4742 polygamiae
2886 4635 3324 4743 simultaneae
3409 4629 3788 4742 dffenfiri.

547 4779 730 4882 bus,
784 4779 1207 4880 Ocnum,
1258 4773 1628 4865 Lvsnno
1658 4834 1684 4877 ,
1737 4769 2136 4860 Bmmto
2169 4831 2190 4873 ,
2250 4766 3051 4873 Wmmunnnuro,
3105 4766 3490 4887 aliisque,
3547 4800 3788 4888 quae-

524 4919 723 5009 dam
805 4936 1107 5007 notatu
1188 4910 1408 4998 haud
1474 4907 1807 5023 indigua
1882 4927 2566 4995 commemorant.
2729 4903 2915 4994 Nec
2996 4904 3273 4994 deerat
3359 4902 3543 4993 sane
3628 4937 3784 4993 no-

523 5059 644 5148 bis
697 5058 1051 5148 materia
1081 5111 1108 5155 ,
1189 5046 1455 5140 multo
1511 5040 1822 5164 plurae,
1881 5068 2185 5158 easque
2239 5045 2576 5130 minime
2645 5037 3089 5160 superfluas
3160 5041 3789 5129 animadverlio-

2221 5175 2305 5289 )(
3644 5199 3864 5264 nae·
