4884 5984
785 451 790 458 “
851 468 913 539 oa.
962 461 1227 572 ΛΜΝ-ατη
1270 469 1504 561 coquou.
1897 496 1972 572 455

348 658 493 734 instituta
517 685 536 731 a
566 655 747 751 suspicione
777 656 895 750 liberat
912 670 992 743 ‚ne
1023 643 1142 735 scorta·
1168 658 1245 733 libr.
1267 661 1329 736 IV.
1345 667 1387 737 de
1405 661 1481 738 afin.
1503 617 1572 736 sur.
1597 665 1630 736 in
1651 670 1787 740 domum
1807 671 1869 741 uiri
1890 688 1979 747 tant

347 778 458 831 torum
491 757 545 830 uel
575 758 886 832 concubinariorum
919 784 1014 832 more
1039 759 1141 831 coha-
1166 782 1266 845 quam
1291 762 1325 830 in
1354 759 1504 834 sutorum
1531 765 1737 836 domicilium
1767 770 1961 838 ducebatur.

348 853 452 929 bitare
477 879 648 946 putentur.
699 860 810 941 Adde,
836 861 927 946 qnod
949 863 1139 930 contrarius
1167 859 1277 941 (lianc
1294 860 1526 930 dedoc‘iionem
1544 861 1579 929 in
1596 855 1729 935 minum
1747 864 1963 936 antecedebat

348 952 532 1038 clancqum
564 954 644 1027 fassi
680 956 837 1026 indurant
872 952 1137 1044 presumtionem
1164 955 1320 1025 dedudiio
1342 955 1507 1042 iniustos
1527 962 1636 1029 narsiti
1654 965 1707 1030 die
1725 955 1842 1041 restio,
1868 985 1961 1034 ante·

348 1048 492 1139 fraudis,
531 1063 567 1125 dc
593 1051 735 1142 brgoant
758 1057 905 1123 animum
934 1050 1085 1124 dolosum
1108 1078 1136 1125 c.
1163 1075 1262 1137 quam
1283 1047 1405 1139 nuptia
1423 1053 1539 1125 fierent
1559 1055 1580 1127 l.
1601 1063 1671 1143 SeJo
1695 1063 1752 1129 66.
1776 1057 1812 1130 ff.
1834 1063 1877 1133 de
1900 1065 1960 1132 do·

348 1146 450 1248 Quod
465 1151 609 1223 lubnter
626 1154 666 1222 ds
684 1146 778 1223 Rs.
801 1176 828 1221 c.
851 1152 910 1222 ult.
925 1152 1085 1251 §.stquis
1104 1178 1136 1222 u.
1162 1171 1229 1217 nat.
1254 1150 1344 1220 inter
1370 1154 1420 1232 vir
1447 1161 1481 1225 δι
1503 1177 1596 1224 uxor.
1629 1151 1825 1241 sequebatur
1854 1160 1959 1228 dedu·
2075 1167 2080 1178 '

348 1239 558 1349 iefctandefll
585 1245 734 1344 despuas.
802 1250 906 1336 Atqui
934 1276 952 1320 a
979 1249 1228 1339 conjugioqtlio
1257 1246 1292 1316 iu
1320 1244 1505 1320 cubiculum
1529 1276 1547 1319 a
1570 1252 1804 1341 paranymphis
1826 1253 1913 1327 sada
1932 1252 1955 1327 l.
2103 1283 2105 1288 ·

348 1371 378 1425 at
394 1349 489 1423 bonae
517 1346 597 1418 fidei
613 1350 785 1419 contrasiu
803 1371 936 1418 omnem
953 1346 1020 1417 doli
1036 1343 1137 1435 suspi-
1162 1345 1215 1411 cui
1237 1340 1338 1414 suerit
1365 1371 1417 1433 ¹5·
1442 1342 1478 1419 ff.
1505 1351 1546 1418 de
1563 1351 1807 1422 conditionibus
1834 1362 1870 1426 dc
1897 1339 1957 1424 de·

348 1451 471 1523 :ionem
491 1461 591 1540 quam
610 1439 797 1538 longiffime
815 1466 959 1516 amotam
979 1443 1042 1518 else
1058 1467 1137 1516 con·
1161 1442 1476 1528 monstrationibus.)
1537 1442 1733 1518 Ducebatur
1761 1470 1872 1532 autem
1899 1473 1958 1520 ve.

348 1550 443 1626 mi&
529 1623 532 1628 ,
1161 1531 1247 1623 speri
1277 1563 1296 1608 a
1322 1542 1541 1633 praetextatis
1574 1544 1688 1638 pueris
1714 1547 1878 1640 patrimis
1913 1542 1957 1620 &

668 1649 696 1723 §.
721 1641 936 1714 CCCCLVI.
970 1637 1073 1712 Ritus
1099 1639 1134 1708 in
1159 1634 1329 1708 »stanimir
1354 1640 1487 1726 (idest,
1512 1660 1642 1727 patrem
1665 1651 1701 1716 &
1727 1665 1868 1717 matrem
1896 1646 1963 1720 ad-

348 1737 445 1835 Ritus
465 1757 524 1801 nu·
595 1739 742 1829 conjugii
771 1734 1053 1810 consummatione
1075 1738 1134 1807 ad·
1158 1729 1224 1802 huc
1249 1731 1461 1822 habentibus)
1473 1736 1603 1821 tribus,
1631 1762 1774 1826 q1¹⁰r¹¹m
1796 1767 1880 1814 ⁰⁰⁰⁵
1904 1738 1955 1822 ft.-

358 1827 504 1902 pisarum
595 1835 704 1909 hiberi
723 1832 810 1907 soliti
830 1835 872 1906 lic
884 1835 1039 1926 distingui
1056 1829 1131 1922 pos-
1156 1853 1230 1902 cem
1255 1830 1455 1920 praeferebat
1481 1857 1526 1906 ex
1548 1831 1654 1930 [priuis
1683 1834 1791 1925 olba,
1833 1839 1953 1926 reliqui

354 1974 521 2051 mm·
594 2031 697 2131 cststae
714 2030 889 2127 pomoerio
914 2034 1001 2120 apud
1025 2033 1134 2120 genti·
1157 2049 1212 2112 qq.
1239 2030 1339 2097 Rom.
1362 2054 1396 2115 q.
1418 2056 1453 2103 2.
1505 2033 1692 2103 Dedusiam
1717 2032 1810 2106 colus
1841 2042 1954 2106 comto

348 2154 401 2214 es,
424 2128 558 2217 quidam
576 2155 658 2210 vero
673 2132 706 2199 in
721 2128 808 2201 ecclc
822 2151 856 2199 m
876 2127 1002 2218 fuerint
1017 2152 1054 2199 ac
1072 2124 1133 2198 fiat
1159 2143 1233 2195 cum
1253 2121 1336 2218 suso
1364 2121 1405 2197 ss
1424 2127 1568 2224 flamine
1595 2128 1827 2205 comitabatur.
1872 2128 1953 2203 -l’li-

348 2223 482 2300 usitati.-
510 2229 608 2301 Ritus
637 2229 813 2320 gentilium
834 2222 907 2297 sunt
928 2225 980 2298 vel
1003 2223 1132 2299 Romu·
1155 2223 1229 2292 nius
1257 2220 1335 2293 libr.
1361 2220 1461 2296 Vlll.
1495 2248 1568 2314 cap.
1595 2222 1764 2304 XLVIII.
1829 2232 1954 2301 Praeter

348 2345 457 2397 sonam
472 2324 527 2397 vel
549 2326 698 2399 aliarum
716 2326 877 2419 guadium.
929 2326 1026 2397 Ritus
1042 2325 1130 2412 apud
1155 2317 1226 2390 haed
1252 2316 1399 2391 utensilia
1429 2319 1603 2410 mulieris,
1650 2333 1685 2398 δι
1714 2350 1786 2413 qaae
1813 2327 1849 2396 in
1881 2332 1953 2414 ejus

348 2429 507 2497 lomanm
527 2425 576 2494 in'
589 2426 713 2512 nuptiis
743 2422 872 2496 usrtatos
895 2419 1075 2512 diligenter
1091 2444 1131 2491 ex
1155 2413 1213 2485 usu
1235 2441 1273 2487 ac
1297 2418 1476 2489 ministerio
1500 2440 1614 2507 erant,
1649 2442 1712 2509 per
1726 2444 1868 2513 puerum
1886 2425 1951 2498 im.
1985 2451 1990 2460 ·

348 2521 498 2594 Iomanis
521 2515 737 2609 scriptoribus
756 2520 968 2612 collegerunt
992 2517 1131 2591 Carolus
1154 2512 1335 2601 puberem,
1362 2510 1551 2606 Consilium
1570 2520 1716 2604 didam,
1749 2521 1784 2591 in
1807 2516 1881 2593 usse
1909 2547 1950 2592 o·

348 2619 488 2709 ligonius
509 2622 551 2692 de
574 2622 674 2707 antiq.
696 2628 769 2708 jure
792 2624 892 2691 Rom.
913 2613 989 2688 libr'.
1010 2623 1034 2688 1.
1056 2639 1129 2703 cap.
1153 2632 1274 2698 perro,
1308 2617 1397 2699 quod
1424 2638 1588 2687 sumerum
1620 2615 1819 2702 vocabatnr,
1843 2619 1949 2708 gella·

351 2711 397 2789 X.
448 2716 610 2788 Barnabas
650 2714 824 2789 Brilsonius
858 2719 900 2786 de
934 2715 1001 2784 ritu
1034 2733 1131 2798 nupt.
1153 2710 1190 2798 ri
1204 2707 1449 2785 consueverant.
1492 2715 1610 2784 'Varro
1634 2711 1692 2784 lib.
1716 2713 1778 2786 Vl.
1804 2714 1949 2803 de-ling.

348 2815 483 2885 ludreas
511 2814 720 2902 Tiraquellus
754 2820 795 2887 de
828 2811 957 2903 legibus
982 2808 1126 2881 tonnub.
1151 2802 1209 2876 lat.
1260 2811 1336 2877 Hoc
1362 2813 1521 2880 comitatu
1547 2815 1587 2881 ad
1614 2812 1725 2880 mariti
1751 2815 1835 2883 sedes
1856 2836 1949 2884 accc·
2082 2863 2084 2868 -

348 2910 481 3002 :caliget
511 2910 570 2983 lib.
598 2919 656 2983 Ill.
690 2917 732 2985 de
766 2912 946 3000 repoetic.
973 2933 1045 2996 cap.
1068 2910 1125 2978 Cl.
1151 2902 1292 2988 debant,
1313 2929 1454 2991 quarum
1476 2906 1564 2979 sores
1582 2907 1729 2998 floribus
1752 2905 1793 2980 ii
1805 2908 1949 3003 frondi·

348 3011 512 3081 :cinnanos
533 3007 593 3082 lib.
610 3007 709 3083 VIII.
734 3035 859 3080 comm.
878 3033 906 3078 c.
928 3003 989 3076 Ill.
1013 2997 1126 3075 Petrus
1150 2999 1343 3072 bus'ornari
1365 2999 1612 3085 consueverant.
1661 3010 1731 3078 Prae
1751 3005 1879 3079 foribus
1897 3011 1948 3079 io·
2050 3005 2082 3030 ²
2174 3071 2181 3082 .

348 3105 436 3184 'uber
457 3097 533 3187 libr.
546 3104 592 3179 ll.
615 3103 757 3179 semdslr.
785 3131 857 3194 cap.
872 3100 1000 3175 XXIII.
1020 3109 1126 3172 Anto·
1151 3119 1326 3188 terrogatae
1343 3099 1670 3190 nubentesquaenam
1688 3100 1809 3188 essent,
1839 3102 1953 3201 Cujus.

348 3206 405 3275 ius
431 3201 612 3277 Guibcrtus
638 3208 673 3275 in
698 3204 756 3279 lib.
779 3208 820 3276 de
845 3197 1017 3291 sponsalib.
1050 3205 1128 3269 Par·
1149 3191 1180 3266 se
1206 3194 1270 3267 ell'e
1293 3193 1549 3286 respondebant.
1609 3197 1681 3273 Vbi
1702 3212 1738 3273 iu
1757 3198 1863 3297 Cujus
1883 3224 1947 3297 ego

348 3301 462 3374 bonius
482 3304 517 3372 in
544 3305 631 3373 notis
655 3307 696 3374 ad
721 3300 892 3376 Catullum
915 3302 949 3369 in
980 3298 1125 3369 carmine
1153 3288 1254 3387 Cajo.
1297 3295 1510 3368 Plutarchus
1544 3299 1577 3369 in
1606 3321 1661 3386 qq.
1691 3304 1795 3372 Rom.
1821 3327 1854 3388 q.
1886 3323 1947 3389 30.

347 3399 512 3489 enuptiis
557 3398 702 3474 Pelei&
732 3400 903 3472 Thetidos.
928 3395 1125 3484 {Molradius
1149 3388 1283 3481 (ferunt
1300 3396 1387 3463 enim
1419 3397 1535 3481 Cuiam
1568 3394 1764 3478 Caeciliam,
1800 3399 1946 3486 Tarqui·

347 3521 368 3570 e
386 3499 534 3590 matrim.
555 3521 632 3589 pag.
661 3519 718 3583 31.
742 3508 776 3572 &
796 3495 964 3586 Johannes
984 3490 1125 3565 Rosmus
1148 3491 1195 3560 nii
1212 3486 1311 3559 Prisci
1330 3493 1429 3582 ¹regis
1456 3515 1620 3570 uxorem,
1644 3495 1805 3581 optimam
1834 3493 1947 3568 lanifi-

348 3596 483 3684 santiq.
499 3599 600 3667 Rom.
618 3594 675 3666 lib.
695 3594 742 3668 V.
759 3618 839 3679 cap.
856 3589 1039 3663 XXXVII.
1063 3593 1126 3659 Po-
1147 3609 1219 3656 cam
1248 3585 1369 3669 suisse,
1398 3598 1434 3663 δι
1459 3591 1537 3661 ideo
1569 3591 1752 3664 institutum
1781 3589 1873 3683 else,
1907 3613 1946 3665 ut
2034 3601 2040 3606 '

348 3715 427 3765 ores
453 3696 543 3764 ritus,
564 3691 601 3774 hi
617 3685 743 3764 ·erant.''
769 3693 884 3764 Primo
907 3691 1029 3776 nuptiae
1054 3711 1124 3757 non
1147 3707 1233 3754 nova
1250 3707 1356 3773 nupta
1373 3707 1449 3773 ante
1468 3693 1599 3774 januam
1624 3691 1736 3761 mariti
1757 3691 1944 3783 interroga-

348 3785 387 3864 isi
402 3790 552 3887 captatis
566 3790 722 3886 auguriis
741 3786 873 3860 fiebant.
922 3790 1045 3858 Cicero
1063 3783 1120 3854 lib.
1148 3801 1180 3851 ta
1206 3778 1474 3869 quarantella,
1499 3781 1530 3857 se
1550 3785 1664 3875 Cajam
1681 3782 1745 3856 else
1765 3784 1947 3878 responde·

348 3887 417 3961 de
437 3889 541 3962 divin.
587 3889 697 3960 Valet.
722 3888 888 3957 Maximus
911 3882 968 3954 lib.
985 3880 1029 3954 ll.
1048 3905 1076 3952 c.
1094 3877 1122 3953 I.
1146 3879 1217 3967 ret)
1260 3880 1369 3949 Posses
1393 3888 1499 3968 janua
1522 3878 1604 3964 sano
1627 3883 1728 3977 tongi
1747 3909 1767 3954 a
1789 3885 1944 3958 nubenti·

348 3987 458 4078 scinde
478 3981 546 4075 ipss
563 4012 654 4058 nova
671 4007 773 4073 nupta
788 3977 1004 4077 conirsenum
1018 3978 1120 4052 crini.
1146 3976 1227 4054 bus,
1263 3975 1421 4072 adipeque
1444 3978 1529 4075 ungi
1557 3976 1603 4051 sui
1628 3979 1751 4054 oblini·
1765 3980 1944 4076 consueve-

348 4104 384 4158 us
402 4093 537 4165 onum,
557 4085 665 4156 coma
689 4083 788 4182 hustae
806 4079 940 4178 cuspide
962 4075 1121 4152 discrimi·
1145 4096 1245 4157 rant,
1282 4079 1369 4147 unde
1402 4101 1519 4147 uxores
1550 4075 1637 4166 quai
1662 4101 1802 4150 unxores
1831 4081 1943 4154 dioae.

348 4203 411 4268 tto,
433 4178 630 4266 ,unarchus
648 4186 683 4252 in
699 4207 754 4270 qq.
775 4188 878 4255 Rom.
899 4205 931 4267 q.
949 4193 1004 4267 87.
1026 4198 1121 4248 coro·
1147 4174 1451 4245 ressurrectione
1471 4198 1557 4246 nova
1576 4198 1682 4264 nupto
1707 4175 1808 4250 limen
1823 4181 1942 4272 joouae
2075 4217 2078 4224 ·

384 4282 558 4360 redimita,
583 4278 810 4353 Tertullianus
831 4282 871 4349 de
888 4300 1001 4360 coron.
1022 4274 1118 4346 milit.
1145 4264 1363 4367 tronstsibut,
1394 4274 1560 4356 cavendo,
1595 4298 1637 4344 ne
1659 4270 1743 4344 illud
1766 4279 1944 4369 continge·
2061 4347 2067 4361 ,
2166 4372 2169 4379 Ι

348 4404 356 4452 t
385 4401 411 4453 u
432 4379 548 4452 tunica
564 4373 610 4467 ¹si
627 4401 712 4472 pura
734 4389 816 4472 toga
838 4375 973 4452 induta,
997 4369 1120 4443 Plinius
1145 4389 1208 4440 ret.
1259 4371 1463 4458 Ingredienti
1484 4368 1647 4441 dabantur
1666 4368 1798 4458 csoues,
1823 4377 1945 4446 statue·

348 4464 1244 4568 bvm.eapxtvntcorallamdeverbe-barur
1270 4465 1410 4562 inpelle
1437 4463 1582 4542 sonato,
1614 4488 1736 4563 aquom
1765 4464 1806 4541 si
1831 4471 1944 4570 ignem
2067 4541 2071 4548 ,

348 4567 380 4664 ι’,
409 4573 613 4664 limibusque
637 4599 676 4649 ac
698 4574 808 4647 herbis
838 4599 856 4643 a
883 4567 1028 4643 selectis
1053 4590 1123 4639 tex·
1146 4559 1342 4659 arripiebat.
1367 4563 1449 4648 dql.
1483 4570 1565 4654 Seja.
1596 4561 1633 4638 ff.
1655 4569 1697 4642 de
1716 4569 1829 4655 donst.
1854 4572 1946 4643 inter

348 4700 391 4750 un
415 4667 478 4748 sub
505 4672 652 4746 amiculo
676 4672 811 4752 serens,
843 4670 948 4741 sellus
976 4664 1034 4738 lib.
1060 4662 1124 4739 lII.
1147 4665 1373 4738 vindentur.
1477 4722 1480 4731 .
1511 4673 1514 4678 '
1735 4709 1737 4715 -

348 4771 462 4872 itguso
477 4777 521 4844 iss
542 4768 623 4843 sano
641 4771 714 4844 ovis
737 4766 825 4842 facio
851 4771 982 4844 cincta.
1012 4768 1122 4835 Arno·
1196 4756 1358 4836 Sumebai
1389 4760 1509 4833 tritum
1529 4757 1627 4831 niueo
1661 4779 1736 4835 oum
1773 4760 1857 4841 losse
1876 4787 1945 4864 po.
1980 4861 1989 4891 ἐ

348 4871 402 4947 ius
418 4869 496 4955 libr.
511 4867 573 4942 lll.
588 4865 714 4942 advers.
732 4890 823 4959 gent.
838 4868 998 4957 flammeo
1021 4882 1123 4949 caput
1348 4955 1351 4960 .
1572 4875 1699 4954 paves,

348 4961 452 5057 elna,
474 4964 698 5040 Tertullianus
720 4966 779 5040 lib.
801 4971 843 5037 de
869 4963 933 5039 vel.
960 4962 1123 5051 virgime
1220 5046 1222 5051 .
1269 5009 1283 5037 .
1328 5011 1341 5034 .
1390 4949 1446 5034 Ei
1484 4953 1632 5053 exceptis
1666 4955 1765 5033 melio
1807 4958 1944 5058 siquis!

348 5073 394 5148 'su
414 5065 537 5146 morsis
558 5067 594 5142 si
623 5063 772 5141 Quare
799 5083 921 5161 rapta,
959 5056 1125 5155 Apulejru
1336 5181 1340 5190 1
1573 5054 1686 5151 souis.
1777 5179 1780 5186 ἱ
1821 5156 1946 5236 ,ω

397 1896 482 1981 md
591 1931 683 2019 sunt4
707 1936 795 2021 quod
817 1936 949 2021 quidam
965 1956 1057 2005 extra
1083 1954 1133 2003 ec·
1157 1927 1225 1999 duo
1254 1929 1436 2003 nubentem
1464 1931 1632 2007 tenebant.
1698 1934 1892 2008 Plutarchus
1918 1938 1954 2006 iu
1984 1995 1986 2000 .
