4884 5984
627 503 649 528 .
770 457 833 531 DE
873 456 1049 534 'Clvssd
1096 454 1306 536 ronuta!
1360 457 1591 550 CONvau.
1920 479 1990 554 aar

367 631 613 728 rimaraum
644 644 842 740 ellepis&
871 650 946 724 otili
963 651 1122 737 canutio,
1146 675 1182 724 e·
1204 652 1349 744 vestigiis
1371 650 1516 723 infistens
1541 658 1772 724 Hotomaurtus
1797 649 1854 725 lib.
1878 658 1919 725 V.
1942 653 2005 728 ob·

373 756 577 840 jusdemque
599 752 736 842 relligio
759 752 882 823 exstare
906 749 939 821 t'n
964 750 1069 824 verbo
1094 751 1180 824 divi·
1202 746 1289 852 serr.x
1309 775 1382 844 top.
1407 747 1464 820 lX.
1476 751 1688 839 judicarunt,
1713 746 1936 823 deditionem
1964 755 2000 826 r'rt

370 873 440 929 uo,
464 847 556 920 haud
584 845 681 940 inviti
702 851 935 928 concedimus,
959 853 1048 937 qnod
1071 846 1176 937 ipsum
1200 845 1335 919 domum
1346 843 1520 941 oecrffario
1536 848 1582 920 ud
1594 843 1732 942 effertur
1745 849 1898 944 conjugii
1910 872 1999 924 com·

370 945 516 1021 iuferius
532 942 598 1016 late
619 949 935 1027 demonstrabimum
961 948 1095 1020 interim
1130 970 1177 1018 ta·
1193 944 1397 1039 plemmtum
1413 949 1491 1039 jure
1510 943 1665 1019 Romano
1676 943 1781 1041 suisti
1796 949 1998 1043 reprimam,
2087 1015 2094 1036 „

369 1035 450 1118 men
485 1040 646 1118 disertum
671 1043 805 1130 aliquod
838 1065 1042 1134 preceptum
1063 1049 1106 1117 de
1127 1040 1176 1116 so—
1199 1066 1399 1134 argumento
1414 1046 1437 1115 l.
1461 1066 1490 1133 5.
1507 1043 1546 1115 ff.
1575 1050 1616 1116 de
1639 1046 1693 1116 rit.
1720 1067 1813 1133 nupt„
1857 1035 1997 1120 'Malim

365 1142 462 1216 tenni
485 1153 522 1216 dt
550 1138 763 1213 ecclesiastica
792 1139 847 1213 ille
869 1166 1034 1214 novorum
1060 1151 1174 1230 conju·
1197 1163 1266 1212 rem
1288 1140 1418 1236 abstuti
1441 1165 1501 1235 per
1519 1144 1636 1215 literas
1654 1146 1724 1236 ejus
1747 1144 1800 1216 uel
1827 1169 1887 1242 per
1911 1170 1995 1218 uur-

366 1261 453 1332 μοι
470 1239 703 1311 beneditiione
719 1263 759 1310 ex
782 1237 880 1310 saeris
900 1239 1003 1311 literis
1031 1243 1173 1328 produci
1196 1240 1284 1310 cium
1311 1238 1402 1337 poffi
1429 1240 1546 1314 nubere
1564 1244 1702 1336 placet,
1736 1245 1769 1340 st
1797 1244 1833 1314 iu
1860 1243 1995 1318 domum

364 1339 421 1408 aix
441 1340 590 1426 poterit,
613 1361 698 1425 ergo
723 1361 789 1407 non
815 1339 922 1425 potest
942 1342 1057 1409 eadem
1077 1341 1171 1409 statui
1194 1339 1266 1430 ejus
1286 1335 1522 1424 deduceretur,
1563 1363 1634 1411 eam
1668 1361 1743 1411 vere
1776 1363 1847 1434 quae
1875 1340 1995 1440 alreffet

363 1433 518 1507 absolute
538 1443 574 1510 aa
600 1432 792 1522 fimplititer
818 1437 860 1505 ad
891 1438 1039 1525 conjugii
1067 1434 1169 1509 ellen-
1193 1458 1239 1506 ex
1259 1434 1369 1510 literis
1390 1436 1445 1510 uel
1472 1438 1593 1508 nuncio
1613 1437 1687 1534 sua
1711 1437 1790 1509 duci
1817 1462 1839 1509 a
1868 1443 1993 1514 marito

362 1537 446 1605 tiam
468 1528 673 1612 necesaria,
709 1551 864 1618 tanquam
886 1529 1059 1604 essentialis
1081 1541 1169 1620 ejus·
1191 1556 1257 1605 nou
1279 1531 1392 1631 poste,
1426 1531 1617 1608 dotatione
1644 1536 1732 1607 enim
1756 1559 1838 1632 opus
1865 1536 1925 1633 esti
1952 1542 1991 1613 iu

362 1634 442 1704 dem
467 1625 588 1703 formo.
636 1627 817 1706 Ulterius:
857 1628 994 1717 Absque
1023 1653 1090 1718 quo
1119 1634 1167 1702 rei
1192 1632 1333 1712 mariti,
1358 1656 1424 1707 rora
1449 1635 1485 1706 iu
1502 1627 1622 1706 uxoris
1641 1635 1803 1715 domum,
1834 1622 1925 1737 quast
1953 1640 1991 1712 itt

360 1728 505 1817 alicujus
525 1725 659 1800 essentia
673 1739 708 1802 dt
731 1730 903 1818 integritas
919 1730 1066 1800 constare
1090 1750 1167 1818 pot·
1189 1729 1400 1807 domicilium
1422 1733 1643 1807 matrimonii.
1698 1740 1781 1804 ltem
1800 1760 1840 1807 ex
1857 1735 1880 1806 Ι.
1899 1740 1989 1814 Cum

360 1830 429 1908 est,
456 1853 497 1900 es
511 1829 643 1900 nonest
671 1821 845 1897 essentialis
859 1829 1010 1912 ejusdem
1030 1824 1166 1916 forma„
1188 1829 1224 1900 in
1242 1849 1275 1904 te
1294 1840 1326 1903 6.
1343 1833 1388 1916 C.
1410 1834 1451 1902 de
1473 1835 1583 1904 donat.
1609 1851 1685 1903 aute
1712 1852 1808 1920 nupt.
1832 1832 1889 1903 ubi
1916 1858 1988 1909 tum

358 1927 490 2016 quidpe
507 1950 579 2013 que
598 1920 895 1996 salvoteiellentia
913 1926 1162 2012 nunquam,ab-
1187 1931 1322 2000 demum
1349 1923 1496 2017 sponsam
1520 1926 1613 2001 fuille
1644 1951 1780 2000 uxorem
1810 1930 1987 2018 statuitur,
2114 1991 2117 1995 ,

355 2017 424 2097 esse
452 2026 571 2112 potest.
619 2023 723 2120 Atqui
750 2024 908 2113 conjugio
936 2017 991 2093 sur
1014 2025 1161 2100 constare
1178 2026 1212 2121 st
1229 2025 1267 2097 itt
1287 2026 1420 2098 domum
1438 2023 1554 2124 sprorrst
1579 2021 1699 2130 suiffet
1723 2025 1871 2100 drausio.
1922 2033 1986 2102 Sed

353 2123 467 2211 potest
486 2122 664 2220 nategritas
681 2117 804 2207 absque
828 2116 1039 2192 ecelestaliica
1061 2120 1161 2193 bene·
1184 2120 1272 2196 hant
1288 2125 1470 2197 Placentini
1488 2128 1680 2213 opinionem
1705 2121 1747 2195 ab
1773 2122 1930 2199 Acrursto
1949 2129 1985 2199 iu

354 2219 522 2294 diuinae:
579 2216 651 2291 Ubi
674 2220 764 2289 enim
781 2221 905 2289 ‘dantur
923 2214 1160 2289 causaesullu'ci·
1184 2221 1288 2294 Anti.
1305 2225 1348 2293 de
1367 2243 1464 2310 nupt.
1482 2224 1613 2294 deind.
1635 2220 1658 2292 l.
1684 2246 1716 2312 5.
1740 2226 1862 2295 derit.
1887 2245 1982 2312 nupt.
2027 2260 2029 2264 ·

354 2340 451 2402 entes
466 2321 502 2390 in
523 2319 599 2388 astu
621 2312 731 2404 pofitae
753 2325 787 2390 dt
807 2338 875 2386 non
894 2316 1085 2403 impeditae,
1111 2318 1158 2388 ibi
1182 2317 1359 2408 refutatam
1378 2322 1492 2408 potior
1502 2316 1809 2406 jurisconsultorum
1829 2344 1906 2407 pam
1929 2346 1983 2395 re-

353 2420 495 2508 ponitur
513 2410 663 2486 allatius.
716 2417 779 2486 Sed
801 2411 923 2501 absque
947 2412 1158 2488 ecclesiastiea
1181 2419 1316 2504 pudiat,
1345 2438 1382 2489 ut
1396 2418 1520 2489 coastat
1540 2442 1580 2487 er
1602 2415 1761 2489 Alberico
1781 2418 1907 2489 Gentili
1920 2418 1981 2494 lib.

355 2512 728 2593 beneditiionedantut
744 2507 845 2582 causat
864 2515 1011 2602 conjugii
1037 2509 1153 2584 suffici·
1182 2513 1226 2585 ll.
1248 2517 1290 2588 de
1314 2537 1408 2603 nupt.
1430 2539 1503 2602 etp.
1521 2522 1563 2587 V.
1601 2518 1763 2585 Duareno
1788 2507 1884 2588 solut.
1911 2539 1982 2588 ma·

351 2635 482 2690 entes,
518 2614 553 2680 in
577 2612 654 2680 otiu
675 2609 783 2699 politae
805 2618 838 2680 δι
864 2634 930 2679 non
962 2612 1155 2696 irnpeditae3
1180 2612 1268 2684 trim.
1288 2637 1361 2701 etp.
1387 2610 1428 2683 ll.
1454 2609 1632 2688 Borelaolto
1648 2614 1690 2681 de
1708 2613 1839 2702 gradib.
1860 2636 1896 2703 p.
1920 2622 1978 2701 85,
2062 2614 2097 2644 '¹

353 2712 429 2783 dari
453 2710 543 2782 enim
567 2711 672 2796 potest
688 2702 859 2776 consensus
881 2705 1050 2795 legitimus
1076 2732 1152 2791 per·
1179 2711 1342 2792 Connano
1361 2708 1420 2781 lib.
1439 2706 1542 2781 Vlll.
1562 2732 1649 2781 eom.
1665 2732 1737 2796 cap.
1757 2705 1817 2779 lll.
1835 2736 1868 2781 n.
1890 2720 1922 2781 6.
1941 2718 1977 2785 ει

352 2801 756 2897 sonarumleg‘tnnnrum
779 2809 811 2872 in
829 2802 1083 2876 indissolubilem
1101 2808 1152 2876 vi·
1177 2807 1249 2876 aliis
1264 2804 1514 2896 compluribus,
1534 2830 1677 2893 quorum
1693 2802 1851 2879 sententio
1869 2809 1976 2898 magia

349 2926 394 2980 ιε
417 2903 690 2978 consuetudinem
713 2901 824 2986 verbis
842 2904 983 2973 externis
1003 2901 1152 2991 legitime
1177 2901 1510 2994 conformislegibus
1531 2927 1576 2975 rx
1587 2902 1665 2998 solo
1688 2901 1843 2998 consensu
1861 2902 1902 2977 8
1915 2904 1977 2978 ad·

348 3002 541 3092 expressus,
562 3002 712 3087 quamvis
734 3023 801 3068 non
820 3002 952 3070 accedat
963 2997 1150 3072 ecalefiasii-
1168 2997 1262 3093 seliu
1279 3001 1421 3074 maritali
1437 3004 1631 3098 eonjugium
1648 2999 1881 3074 aestimantibus
1905 3002 1927 3075 l.
1950 3001 1974 3074 fi

348 3127 388 3178 aa
406 3102 616 3188 benedictio,
639 3122 679 3169 ac
699 3092 771 3168 talis
791 3094 963 3168 consensus
980 3099 1151 3170 matrimo-
1175 3102 1248 3185 quis
1270 3104 1324 3172 26.
1350 3101 1451 3172 Cde
1468 3121 1563 3187 nupt.
1614 3096 1680 3170 Ex
1706 3097 1838 3190 adsediu
1863 3123 1999 3186 omues¹
2118 3105 2124 3134 '

348 3194 627 3274 nialissuffitiens
645 3198 750 3267 estad
771 3221 890 3265 nexum
904 3194 1001 3269 illum
1018 3195 1149 3268 indisso-
1173 3196 1428 3271 introducuntur
1453 3195 1588 3289 nuptie.
1621 3194 1783 3270 Autltent.
1809 3201 1853 3270 de
1874 3219 1971 3288 nupt.

348 3296 491 3378 labilem
518 3297 769 3370 inducendum,
799 3319 877 3364 eum
905 3292 986 3363 adfit
1012 3296 1149 3367 materia
1172 3319 1244 3383 cap.
1268 3298 1424 3384 Nuptias.
1443 3315 1475 3383 3.
1490 3290 1642 3387 Nuptias
1659 3292 1971 3385 adseffusallrruur

348 3408 385 3472 dt
410 3391 541 3468 'forma
608 3397 700 3484 Ergo
723 3390 911 3462 benedictio
934 3389 1147 3463 ecclesiastica
1163 3391 1311 3483 faciti.
1334 3390 1357 3462 fi
1377 3393 1595 3474 donationum
1618 3414 1675 3464 22.
1689 3394 1732 3462 C.
1751 3396 1793 3463 de
1806 3414 1901 3481 nupt.
1927 3390 1972 3467 Si
2108 3437 2113 3454 .

348 3519 416 3568 uon
434 3495 481 3564 est
498 3488 670 3564 essentialis
691 3491 838 3577 conjugii
856 3486 983 3567 forma,
1009 3514 1069 3560 nec
1094 3514 1146 3562 re·
1170 3492 1364 3584 nuptiarum
1380 3484 1554 3562 celebritas
1574 3488 1770 3573 omittatur,
1792 3488 1969 3564 uallarem·

348 3587 503 3685 quisitum
524 3591 657 3679 aliquod
672 3592 713 3660 ad
731 3584 897 3658 essentiam
911 3593 980 3671 ejus
998 3581 1145 3659 absolute
1169 3588 1316 3687 istimet,'
1336 3586 1377 3659 alr
1393 3586 1430 3659 id
1448 3581 1545 3682 deeffe
1563 3583 1645 3659 rer‘ie
1670 3586 1762 3659 alias
1785 3586 1871 3660 inito
1894 3610 1966 3661 ma-

348 3685 573 3764 neaesiarium.
627 3688 682 3778 2.)
712 3690 758 3756 Ex
778 3679 952 3766 causarum
975 3708 1144 3758 enumera·
1169 3687 1329 3759 trimouio
1344 3684 1558 3783 firmitatem.
1581 3682 1603 3755 l.
1623 3689 1694 3772 Seje
1711 3689 1770 3756 66.
1786 3682 1823 3757 ff.
1845 3688 1889 3757 de
1904 3688 1966 3759 do·

348 3783 447 3864 siout.
498 3788 531 3859 Si
547 3808 665 3873 omnes
683 3777 801 3865 causa,
824 3804 963 3870 propter
986 3807 1064 3870 quas
1086 3784 1144 3856 be·
1167 3787 1337 3858 uariaret
1355 3786 1416 3853 vit.
1434 3784 1471 3855 δι
1485 3807 1578 3855 uxor.
1597 3805 1642 3853 ex
1656 3780 1820 3877 :consensu
1837 3781 1967 3858 inruti-

348 3877 493 3961 mediatio
509 3879 722 3978 ecclesiastica
738 3883 833 3952 tanais
847 3881 1043 3971 conjugibus
1063 3906 1143 3951 con·
1166 3884 1207 3977 gi
1231 3880 1434 3976 contrabium
1460 3880 1711 3952 matrimonium
1738 3892 1816 3954 ante
1839 3893 1967 3979 tempus

348 3984 477 4072 femur,
502 3986 543 4054 ad
563 3979 706 4052 calculos
721 4004 935 4057 revocemus,
957 3979 1144 4069 adparebit,
1166 3979 1388 4063 dedu'Hiouis,
1413 3976 1567 4051 Scaeuola
1584 3976 1764 4073 respondit.
1798 3984 1889 4073 Ergo
1903 4006 1968 4056 nee

348 4082 469 4157 nullutn
488 4104 601 4157 earum
619 4082 652 4174 id
673 4076 821 4157 inferre,
847 4081 935 4164 quod
953 4073 1140 4147 benedidiio
1164 4078 1375 4152 ecclesiastica
1395 4072 1597 4150 consectatio
1625 4081 1666 4149 ad
1693 4080 1840 4168 conjugii
1861 4075 1964 4151 essea-

348 4181 384 4254 stt
401 4181 445 4254 de
464 4180 666 4250 matrimonii
685 4173 835 4254 silentia,
872 4173 925 4245 vel
952 4176 1139 4259 requiratur
1165 4180 1243 4249 tiam
1264 4179 1421 4265 pertinet.
1471 4175 1586 4266 &Ab
1605 4174 1744 4270 absurdi
1759 4172 1976 4269 consecutio·¹

348 4281 387 4352 ad'
403 4275 503 4368 ipsius
526 4273 602 4372 effi,
628 4275 681 4347 sed
697 4297 824 4345 tantuna
839 4274 879 4340 ad
894 4273 970 4342 bene
987 4268 1054 4366 effe.
1081 4269 1139 4343 Er·
1162 4298 1210 4350 ut.
1263 4279 1293 4345 Si
1317 4273 1503 4346 benedisiio
1520 4271 1729 4344 ecclesiastica
1751 4274 1797 4343 esi
1812 4269 1962 4344 ess'entin-

348 4403 387 4472 ιο
405 4369 596 4449 benedidiio
622 4371 676 4443 illa
698 4398 764 4443 nnn
788 4372 893 4458 potest
921 4371 1013 4441 statui
1036 4366 1138 4442 elien·
1162 4374 1201 4442 lis
1225 4372 1371 4468 conjugii
1398 4369 1505 4442 forma
1530 4368 1584 4441 vel
1609 4368 1799 4459 requisitum
1827 4368 1961 4458 aliquod

348 4473 427 4548 tialis
440 4474 588 4567 conjugii
605 4469 722 4542 fornia.
778 4472 981 4540 Antecedens
1011 4470 1137 4558 patebit
1161 4473 1294 4557 adejus
1318 4466 1484 4541 essentiam
1509 4467 1700 4556 simpliciter
1722 4465 1962 4554 necessarium,

348 4571 493 4646 iuferius.
548 4571 599 4660 3.)
615 4577 643 4640 Α
660 4567 825 4664 paritatis
840 4568 980 4637 ratione.
1034 4568 1137 4665 Quod
1162 4564 1361 4656 consequens
1383 4566 1509 4650 fuerit,
1532 4568 1620 4655 apud
1641 4562 1782 4655 gentiles
1803 4589 1870 4650 non
1895 4563 1959 4639 elle

348 4673 429 4763 opud
450 4674 619 4742 Romanos
645 4668 725 4738 olim
756 4664 819 4737 fuit
845 4668 999 4734 deatum
1022 4667 1055 4736 in
1079 4666 1136 4735 do·
1161 4690 1279 4738 vetum
1297 4668 1485 4754 &proprie
1506 4666 1632 4734 ditium
1654 4663 1962 4752 conjugium‚quiu
2098 4748 2100 4752 .

348 4761 451 4852 uum,
477 4767 511 4837 id
524 4752 626 4836 'hodie
642 4768 687 4835 etl
702 4761 1136 4841 ecclesiasticaconsectatio,
1162 4773 1196 4837 dt
1222 4766 1254 4834 in
1272 4763 1404 4834 ecelesia
1428 4758 1600 4834 israelitica
1623 4758 1695 4829 talis
1713 4758 1901 4832 benedictin
1923 4771 1959 4836 dt

348 4894 410 4958 que
434 4867 470 4937 in
492 4863 580 4934 illius
598 4864 708 4934 locum
735 4859 891 4932 succeffit.
946 4865 1008 4932 Sed
1035 4866 1138 4933 dedu·
1160 4858 1361 4935 consecratio
1387 4855 1626 4938 ecclesiastica,
1652 4856 1880 4944 qualis·hodie
1901 4862 1959 4932 ad·

348 4969 405 5040 uio
425 4967 458 5036 in
476 4965 614 5034 domum
628 4988 696 5032 non
710 4962 870 5050 pertinuit
888 4962 926 5028 ad
942 4953 1044 5045 ipsam
1058 4983 1136 5028 eon·
1159 4958 1313 5038 hibetur,
1344 4960 1397 5029 vix
1419 4955 1636 5029 demonstrari
1664 4957 1805 5042 poterit,
1830 4980 1869 5026 ex
1890 4979 1958 5044 quo

348 5056 420 5158 u'gii
440 5057 618 5137 essentiam
646 5057 853 5151 Placentinus
869 5059 1051 5147 quidem&
1065 5064 1136 5145 eius
1158 5053 1363 5227 cotgedqgens
1383 5052 1497 5145 soret,
1521 5054 1621 5130 etiam
1646 5054 1682 5123 in
1705 5074 1770 5130 vet.
1793 5046 1960 5220 tesifnifsn
2020 5055 2026 5068 '

1328 5178 1351 5234 a
1677 5195 1682 5206 ··
1728 5179 1730 5184 ’
1881 5172 1902 5221 o
1940 5171 1960 5221 e
1996 5173 1998 5180 ·
