4884 5984
340 1992 344 1998 “
430 1985 659 2064 iloneyurisca-

402 515 496 590 -320
524 493 677 571 rocas
691 493 815 568 xxn.
865 488 1023 566 enno.
1073 459 1254 563 namn
1268 481 1315 563 rt.
1367 481 1477 562 rar.
1492 477 1539 559 ιι.
1588 482 1742 563 ranst.
1794 461 1917 563 sacr.
1932 489 1999 560 ιιι.

422 687 591 761 mariti&
608 687 744 778 cognati
762 687 875 758 uxoris
893 686 982 758 inter
1002 679 1094 766 sese,
1115 658 1218 772 'quod
1242 679 1299 753 riti
1323 688 1359 755 δι
1381 675 1618 773 confinguinei
1645 680 1757 752 uxoris
1780 678 1951 754 adfinitate
1981 671 2047 756 sese

331 833 335 846 ι
421 786 592 857 declarant
618 783 828 855 similitudine
852 809 914 867 ea,
952 808 990 855 ex
1017 807 1082 871 qua
1101 780 1218 852 adlini·
1242 800 1362 850 mutuo
1373 782 1585 870 contingunt.
1621 776 1687 851 Ex
1696 776 1885 874 scriptoria
1901 779 2045 872 (innon)

324 880 330 888 ’
421 889 497 953 tatis
523 887 645 953 nomen
670 883 716 954 est
745 884 897 971 petitum.
954 882 1042 971 Agri
1069 876 1217 951 confines
1241 876 1451 949 Chemnirius
1467 901 1504 965 p.
1519 884 1601 965 566.
1618 876 1759 971 planior
1774 873 1816 948 ΕΞ
1829 878 1954 950 cnlior
1965 883 2067 971 μοὶ(-

420 981 546 1076 nonin
568 978 721 1053 omnibus
743 979 918 1068 partibus,
948 977 1003 1050 sed
1026 998 1156 1049 tantum
1181 976 1216 1045 in
1240 971 1283 1074 est
1298 971 1496 1058 claritatis.
1573 968 1666 1071 Quia
1681 971 1815 1069 scilicet
1831 975 1975 1047 maritus
2000 967 2043 1046 s!

422 1073 545 1152 finibus
565 1086 600 1152 δι
613 1077 646 1146 ἰιι
666 1097 757 1148 certo
772 1075 861 1168 quali
881 1079 1023 1166 quodam
1040 1077 1166 1165 punsto
1184 1068 1217 1146 se
1239 1093 1330 1146 uxor
1341 1071 1436 1168 fiant
1454 1072 1543 1143 inter
1553 1069 1593 1167 sc
1617 1092 1685 1145 uno
1707 1094 1810 1153 caro,
1835 1096 1902 1145 non
1931 1080 2042 1144 auum

425 1194 543 1246 mutuo
571 1175 774 1265 adtinguntr
808 1173 851 1245 lic
877 1176 1014 1245 maritus
1048 1183 1083 1247 oe
1113 1174 1223 1243 uxoris
1250 1170 1420 1266 utriusque
1439 1171 1587 1266 cognati.

423 1267 683 1370 ootrsanguiuei‚
700 1294 768 1343 non
782 1294 892 1344 autem
906 1266 1143 1364 consanguinei
1156 1273 1226 1341 nra·

1016 1427 1465 1510 Sacarum.

666 1582 736 1651 DE·
762 1581 997 1654 exantavs-
1019 1580 1280 1655 PROHlBlTlS
1314 1581 1365 1650 ΙΝ
1392 1580 1506 1668 vaa
1536 1578 1803 1654 caNON1co.
1863 1587 1865 1591 ’

1112 1728 1140 1818 s.
1161 1725 1366 1797 cccxxx.
1517 1685 1522 1736 ¹
1885 1779 1887 1784 .

787 1850 818 1917 A
843 1840 1123 1934 prohibitionibus
1150 1867 1227 1933 gra-
1250 1855 1319 1925 „dr
1342 1841 1446 1913 filium
1469 1841 1552 1924 else,
1583 1868 1658 1915 cum
1686 1849 1842 1931 pater&
1869 1837 1957 1914 lilius
1982 1864 2044 1913 utra

708 1945 871 2016 daumio
895 1952 967 2028 jure
988 1942 1085 2013 ciuili
1113 1937 1226 2012 transi·
1251 1963 1361 2017 „caro
1388 1966 1517 2029 unaque
1543 1937 1679 2031 persona
1706 1942 1788 2026 juria
1811 1937 1947 2012 fistione
1972 1964 2045 2011 cea·

483 2063 592 2122 nonin.
707 2062 779 2111 tum
802 2037 939 2110 facimus
961 2043 1000 2110 ad
1028 2037 1227 2126 prohibitio·-
1250 2032 1419 2115 „scantur
1433 2064 1458 2110 c.
1476 2035 1761 2111 Contradicirnur.
1783 2039 1815 2119 i.
1833 2037 2041 2132 undositate.

709 2162 766 2209 nes
809 2142 973 2228 graduum
1005 2139 1039 2205 in
1072 2145 1145 2223 jure
1171 2156 1226 2204 ca-
1255 2155 1308 2220 35.
1327 2139 1437 2234 quaesl.
1460 2160 1475 2206 2
1498 2134 1539 2209 fa
1559 2160 1588 2225 3.
1622 2139 1726 2216 „Pari
1746 2137 1925 2207 rationein
1941 2157 2043 2207 uana·

397 2231 400 2236 ’
432 2232 561 2307 norico.
619 2238 672 2307 Ut
689 2236 779 2308 enirn
799 2237 833 2304 in
852 2232 947 2313 aliis,
972 2236 1017 2303 ita
1036 2258 1168 2322 quoque
1191 2233 1226 2300 in
1250 2229 1399 2316 „versali
1419 2234 1503 2305 linea
1519 2229 1593 2303 sunt
1610 2237 1766 2320 quidam,
1791 2235 1846 2319 qui
1864 2257 1932 2304 non
1947 2259 1967 2303 a
1983 2229 2045 2314 su·

433 2330 495 2403 ltac
518 2334 684 2424 graduum
708 2329 937 2436 prohibitione
963 2328 1134 2420 pontifices
1156 2336 1227 2402 Ro·
1251 2328 1404 2409 ‚',tribus',
1430 2326 1482 2402 sed
1500 2357 1517 2401 a
1534 2330 1607 2400 liliis
1621 2356 1762 2409 eornm,
1781 2332 1815 2401 id
1830 2332 2045 2421 eslepatrtre⁴

433 2432 523 2501 mani
553 2432 792 2515 imperatorum
824 2429 1023 2514 majestatem
1056 2425 1227 2505 aemulari,
1253 2425 1383 2510 „libum
1397 2427 1448 2497 vel
1468 2423 1669 2499 consobrinis
1690 2427 1919 2517 genealogiam
1928 2449 2046 2499 namne-¹

433 2527 585 2613 quinimo
599 2530 750 2598 eamdem
768 2521 826 2594 sibi
844 2521 1002 2610 subjicere
1025 2525 1202 2593 voluerunt
1217 2548 1227 2602 3
1250 2547 1364 2605 „rare
1373 2527 1555 2611 incipiunt,
1585 2522 1794 2607 adfirmantes
1812 2522 1897 2594 filins
1913 2545 2045 2614 patrum

431 1902 482 1968 De
502 1900 638 1994 prohibi-

232 2641 235 2646 ·
359 2697 362 2702 ,
435 2623 503 2711 quo
527 2618 695 2703 successu,
723 2627 861 2710 adparet
882 2645 923 2692 ex
947 2623 1055 2692 verbis
1080 2617 1228 2692 Danielis
1252 2621 1316 2698 „in
1337 2624 1443 2706 prima
1460 2622 1676 2710 generatione
1695 2624 1884 2714 computari
1905 2621 2044 2707 debere,

436 2721 634 2797 venatorii,
673 2722 755 2807 juris
786 2714 1150 2807 eonsulri‘pnntificir,
1192 2718 1226 2786 in
1250 2740 1359 2793 „cum
1386 2714 1506 2789 'fratres
1535 2718 1621 2806 quast
1653 2722 1784 2805 quidam
1818 2737 1980 2800 truncus,
2005 2743 2045 2792 ex

297 2819 302 2830 '
435 2817 553 2903 analyli
567 2820 649 2904 jtrris
667 2819 814 2888 canonici
831 2815 909 2887 libr.
930 2822 985 2886 lv.
1005 2817 1054 2886 tit.
1077 2838 1129 2908 14.
1147 2838 1225 2906 pag.
1253 2837 1349 2898 „qua
1372 2816 1475 2887 ceteri
1502 2813 1677 2886 ramusculi
1703 2820 1880 2894 oriuntur,
1906 2819 2042 2888 existent

433 2938 519 3010 741.
586 2912 757 2986 Gloriatur
792 2916 934 3006 (inquit)
969 2911 1153 2986 Alexander
1183 2918 1226 2982 11.
1250 2906 1283 2979 d.
1317 2934 1390 3006 cop.
1424 2911 1470 2984 ad
1493 2910 1615 3007 sedem.
1664 2925 1693 2988 l.
1736 2910 1824 2984 Sunt
1856 2914 1945 2985 enim
1989 2917 2043 3002 ες.

434 3015 470 3086 iti
493 3038 523 3086 c.
543 3010 591 3084 od
604 3009 715 3105 sedem
739 3032 761 3082 a
785 3010 966 3109 ostolicum.
987 3017 1126 3082 xxxv.
1148 3032 1181 3096 q.
1196 3030 1226 3096 5.
1251 3012 1360 3174 quaep.
1378 3028 1410 3096 5.
1470 3015 1561 3093 „sed
1579 3035 1641 3082 nee
1655 3009 1745 3081 illam
1765 3010 2044 3100 computationem

435 3109 499 3198 „se
521 3113 558 3181 in
574 3105 696 3195 synodo
716 3036 827 3181 hesir·
847 3112 880 3178 in
898 3109 1102 3179 Lateranensr
1123 3105 1229 3178 const·
1252 3110 1313 3187 „A
1329 3110 1472 3178 e‘rander
1507 3134 1526 3177 a
1555 3103 1608 3177 sua
1639 3131 1734 3194 putat
1771 3105 1834 3179 else
1871 3104 2054 3195 diversam.¹

359 3247 361 3252 ¹
435 3210 596 3292 „slorio‚
620 3209 808 3278 convocatis
830 3208 871 3274 td
895 3206 958 3276 hoc
982 3204 1165 3292 episcopis,
1194 3215 1228 3275 o:
1253 3203 1405 3302 „Quali,
1431 3205 1487 3292 qui
1511 3207 1605 3274 initio
1627 3207 1822 3301 numerandi
1845 3200 1954 3276 sumto
1976 3201 2056 3278 as..

437 3304 593 3393 „clericis
616 3325 714 3390 atque
740 3299 905 3391 judicibus
926 3298 1128 3372 diversarum
1151 3324 1230 3385 pro·
1254 3301 1334 3382 „liis
1365 3326 1431 3371 non
1459 3305 1692 3392 progrediatur
1719 3302 1804 3370 ultra
1832 3298 1963 3374 sextam·
1988 3324 2061 3395 ge··

435 3404 650 3487 „vinclorum
676 3424 825 3472 errorem
852 3396 1012 3480 illorum,
1052 3401 1107 3485 qui
1132 3393 1228 3467 seculi
1254 3403 1512 3482 ‚‚nerationem‚
1540 3394 1594 3469 sed
1621 3396 1702 3469 stent
1730 3403 1828 3469 totius
1855 3402 1970 3471 mundi
1995 3397 2048 3473 ser

362 3583 372 3596 ³
437 3500 626 3591 „legibua,
652 3522 732 3585 quaa
754 3498 952 3587 Justinianus
977 3499 1159 3584 imperator
1188 3499 1230 3564 de
1255 3520 1395 3579 „etates
1415 3498 1579 3581 existunt,
1612 3506 1645 3567 &
1666 3495 1815 3566 humana
1837 3500 1911 3568 uite
1933 3500 2048 3570 itidem

437 3594 723 3684 „succeffionibus
743 3589 1059 3700 consanguineorum
1080 3590 1230 3681 promul·
1254 3591 1358 3680 „ser,
1382 3597 1425 3664 ita
1445 3604 1479 3666 dt
1495 3595 1529 3662 in
1544 3591 1823 3684 consanguinltate
1837 3591 1888 3665 sex
1904 3616 2049 3667 tantum·

438 3748 466 3790 „
474 3700 586 3786 gavit,
616 3693 765 3764 ueterem
787 3690 928 3761 ecclesrae
948 3692 1230 3779 computationem
1254 3694 1383 3776 „modo
1404 3691 1588 3762 existiment
1607 3696 1843 3777 computandas
1864 3689 1928 3763 ell'e
1950 3717 2050 3784 gene·

437 3794 636 3882 „graduum
657 3787 840 3859 disturbare
862 3790 1037 3868 nituntur,
1062 3784 1230 3869 sustulisse,
1255 3842 1275 3873 ,‚
1287 3792 1438 3860 rationes.
1504 3788 1637 3879 Quibus
1668 3787 1768 3858 finiris
1794 3815 1886 3860 novae
1910 3799 2049 3878 conjun-

437 3909 664 3972 „certumque
686 3888 940 3958 dinumerationi
964 3888 1128 3974 graduum
1152 3908 1231 3954 eon·
1255 3890 1401 3970 „ebionis
1419 3895 1475 3973 (ut
1494 3884 1582 3971 quast
1605 3886 1789 3975 fugientem
1808 3883 1932 3976 possint
1954 3889 2050 3960 r'evo·

436 3980 695 4076 „sanguinitatis
711 3986 846 4053 modum
863 3979 1001 4062 ‹ledisle;
1029 4006 1104 4052 cum
1120 4002 1231 4051 tamen
1256 4009 1360 4067 „care
1386 3977 1719 4073 consanguinitatem)
1747 3982 1803 4055 fiat
1831 3988 1991 4070 initium,
2013 3985 2047 4061 d.

437 4080 557 4163 „nihil
582 4081 687 4169 magis
713 4082 866 4158 dederit,
901 4082 945 4150 ita
974 4081 1063 4150 enim
1096 4071 1231 4148 confuse
1255 4103 1325 4177 capr
1350 4078 1515 4175 adsedem
1539 4085 1567 4167 b.
1587 4076 1677 4152 Sunt
1702 4084 1799 4154 enim.
1850 4088 1912 4155 Sed
1935 4087 2050 4173 quiae

439 4185 512 4261 „de
537 4178 694 4268 gradibus
717 4173 883 4247 disseritur
907 4180 940 4246 in
965 4186 1038 4263 jure
1060 4179 1230 4259 canonico,
1256 4179 1434 4267 „patribus
1454 4180 1751 4250 dinumerationem
1774 4184 1941 4273 graduum
1965 4184 2048 4254 inci·

440 4298 510 4359 „ut
533 4275 675 4366 legentis
700 4276 849 4353 animus,
874 4276 1031 4349 varietate
1056 4284 1090 4347 &
1116 4268 1232 4344 obscu·
1257 4280 1401 4364 „piunt,
1416 4272 1590 4363 septimum
1605 4282 2049 4370 generationrsgradumad·

438 4380 572 4456 „ritate
594 4373 738 4442 materia
762 4369 930 4453 turbatus,
957 4395 1118 4457 nusquam
1139 4373 1232 4457 quie·
1258 4376 1423 4462 ‚,jicinnt‚
1447 4371 1508 4444 nec
1528 4372 1613 4444 ultra
1632 4384 1841 4462 procedunt,
1868 4403 1946 4452 cum
1964 4377 2049 4452 ultra

441 4469 585 4553 „scere,
611 4468 664 4539 vel
680 4465 885 4538 intelledlum
898 4466 1001 4557 figere
1014 4464 1124 4557 polilt.
1168 4469 1234 4537 Cui
1259 4469 1465 4558 „septimum
1494 4474 1627 4558 quidem
1656 4482 1797 4564 gradum
1827 4499 1888 4548 nec
1911 4471 2048 4548 consan-

440 4565 655 4657 „consufioni
671 4590 739 4634 non
754 4588 871 4651 parum
887 4563 1068 4650 adjum'euti
1083 4565 1236 4653 praeliare
1260 4571 1432 4659 „guinitas
1454 4571 1660 4651 inveniatur,
1683 4599 1743 4645 nec
1771 4576 1902 4643 nomina
1927 4578 2049 4666 gredau

440 4669 605 4751 „viderur
623 4666 730 4732 rarius
745 4663 1057 4732 dinumuandorum
1072 4666 1235 4751 graduum
1261 4692 1346 4752 „nm
1377 4668 1605 4754 reperiantur,
1638 4694 1699 4740 nee
1727 4667 1881 4741 successio
1907 4672 2050 4760 amplius

441 4764 603 4844 „modun
663 4754 728 4831 alii
751 4782 892 4845 namque
914 4780 1044 4846 patrem
1068 4762 1101 4828 in
1124 4761 1235 4847 prima
1259 4766 1481 4855 „prorogari,
1505 4765 1558 4834 vel
1575 4770 1735 4841 memoria
1761 4767 1925 4841 ulterioris
1948 4794 2049 4862 genc-

441 4860 583 4947 „gradu
596 4905 608 4938 ‚
637 4852 720 4930 filios
743 4859 778 4929 in
804 4852 945 4928 secundo
969 4876 1110 4945 ponunt.
1168 4853 1236 4928 Alii
1259 4918 1280 4947 ‚‚
1290 4866 1423 4932 rationis
1444 4863 1580 4934 existere
1603 4862 1712 4953 possit.
1747 4865 1780 4938 d.
1807 4892 1836 4937 c.
1857 4865 1905 4939 ud
1925 4867 2048 4962 jedeon.

445 4959 623 5045 „primum
656 4957 798 5044 gradum
833 4949 917 5026 lilios
960 4950 1148 5041 adpellant,
1177 4977 1236 5023 ne·
1260 4964 1295 5045 d.
1316 4957 1382 5030 Illo
1405 4982 1526 5055 quoque
1549 4982 1601 5049 35.
1624 4967 1731 5060 quast.
1756 4989 1787 5054 5.
1837 4970 1971 5037 sentens
1988 4971 2054 5064 igi..

292 5098 295 5104 ·
334 5143 342 5154 ἱ
446 5076 591 5156 „gauses
614 5054 819 5145 cognationis
838 5055 981 5144 gradum
998 5054 1086 5128 inter
1106 5073 1236 5146 patrem
1261 5080 1345 5148 „tur
1362 5066 1485 5156 gradus
1502 5055 1788 5154 consanguinitatis
1808 5062 1850 5135 ab
1872 5059 1998 5140 nidero
2018 5070 2055 5143 in

1977 5190 2056 5268 clip
