4884 5984
772 493 834 563 DE
886 493 1086 567 EFFECTIS
1135 495 1368 587 CONJvcu.
1716 529 1721 540 ·
1804 519 1874 594 43¹

245 671 563 786 »svespereaoteni
597 701 732 766 oportet
763 685 837 770 poll
863 689 1053 758 convivium
1079 691 1236 776 ‚,deiidi‚
1265 694 1361 764 tertia
1377 681 1604 764 fornicationis
1621 693 1787 776 vitandae,
1812 689 1878 764 alio

246 780 455 860 „qoieirere
482 784 516 846 ὅ(
548 779 618 861 1²⁰st
650 785 831 870 gratiarum
862 787 1054 858 saionem,
1079 803 1148 867 „ci
1169 786 1261 861 causa
1285 785 1508 878 cognoscere,
1539 790 1691 860 videlicet
1714 787 1806 859 causa
1828 784 1878 860 sa·

248 895 357 958 „out
378 869 416 940 fit
438 875 512 941 Deo
535 895 597 958 pru
616 873 807 966 benefitiis,
836 903 906 964 quie
927 882 1055 965 accepi·
1080 885 1231 966 „tirndre
1254 888 1397 956 libidinis
1424 891 1468 958 est
1502 911 1673 975 peccatum
1699 886 1878 982 aliquando

249 993 385 1079 samum
407 964 773 1068 Otiboftiirpliyficom
802 977 964 1061 rationarii
992 974 1054 1046 ad-
1078 1034 1099 1064 „
1109 981 1273 1067 mortale,
1299 984 1474 1069 aliquando
1501 982 1637 1056 veniale.
1700 980 1811 1054 Tertio
1833 984 1883 1079 efl-

244 1063 325 1160 sert
355 1063 416 1138 lib.
454 1061 522 1138 VI.
545 1067 808 1152 colliliaiieorum
844 1097 871 1143 c.
897 1069 1053 1146 XVIII.
1077 1082 1227 1162 „modus
1249 1079 1404 1150 naturalis
1421 1080 1583 1167 debitus,
1611 1085 1709 1168 idque
1732 1080 1878 1166 duplici·

251 1169 439 1253 „Tempus
457 1165 646 1254 congressus
665 1195 730 1239 nox
754 1171 812 1250 lit,
836 1174 911 1258 quia
932 1197 992 1259 pet
1013 1173 1054 1242 il·
1079 1198 1180 1261 „ter,
1209 1181 1320 1265 primo
1341 1180 1448 1262 quoad
1467 1204 1541 1262 vas,
1566 1184 1654 1263 quod
1674 1176 1696 1247 si
1715 1175 1876 1248 enimbat

233 1259 356 1340 ·„loui
376 1258 483 1340 ¹calor
513 1260 634 1336 fortior
662 1270 696 1335 in
722 1293 892 1355 corpure,
924 1272 1055 1355 quaudo
1078 1295 1202 1358 „exim
1221 1299 1296 1363 vas,
1321 1269 1547 1345 indubitanter
1566 1277 1612 1344 est
1636 1272 1775 1345 mortale
1798 1298 1877 1366 gra·

231 1381 409 1444 .„corpus
435 1361 649 1432 exercitatum
673 1365 781 1435 iiidie
807 1376 840 1437 δε
863 1364 946 1437 bene
969 1360 1056 1436 refe·
1079 1366 1297 1458 ,‚riffinium,
1325 1366 1468 1441 secundo
1489 1373 1596 1459 quoad
1622 1376 1758 1442 modurn
1782 1393 1878 1442 natu·
2007 1437 2012 1452 ,

251 1459 397 1538 „binim
421 1479 569 1526 necnon
592 1485 610 1529 a
635 1458 746 1532 soii'ino
762 1465 889 1574 tir-inin,
918 1466 990 1546 nost
1010 1464 1055 1531 ci·
1080 1463 1225 1552 „rilem
1243 1492 1342 1553 quem
1358 1467 1517 1557 graphice
1532 1466 1656 1538 ibidem
1672 1463 1876 1555 describunt,

253 1548 372 1636 „boni
398 1546 541 1624 sumtum
562 1561 738 1630 cruditates
757 1558 867 1630 infert.
897 1556 1056 1655 Cypriani
1078 1565 1208 1649 „itque
1232 1563 1274 1636 ab
1300 1589 1340 1636 eo
1367 1565 1499 1640 deviare
1521 1568 1636 1634 dicunt
1662 1564 1878 1637 concubitum

253 1645 297 1721 le
318 1643 440 1744 spons-¹
458 1673 485 1720 ⁶·
514 1647 558 1723 V·
582 1659 609 1736 i.
630 1664 663 1730 6.
686 1677 719 1727 o.
750 1681 800 1730 ri.
816 1681 849 1751 p.
871 1681 949 1746 ¹¹5·
971 1657 1055 1729 ettn'-
1078 1659 1294 1748 „laterilem,
1320 1659 1480 1744 sedentis,
1505 1664 1614 1732 stantis
1635 1662 1687 1732 rel
1710 1685 1811 1732 uxore
1825 1657 1878 1730 su·

239 1765 328 1828 'coiit
350 1748 515 1820 rationem
531 1750 665 1844 adfert:
699 1758 842 1837 „Noctu
865 1779 932 1823 oon
953 1755 1055 1824 inter·
1077 1761 1371 1850 „pergrediciite,
1396 1762 1536 1830 maxime
1556 1783 1636 1829 vero
1657 1783 1790 1838 eorum,
1819 1758 1878 1844 qui
1917 1849 1919 1853 Ι

256 1846 350 1928 „diu
376 1848 480 1917 eciem
509 1855 597 1936 apud
626 1852 766 1940 gentiles
795 1851 1054 1939 congrediebau.
1080 1877 1203 1938 „retro
1230 1878 1323 1927 uvore
1347 1863 1573 1941 jumentorum
1602 1858 1876 1945 congrediuntur.

253 1963 344 2022 „tur
366 1941 528 2038 conjuges
550 1948 594 2016 ob
623 1952 758 2035 pudoris
783 1947 930 2019 foeminei
960 1972 1054 2019 reve·
1078 2003 1103 2040 „
1118 1948 1253 2049 Quarto
1276 1955 1318 2049 est
1343 1973 1475 2041 tenipus
1495 1953 1664 2038 debitum,
1690 1955 1765 2038 quia
1793 1975 1879 2023 teui-

254 2042 440 2125 „rentiam
465 2038 675 2120 Alexoiulerv
691 2043 826 2141 Aleiifts
849 2049 883 2116 iii
899 2043 994 2140 prob.
1016 2040 1057 2115 CI
1079 2072 1195 2137 „pore
1224 2047 1295 2119 festi
1321 2050 1477 2119 orationis
1503 2060 1537 2121 &
1569 2051 1809 2119 communionis
1831 2049 1881 2118 est

256 2131 418 2232 Rapitur!
441 2137 560 2213 Volat.
584 2153 660 2220 „dc
677 2145 710 2213 in
738 2143 907 2226 tenebris,
942 2166 978 2212 ut
1003 2168 1055 2212 ca·
1080 2146 1348 2234 „abstinendum
1402 2139 1589 2242 Quintoefl
1607 2145 1742 2231 qualitas
1767 2139 1882 2231 perso·

253 2233 416 2320 „lamnia
433 2240 581 2323 quiedam
606 2237 668 2317 fit,
698 2249 733 2313 δι
754 2235 918 2310 adcusaiio
949 2247 1056 2309 Vene-
1079 2269 1182 2329 „oae,
1208 2266 1284 2311 cuin
1300 2244 1423 2329 quaest
1443 2244 1665 2319 concubitus,
1692 2264 1726 2311 ut
1750 2266 1816 2312 non
1840 2239 1882 2311 sit

253 2336 337 2414 „ris
360 2329 509 2418 illicitae,
534 2359 612 2405 cuni
635 2333 731 2406 licitis
750 2345 785 2412 dt
809 2333 949 2408 honestis
976 2360 1055 2420 coii-
1082 2340 1313 2421 „menstruata
1334 2337 1386 2410 vel
1408 2342 1514 2410 vicina
1531 2342 1651 2425 partui.
1703 2334 1812 2411 Sexto
1834 2339 1879 2438 est
1931 2394 1942 2402 .

239 2427 403 2514 ¹„nuliiis
434 2435 546 2519 pudor
569 2429 818 2505 adhibeatur&
847 2436 1054 2506 aereciindia.
1079 2437 1339 2523 „convenientia
1366 2433 1454 2515 loci,
1489 2439 1657 2523 quianon
1684 2433 1881 2508 debetfieri

250 2521 536 2610 „Blanditiis
563 2527 678 2603 Roma
692 2528 940 2626 triumphantis.
956 2527 1057 2626 Plut·
1081 2535 1147 2616 „in
1164 2532 1241 2604 loco
1261 2528 1371 2619 sacro,
1399 2535 1486 2602 unde
1508 2531 1531 2602 si
1550 2535 1595 2602 est
1610 2528 1817 2604 consecratus
1830 2531 1880 2603 lo·

252 2621 412 2709 „orchus
429 2625 466 2696 in
483 2626 593 2720 probi.
618 2651 644 2698 c.
665 2626 788 2700 LXV.
1081 2655 1190 2714 ‚,cus‚
1206 2651 1322 2715 peccat
1339 2629 1521 2700 mortaliter
1538 2650 1603 2697 tam
1618 2633 1761 2718 exigens,
1779 2654 1880 2716 quarn

597 2736 632 2815 §0
662 2729 860 2798 CCCCXL.
921 2730 983 2806 ii)
1007 2729 1057 2794 De
1082 2725 1254 2807 „reddens
1276 2725 1471 2806 debitum„
1521 2729 1620 2797 Circa
1650 2725 1789 2814 lingulas
1816 2728 1880 2796 cir·

263 2809 469 2886 IblLvsstss
518 2824 644 2899 Τόπω,
668 2824 789 2917 τρόπῳ
805 2845 843 2890 ac
865 2815 957 2898 τέλει
978 2822 1057 2892 tales
1082 2826 1288 2894 cumilantias
1325 2845 1502 2892 moventur
1539 2826 1636 2891 variae
1666 2825 1882 2906 quaestiones,

252 2887 491 2982 'mmm'
523 2899 713 3005 quaei'tiones
729 2915 912 3008 conjugo'tis
929 2923 963 2988 iii
979 2943 1057 2990 cou·
1081 2914 1293 3014 quaudo-sub
1307 2917 1369 2989 hac
1387 2920 1439 2988 vel
1461 2919 1517 2988 illa
1537 2921 1777 2989 circumstantia
1800 2943 1884 2989 con·
1984 2919 1988 2924 ’

337 2989 398 3032 '¹¹⁸'
525 3013 714 3086 feffionibus
740 3020 972 3110 proponendas
992 3040 1058 3085 tra·
1081 3015 1200 3110 jugalis
1216 3015 1446 3087 benevolentia
1469 3014 1508 3085 sit
1523 3037 1708 3102 peccatum,
1725 3025 1759 3088 ot
1776 3041 1882 3101 quaii-

253 3120 310 3190 dit
326 3110 452 3186 summa
468 3110 629 3201 angelica
651 3109 675 3180 f.
694 3128 770 3206 ιη.
820 3117 902 3195 „An
919 3115 1057 3183 maritus
1083 3119 1126 3185 do
1157 3113 1194 3183 sit
1227 3111 1365 3182 mortale
1394 3111 1446 3184 vel
1472 3111 1612 3183 veniale.
1654 3118 1883 3185 bonaventura

233 3209 367 3297 -,.usus
381 3211 425 3282 'lit
447 3212 658 3280 matrimonio
681 3203 771 3281 e'xii‘a
801 3235 856 3278 vas
884 3210 936 3281 vel
960 3214 1059 3280 inodo
1083 3233 1167 3300 part.
1195 3208 1220 3280 l.
1239 3209 1395 3295 ceniiloq.
1418 3234 1492 3295 cap.
1518 3205 1663 3279 xxxii.
1725 3264 1746 3293 „
1764 3212 1883 3280 Coitus

254 3360 284 3394 „
292 3307 475 3382 indebito?
504 3311 554 3376 Au
572 3309 605 3375 iii
625 3306 785 3376 ecclesia?
811 3312 862 3376 An
878 3332 939 3391 per
955 3311 1060 3377 tacius
1085 3306 1295 3395 „conjugalis
1313 3304 1395 3375 alius
1410 3309 1455 3373 est
1476 3304 1607 3386 licitus,
1635 3304 1715 3373 alius
1731 3305 1885 3394 fragilis,

255 3409 453 3497 „liabuerit'
470 3402 687 3492 pollutionem
710 3427 800 3472 extro
822 3406 907 3476 vas?
932 3412 982 3473 Ari
1005 3428 1061 3473 co·
1084 3399 1418 3490 „aliusiopetuosus
1444 3404 1569 3471 Liciius
1582 3403 1628 3471 ell
1640 3402 1770 3498 triplex.
1795 3403 1884 3496 Qui·
1989 3441 1991 3446 ·

235 3499 239 3506 ¹
256 3505 452 3597 „goovciit
474 3498 566 3572 caiisa
585 3498 732 3570 satianda
752 3499 915 3569 libidinis?
940 3505 992 3568 Aa
1005 3523 1061 3569 co·
1083 3505 1190 3582 „dam
1204 3500 1242 3569 fit
1256 3494 1347 3570 causa
1364 3498 1468 3585 prolis
1487 3501 1682 3589 generando
1696 3502 1736 3566 ad
1753 3498 1883 3566 cultum

233 3599 453 3696 ''„grioverit
472 3596 594 3669 bibens
612 3599 829 3668 intentionem
845 3605 883 3665 ad
900 3595 1060 3681 alteram,
1085 3599 1287 3684 „divinuui,
1314 3605 1348 3668 dt
1380 3595 1433 3664 hic
1445 3598 1501 3665 eii
1533 3592 1709 3665 tlieosebiae
1730 3595 1885 3675 virtutis,

253 3710 393 3785 „&e.„
444 3697 628 3792 Quomodo
644 3692 713 3764 hec
726 3691 855 3780 quaesita
874 3692 1061 3782 iiitelligeii·
1085 3719 1186 3781 „quat
1210 3695 1333 3763 dicitur
1350 3694 1465 3779 pietas.
1515 3692 1663 3782 Quidam
1690 3687 1783 3762 causa
1807 3693 1887 3782 red·

256 3803 302 3872 da
319 3795 602 3881 lintsexponitur
618 3796 651 3860 in
675 3790 778 3862 verbo
799 3789 943 3861 diotimo
961 3789 987 3862 f.
1004 3813 1060 3875 57.
1085 3792 1218 3877 „dendi
1236 3787 1411 3878 debitum,
1438 3798 1473 3861 δι
1492 3787 1534 3858 [ic
1550 3789 1597 3858 eil
1613 3786 1758 3883 justitiae.
1795 3787 1887 3880 Qui-

255 3897 320 3970 irbi
335 3919 376 3966 ex
395 3892 566 3964 canonistis
582 3898 616 3960 δι
633 3884 845 3969 scholasticis,
869 3890 1063 3972 cumprimis
1086 3891 1193 3973 „dam
1223 3880 1316 3956 caiisa
1339 3882 1565 3957 fornicationis
1591 3888 1748 3966 vitandae,
1777 3894 1811 3957 δι
1831 3882 1887 3954 hie

240 4015 344 4072 -acro
371 4017 412 4062 eii
443 3988 630 4077 Alexandro
658 3984 766 4054 Aleosi
794 3982 1004 4072 disputatur,
1029 4010 1060 4055 a·
1087 3987 1165 4069 „est
1187 3981 1333 4055 cautelit.
1405 3979 1540 4071 fragilis
1565 3981 1673 4051 cilex
1706 3979 1889 4071 fragilitate

249 4095 359 4166 'dium
374 4083 651 4162 matrimonialem
669 4080 731 4153 elle
747 4081 939 4170 peccatum,
955 4083 981 4170 fi
993 4082 1063 4175 pri·
1087 4082 1336 4169 ‚,pruveniens‚
1362 4101 1438 4147 cuni
1470 4079 1542 4164 quis
1574 4080 1609 4147 iii
1643 4101 1743 4146 uxore
1769 4077 1888 4162 quierit

231 4193 236 4198 ’
258 4178 898 4280 vetursixuecrffiiriisrt'rcumstoiitiii.
915 4166 1063 4257 „Primo
1087 4173 1328 4277 „conjugalem
1342 4172 1614 4255 deleditioneoi,
1628 4198 1693 4279 noo
1706 4170 1797 4242 causa
1808 4194 1888 4261 pro·

259 4289 345 4372 „est
369 4287 458 4358 testa
478 4281 628 4353 interitio.
677 4281 709 4347 Si
727 4281 863 4349 excedat
890 4275 972 4347 fines
994 4303 1062 4348 ina·
1089 4273 1158 4361 „lis
1188 4273 1369 4358 habendo,
1398 4296 1459 4341 nec
1489 4270 1594 4341 debiti
1623 4267 1801 4346 reddendi,
1825 4291 1888 4339 ricc

257 4369 446 4469 „trimonii
471 4377 616 4450 fionius
645 4398 720 4443 cuni
752 4398 947 4459 quacunque
969 4375 1061 4458 alia,
1089 4369 1346 4459 „fornicationis
1372 4370 1534 4446 vitando,
1560 4365 1614 4438 sed
1632 4360 1723 4436 causa
1745 4363 1889 4437 delesti-

258 4477 351 4572 „vel
369 4503 446 4550 cuin
464 4501 530 4554 ea,
562 4466 770 4544 etiamsinon
791 4466 868 4540 cllet
895 4468 975 4555 sua,
997 4472 1064 4541 coi·
1087 4469 1220 4550 „tionis
1243 4470 1276 4536 in
1297 4472 1453 4554 conjuge.
1506 4461 1710 4551 impetuosus
1735 4465 1803 4543 est,
1831 4465 1890 4550 qui

256 4599 375 4678 „ret‚
402 4571 454 4646 vel
474 4571 496 4643 si
511 4573 685 4642 constituat
704 4565 749 4637 ibi
766 4565 865 4637 finem
883 4568 1065 4649 ultimum,
1086 4590 1159 4647 „ex
1179 4565 1315 4634 libidine
1336 4558 1401 4630 solo
1430 4566 1628 4648 proveniens
1656 4580 1758 4630 metas
1784 4558 1892 4630 lione·

259 4699 383 4764 „tuiic
412 4673 588 4753 statuitur,
613 4662 676 4739 eisc
705 4663 844 4738 mortale
876 4679 1061 4750 peccatum.
1087 4665 1206 4743 ‚stlatis
1221 4677 1255 4733 ot
1271 4662 1407 4730 rationis
1421 4663 1570 4738 excedit,
1597 4667 1630 4729 ἀ
1651 4660 1725 4728 ideo
1742 4655 1892 4730 mortalia

258 4769 453 4864 „Secunda
467 4771 510 4867 est
536 4761 650 4838 causa:
676 4768 764 4834 Nam
787 4786 825 4831 ex
846 4763 968 4849 triplici
986 4787 1064 4832 cau·
1089 4764 1164 4844 „eo
1185 4762 1331 4848 quinque
1353 4760 1479 4826 modis:
1515 4753 1563 4850 i.)
1578 4756 1723 4846 Quando
1748 4751 1784 4824 fit
1806 4776 1891 4840 pro-

256 4925 284 4962 „
293 4869 328 4944 sa
346 4867 413 4946 sine
427 4889 566 4955 peccato
580 4861 724 4953 eiigitur
740 4871 776 4934 ὃ(
791 4863 953 4955 redditur,
963 4864 1062 4931 eiiam
1089 4882 1195 4945 „pter
1220 4851 1401 4926 satiandam
1423 4853 1593 4924 libidinem
1626 4860 1660 4923 ot
1689 4854 1893 4925 meretricias

270 4995 374 5058 ,cuin
401 4966 523 5037 metito
549 4985 589 5032 ex
627 4959 744 5047 primis
768 4956 904 5027 duabus.
955 4960 1063 5030 Prima
1088 4955 1258 5048 „delitias
1318 4951 1373 5042 ι.)
1395 4952 1543 5043 Quando
1564 4945 1601 5020 sit
1623 4970 1744 5037 praeter
1763 4972 1894 5022 natura·

255 5029 655 5161 Lpiolisprocreaudae,
688 5049 829 5130 secunda
855 5055 960 5131 debiti
983 5060 1062 5132 ired-
1089 5056 1186 5141 „leui
1204 5056 1353 5128 modum.
1410 5049 1469 5146 3.)
1486 5050 1632 5144 Quando
1653 5046 1691 5120 lit
1708 5049 1743 5117 iii
1764 5069 1895 5139 rempo-

1857 5165 1896 5217 ΣΕ
