4884 5984
714 528 716 533 ·
761 452 831 577 ue
882 499 1110 578 caussts
1158 491 1444 617 otvonrn.
1549 536 1556 541 -
1605 611 1607 615 ἢ
1860 528 1931 603 tat

356 679 556 763 assertam,
579 682 787 761 mntlutstr,
813 680 1014 777 exquibus
1043 683 1091 756 stc·
1122 680 1250 756 referri
1279 680 1418 779 poliunt
1446 652 1782 757 ituisconsultorum
1818 705 1925 781 regu·

356 781 494 854 rimus:
520 782 638 870 Quam
657 781 797 854 causam
816 783 963 852 unicam
987 789 1020 853 δι
1035 781 1084 852 so·
1120 780 1174 850 sae.
1224 783 1393 853 statutum
1414 783 1571 874 exceptive
1586 784 1715 877 loquens
1732 805 1797 851 noa
1816 794 1925 852 exten·
2042 796 2045 801 ’

370 877 406 947 in
426 880 579 950 divortio
594 880 757 956 faciendo
775 876 931 949 Christus
944 876 1083 965 statuit,
1118 880 1212 951 distr
1237 885 1281 950 ad
1301 879 1394 971 tosus
1415 880 1503 951 aiios.
1559 881 1625 954 Ust
1648 881 1786 973 exceptio
1800 878 1843 969 fis
1859 903 1924 972 per

356 976 444 1047 mica
462 985 491 1045 tt
520 976 594 1051 sola¹
612 980 650 1049 in
675 974 862 1049 christiana
878 974 1025 1053 ecclesia
1039 979 1082 1048 ad
1116 998 1288 1049 numerum
1306 977 1353 1052 u
1373 1002 1437 1048 nott
1453 980 1731 1075 perpensitans,
1755 1001 1924 1072 ntupum»

356 1093 406 1142 cm
419 1072 545 1147 Christi
560 1077 717 1171 adligata
733 1075 769 1144 in
782 1074 939 1147 divortio
951 1072 1085 1145 facien·
1115 1072 1206 1143 aiittt'
1226 1079 1386 1169 excipitur
1404 1074 1495 1169 tosus
1515 1081 1642 1149 ratione
1655 1076 1799 1147 'alicuius
1806 1076 1924 1174 ſsmisi·

358 1170 503 1243 adtendi
529 1179 565 1245 δι
589 1170 770 1242 observari
802 1169 918 1241 debet.
966 1171 1083 1265 Atqui
1115 1173 1249 1255 tudinis.
1297 1177 1533 1267 Exceptiones,
1549 1177 1626 1270 qnia
1639 1175 1772 1243 deviant
1786 1197 1806 1242 o
1822 1198 1922 1270 regu·

356 1267 494 1343 terium
510 1271 657 1345 unicam
676 1274 710 1339 δι
730 1267 840 1351 solam
865 1268 1009 1347 divortii
1030 1268 1081 1340 fa·
1114 1269 1154 1338 iis
1167 1272 1275 1351 iteris,
1292 1297 1356 1343 nott
1365 1271 1448 1363 stent
1463 1276 1692 1357 mandendae,
1713 1271 1760 1347 θ’
1760 1296 1786 1342 t.
1821 1273 1921 1344 ttr-

357 1365 393 1435 di
423 1365 565 1439 causam
589 1363 756 1437 'Christus
788 1364 919 1437 statuit.
956 1365 1081 1462 ,Ergo
1114 1370 1222 1439 tioex
1237 1370 1462 1467 Christistopo
1483 1368 1531 1443 ΕΤ
1550 1373 1731 1441 intentione.
1781 1369 1920 1462 Scopus

356 1474 472 1534 tmsrnt
492 1462 665 1559 probatur
680 1465 790 1557 ptimo
805 1486 849 1533 ex
864 1461 939 1532 diiii
953 1465 1085 1563 asseſso·-
1115 1462 1241 1538 christi
1257 1466 1323 1554 est,
1350 1469 1549 1540 temerariis
1572 1468 1735 1539 divortiis
1747 1467 1919 1550 insudas·

356 1557 480 1639 ssattsn
492 1563 538 1639 V.
555 1579 612 1646 32.
635 1561 783 1656 opponit
803 1558 963 1632 Christus
976 1559 1080 1633 suum
1116 1565 1298 1669 repositis
1319 1566 1469 1659 receptis
1488 1565 1626 1636 aditum
1648 1561 1828 1635 obstruere
1843 1568 1870 1650 ,'
1885 1571 1920 1636 dc

356 1661 554 1747 nunciatum
612 1657 842 1731 harisaeorum
876 1659 1080 1730 inveteratae
1114 1661 1160 1731 ad
1185 1665 1398 1756 primaevam
1430 1664 1593 1757 coniugii
1633 1660 1919 1747 institutionem,

356 1756 471 1842 sioni,
495 1754 528 1830 tt
594 1760 679 1829 arth.
693 1757 790 1828 XIX.
808 1778 844 1845 9.
868 1758 1080 1828 eorumdem
1115 1781 1195 1852 quae
1216 1758 1365 1832 ostendit
1381 1761 1571 1831 vinculum
1591 1759 1681 1831 illud
1703 1754 1767 1828 esst
1789 1756 1919 1830 insolu-

358 1851 490 1943 stioni,
519 1877 593 1949 qua
614 1852 806 1926 mosaicam
824 1854 944 1948 legem
961 1855 1004 1924 de
1026 1855 1078 1926 di·
1113 1855 1206 1943 bile,
1228 1878 1294 1930 nos
1312 1878 1494 1930 revocare.
1543 1857 1658 1950 Atqui
1676 1855 1841 1948 sspraeter
1856 1857 1918 1926 ad-

357 1952 392 2022 io
410 1951 745 2049 siepervertebant,
773 1953 871 2044 quod
890 1975 1078 2048 quocunque
1110 1954 1421 2027 ulterium.etiam
1447 1955 1525 2023 asiae
1554 1950 1662 2024 causae
1684 1952 1724 2022 'in
1752 1951 1918 2023 faciendo

356 2050 453 2144 tofis,
476 2051 585 2123 etiam
600 2052 639 2121 in
655 2048 874 2120 conscientias
890 2048 991 2135 foro,
1019 2071 1077 2120 co·
1092 2101 1099 2121 .
1113 2053 1268 2123 divortio
1284 2054 1545 2136 admittuntur,
1571 2048 1760 2124 disceditur
1778 2069 1802 2119 a
1821 2048 1919 2123 Cirri-

360 2145 438 2221 ueo
453 2149 594 2222 licitum
610 2146 649 2219 stt
662 2145 884 2237 divortium3
910 2145 1076 2219 sedChri-
1102 2148 1149 2245 sti
1169 2148 1295 2244 scopo,
1322 2159 1355 2221 ot
1370 2170 1443 2219 non
1466 2148 1598 2221 rimula
1607 2178 1631 2236 ·,
1658 2145 1716 2222 s'ed
1734 2148 1805 2218 lata
1818 2145 1917 2220 fene-

368 2245 510 2338 praecise
531 2254 565 2317 δι
588 2247 627 2317 in
644 2265 782 2342 genere
807 2265 942 2340 negat,
968 2266 1078 2315 teme·
1112 2244 1182 2319 stra
1199 2247 1362 2322 divortiis
1380 2244 1550 2341 aperitur.

356 2365 370 2415 t
399 2344 553 2415 divortia
580 2338 645 2413 esse
675 2343 808 2427 licita,
843 2350 876 2414 δι
895 2365 940 2413 ex
959 2343 1078 2437 prima

356 2442 438 2547 ugii
467 2439 683 2513 institutione
713 2438 812 2510 suam
841 2437 1081 2516 adsertionem
1184 2453 1214 2528 §.
1241 2440 1366 2515 ocus.
1416 2442 1483 2535 ll.)
1511 2441 1566 2513 Ex
1594 2440 1712 2512 vinculi
1735 2443 1916 2541 conjugalis
1962 2388 1968 2463 Τ

356 2558 433 2624 sat,
460 2539 592 2631 excipit
618 2557 706 2607 vero
734 2537 880 2606 unicam
906 2539 1078 2608 duntaxat
1111 2540 1311 2638 obligatione.
1363 2539 1460 2631 Quod
1478 2541 1573 2610 Deos
1586 2540 1773 2616 coniunxit,
1796 2540 1917 2632 inquit

356 2635 439 2721 am,
465 2654 612 2728 propter
626 2655 736 2726 quam
751 2634 891 2703 licitum
905 2633 943 2704 fit
957 2636 1076 2704 divor·
1111 2639 1298 2723 Salvator,
1325 2635 1648 2732 mmotmsepartt,
1674 2636 1794 2713 addita
1806 2637 1915 2706 ratio-

356 2755 393 2818 s,
421 2733 588 2805 videlicet
609 2729 728 2801 casum
747 2729 924 2802 adulterii.
966 2731 1002 2800 Si
1015 2732 1075 2802 ad·
1110 2759 1189 2821 ne,
1216 2737 1302 2828 quia
1329 2735 1528 2829 coniuges,
1565 2735 1737 2805 divinitus
1766 2733 1915 2802 vinculo

370 2831 493 2928 plures
519 2823 625 2898 essent
647 2827 793 2897 divortii
813 2825 951 2913 causae,
974 2825 1073 2898 Chri·
1111 2833 1334 2904 matrimonii
1357 2833 1538 2918 connexi,
1566 2854 1650 2914 non
1664 2828 1821 2922 amplius
1830 2827 1916 2919 stent

362 2929 402 2999 in
422 2924 583 3020 responso
600 2923 660 2995 suo
678 2944 736 2994 eas
756 2945 827 2993 non
844 2921 1074 3015 praeteriisset,
1110 2936 1199 3007 doe,
1218 2928 1280 3022 sed
1300 2951 1367 2999 ano
1390 2950 1474 2999 toro.
1527 2925 1660 2998 March.
1675 2925 1770 2995 XIX.
1789 2943 1820 3016 ς.
1837 2930 1915 2998 &a

356 3026 419 3097 *de
436 3018 603 3094 mnibus
622 3041 696 3092 erat
705 3022 961 3114 inteffflgatuss
976 3024 1073 3114 quod
1109 3027 1163 3098 De
1182 3024 1349 3098 firmitate
1370 3026 1483 3120 igitur
1502 3047 1542 3095 ac
1565 3023 1776 3095 solubilitate
1793 3025 1917 3093 matri-

382 3145 404 3190 ο
430 3121 589 3214 aliquam
620 3114 864 3212 praeteriisset,
889 3118 1073 3213 propofitae
1109 3125 1244 3209 monii,
1259 3143 1382 3216 utpote
1400 3117 1827 3205 divinaeconiuniiionis,
1841 3143 1915 3190 non

395 3220 456 3291 oni
481 3239 553 3289 non
581 3210 823 3300 satisfecisset,
860 3217 957 3307 quod
978 3214 1073 3287 abst.
1108 3220 1171 3291 nist
1191 3243 1241 3290 cx
1259 3218 1330 3290 solo
1346 3218 1415 3289 Dei
1429 3217 1571 3304 verbo,
1599 3217 1728 3288 divinae
1749 3217 1914 3286 volunta-

356 3321 410 3386 sdo
425 3338 471 3388 ex
480 3313 1075 3410 particulorumsxoeptivasomfigni·
1110 3319 1158 3389 tis
1179 3316 1308 3388 narina
1326 3317 1433 3386 unica
1449 3315 1627 3387 iudicium
1647 3309 1724 3380 sieri
1740 3309 1851 3404 potest
1871 3331 1914 3380 ae

356 3438 426 3486 one.
457 3413 657 3502 UParti'eulae
679 3408 853 3508 παρεκτὸς
880 3407 940 3484 ati
972 3410 999 3484 it
1025 3404 1073 3499 toi
1109 3412 1224 3485 debet.
1273 3406 1411 3482 Possunt
1429 3412 1579 3507 quidem
1601 3405 1913 3485 adferri'rationes

364 3510 548 3584 exclussvae
566 3518 598 3581 δι
611 3512 827 3603 exceptivae,
854 3527 895 3580 ut
911 3507 1072 3603 superius
1108 3511 1188 3584 satis
1205 3508 1438 3605 probabiles,
1464 3508 1563 3603 quod
1582 3524 1731 3602 propter
1753 3505 1840 3575 alias
1861 3521 1913 3573 et·

356 3607 549 3684 onstratum
569 3607 665 3696 fuit;
692 3628 817 3679 earum
841 3607 955 3699 igitur
985 3607 1072 3676 nati·
1107 3609 1182 3681 iam
1201 3604 1348 3692 causas,
1376 3628 1486 3699 quam
1499 3625 1647 3701 propter
1673 3601 1911 3687 adulterium,

356 3703 543 3803 gnificatio
565 3702 705 3775 causam
726 3705 893 3776 adulterii
912 3725 953 3774 ea
967 3705 1073 3775 ratio·
1109 3707 1146 3777 in
1166 3705 1384 3799 quibusdam
1409 3703 1540 3775 casrbus
1568 3698 1834 3774 faciendumst
1860 3702 1912 3770 dia
1946 3778 1951 3783 ,

357 3806 459 3889 onir,
485 3821 525 3873 ut
555 3802 714 3894 reliquas
742 3822 869 3873 omnes
896 3802 1072 3873 excludat.
1106 3804 1273 3875 vortium-
1288 3825 1301 3893 3
1318 3798 1386 3873 sed
1412 3799 1658 3884 eonscientiae,
1686 3821 1765 3892 quae
1790 3798 1834 3869 ad
1858 3795 1912 3868 so·

356 3900 586 3973 madmodum
602 3898 625 3968 ss
647 3899 729 3991 quis
747 3899 839 3970 dicat
862 3922 872 3969 t
898 3898 1072 3991 Quisquis
1107 3902 1184 3971 sum
1200 3905 1233 3969 &
1245 3901 1395 3970 unicum
1409 3898 1480 3969 Dei
1489 3897 1642 3968 verbum
1659 3893 1821 3989 respicit,
1848 3896 1912 3965 iis·

356 4022 431 4084 tur,
457 4015 605 4090 excepto
619 3997 823 4067 neceffitatis
838 4014 1005 4066 extremae
1019 4015 1074 4064 ca·
1107 3999 1192 4068 dem
1208 3994 1371 4068 satisfieri
1389 3997 1514 4090 nequit
1534 4044 1545 4083 ,
1570 3996 1632 4065 illa
1655 3992 1792 4086 semper
1807 4014 1912 4087 rege-

371 4097 408 4168 is³
429 4114 553 4189 peccat
583 4099 705 4164 contra
728 4092 918 4187 septimum
943 4113 1073 4187 praeoe·
1108 4097 1190 4179 rit,
1217 4095 1378 4165 divinam
1400 4091 1721 4176 coniunctionem,
1747 4111 1819 4161 non
1846 4087 1912 4161 nili

356 4219 395 4280 1,
423 4215 469 4263 ex
486 4214 527 4262 eo
545 4188 638 4263 resse
660 4190 789 4262 inferri
800 4190 956 4285 poterit,
975 4190 1073 4283 quod
1108 4191 1154 4265 ob
1174 4187 1352 4264 causama
1369 4191 1445 4262 Deo
1472 4189 1545 4284 ipso
1563 4183 1757 4282 expressam
1773 4182 1911 4258 dissolvi

356 4301 410 4377 a&
434 4290 565 4361 unicus
580 4288 785 4360 necessitatis
799 4287 896 4360 casus
919 4288 1081 4381 excipio,
1108 4282 1228 4387 posse,
1251 4311 1293 4360 ut
1310 4294 1375 4360 stac
1394 4289 1530 4358 ratione
1544 4286 1642 4357 Deus
1663 4285 1735 4378 ipse
1751 4284 1910 4380 separet,

378 4388 415 4461 in
441 4408 513 4481 quo
540 4386 622 4486 quis
655 4382 795 4463 furtum
817 4387 1075 4477 committendo
1109 4386 1206 4482 quod
1226 4388 1327 4485 prius
1343 4385 1541 4456 coniunxit.
1590 4383 1666 4476 111.)
1689 4384 1743 4453 Ex
1760 4384 1910 4452 adulteris·

356 4503 472 4582 peccet
485 4500 609 4554 contra
625 4480 818 4578 septimum
830 4503 1070 4576 praceptum3
1106 4488 1292 4557 conditione.
1340 4483 1465 4556 Solum
1479 4488 1514 4553 &
1526 4480 1676 4549 unicum
1692 4479 1911 4553 adulterium

356 4584 467 4657 sande
478 4578 635 4653 Christus
648 4581 886 4675 pronunciat:
915 4582 1080 4673 Quisquis.
1106 4605 1191 4656 cum
1212 4583 1349 4652 vinculi
1371 4577 1645 4652 matrimonialis
1669 4596 1796 4648 natura
1816 4579 1908 4647 dire-

356 4707 396 4752 ntt
417 4681 580 4754 dimittit,
601 4670 730 4770 excipta
738 4675 973 4773 fornicationis
993 4700 1070 4745 tatt-
1105 4679 1159 4753 die
1177 4698 1341 4777 pugnat,
1368 4694 1474 4770 atque
1498 4675 1673 4747 unitatem
1697 4676 1841 4759 carnis,
1868 4671 1908 4744 fi·

356 4784 384 4850 is
401 4771 597 4850 edissertum
618 4777 814 4850 committit,
842 4770 937 4847 nesio
962 4796 1008 4844 tx
1027 4795 1068 4844 eo
1106 4779 1189 4850 dem
1211 4777 1495 4871 coniugalem&
1525 4767 1760 4842 substantialia
1785 4772 1907 4843 matri·
2002 4782 2005 4787 '

356 4898 445 4961 tut,
474 4875 571 4969 quod
592 4870 684 4945 solus
705 4881 738 4944 δι
757 4874 887 4944 unicus
906 4872 1071 4942 adulterii
1106 4875 1220 4947 monii
1238 4872 1372 4944 nefarie
1395 4867 1556 4944 dissolvit.
1608 4869 1674 4938 Per
1696 4871 1909 4964 coniugium

356 5001 365 5047 s
382 4972 604 5067 excipiatur,
628 4973 756 5068 inquo
775 4971 856 5064 quis
874 4970 1071 5044 divortium
1108 4974 1178 5044 dut
1198 4970 1288 5043 siunt
1310 4994 1378 5041 rna
1396 4991 1497 5047 soro;
1523 4966 1614 5039 Gen.
1628 4967 1671 5038 ll.
1689 4980 1748 5058 24.
1775 4965 1832 5038 sed
1847 4966 1907 5037 ad·
1967 4999 1970 5003 ·

359 5071 430 5142 ndo
445 5092 518 5142 non
535 5070 732 5144 committat
746 5063 1071 5143 adulteriumssuc
1106 5069 1282 5145 ulterium
1295 5069 1470 5143 unitatem
1488 5066 1587 5139 illam
1613 5065 1729 5138 carnit
1754 5065 1917 5139 dierum.

365 5168 461 5243 Tott-
486 5164 600 5242 XVt.
856 5186 859 5194 '
1161 5233 1163 5237 ,
1220 5165 1253 5267 Z
1746 5246 1749 5251 ,
1801 5159 1918 5255 ,pits
1982 5178 1985 5183 ’
2032 5246 2070 5277 -.
2134 5242 2137 5247 .
2197 5238 2209 5255 ,.

1993 5308 2115 5391 *3⁴1
