4884 5984
737 467 744 476 ’
859 473 940 546 na
990 467 1190 544 aurnuns
1239 419 1472 567 uoquon.
1916 480 1985 556 45·

363 664 727 853 ttulistis
742 645 1165 869 ‘tlttlttttttti‘
1186 693 1254 841 ii?
1275 671 1388 843 itt
1405 665 1516 841 itti*
1530 659 1985 842 ltntt'rttbdltitti

368 866 517 967 Quodsi
540 817 728 960 ergunror
751 791 927 937 inpviruna
950 864 1010 938 sibi
1029 825 1165 958 arrogei
1187 820 1369 940 eusiciam.
1419 869 1523 967 Quod
1541 891 1619 940 reru
1638 862 1802 955 aposlolus
1812 861 1921 940 addit,
1935 881 1984 934 ta-

365 967 572 1050 dominium,
596 963 751 1035 turbatur
765 963 912 1056 coniugii
928 988 1044 1055 natura
1063 973 1097 1037 &
1112 964 1166 1042 iu·
1189 966 1235 1039 les
1258 969 1397 1038 maritos
1419 968 1491 1066 stne
1521 961 1619 1040 uerba
1654 962 1788 1039 Christo
1824 955 1983 1034 lucrifieri
2043 984 2048 1018 ¹

366 1062 480 1160 ruglo
496 1089 515 1133 a
533 1067 609 1134 Deo
626 1063 782 1134 instituta.
827 1062 884 1155 s.)
909 1058 1036 1164 Cbrisli
1060 1058 1164 1135 &ec-
1190 1060 1297 1157 posse,
1323 1067 1357 1134 id
1378 1066 1505 1138 nonest
1525 1063 1780 1158 intelligendum
1796 1062 1838 1133 de
1848 1058 1983 1158 stmpli·

367 1161 472 1259 clesiae
488 1160 735 1256 praefiguratio.
754 1158 838 1249 Eplr.
855 1167 931 1240 V..2
939 1185 968 1248 3.
1025 1157 1096 1235 Vir
1110 1184 1165 1234 cu-
1190 1163 1223 1235 ci
1246 1159 1287 1236 ii
1306 1160 1349 1234 ab
1367 1161 1461 1235 olutu
1479 1160 1573 1237 uerbi
1590 1185 1613 1234 u
1630 1159 1850 1273 conuerstonis
1864 1157 1983 1235 mediis

362 1269 431 1357 put
455 1261 500 1358 est
524 1259 698 1343 mulieris,
715 1260 813 1356 *ficut
838 1254 989 1357 Cbrijlur
1014 1260 1164 1431 maggae.
1191 1259 1389 1360 exulabant,
1416 1261 1469 1333 sed
1486 1284 1613 1334 tantum
1630 1263 1672 1334 de
1689 1280 1804 1357 primu
1819 1255 1896 1343 illu,
1917 1283 1983 1349 qua

367 1386 402 1431 v.
421 1379 481 1446 ²4·
532 1355 601 1431 Sed
631 1353 792 1458 rcuteccle
805 1349 995 1452 insubjella
1008 1359 1051 1457 est

360 1459 433 1625 glo,
456 1456 509 1528 ita
528 1452 570 1529 Εἴ
646 1456 742 1529 lieres
759 1455 848 1530 uiris
856 1454 934 1551 suit
949 1459 984 1531 in
1003 1455 1166 1544 omnibus,
1190 1461 1235 1530 dn
1248 1460 1336 1530 enim
1353 1461 1462 1530 mariti
1473 1457 1630 1540 ,infideles
1647 1453 1789 1531 santiam
1805 1455 1984 1530 mulierum

394 1551 646 1628 onestiescilicet
660 1555 986 1645 ministrandam,
1014 1579 1166 1644 quaeoon
1189 1555 1437 1629 christianarum
1463 1553 1747 1629 conversationem
1767 1557 1898 1641 vident,
1922 1555 1983 1628 ho·

367 1671 523 1744 puguant
534 1677 610 1724 cunr
629 1652 705 1745 lege
721 1655 842 1738 divina,
858 1656 1010 1725 omnium
1019 1655 1164 1743 reliquo·
1189 1655 1309 1726 nelliut
1333 1657 1376 1727 de
1402 1653 1566 1748 religione
1591 1654 1766 1728 christiana
1797 1649 1938 1740 sentire,
1964 1677 1995 1728 a.

366 1775 445 1823 runa
467 1771 700 1823 mandatorum
729 1775 846 1824 norma
866 1775 906 1821 ac
927 1751 1055 1843 regula.
1114 1748 1401 1847 g.).blasphemiis
1419 1756 1453 1823 in
1476 1780 1549 1826 eam
1567 1755 1724 1841 projedli's
1743 1751 1925 1835 abstinere,
1948 1760 1984 1828 dt

1118 1359 1167 1430 ri·
1190 1363 1263 1447 qais
1278 1362 1318 1431 ad
1333 1359 1432 1453 fidem
1448 1363 1660 1449 perducitur,
1673 1358 1849 1458 oecufiane.
1866 1359 1985 1455 Quau·
2106 1384 2109 1394 ·

371 1843 573 1922 Sunbiurum
594 1848 769 1922 mulierum
788 1850 947 1925 imitatio.
997 1856 1093 1922 Hane
1113 1877 1166 1922 ra.
1188 1853 1231 1922 ad
1250 1849 1345 1923 verbi
1372 1854 1522 1925 auditum
1546 1853 1680 1923 invitari
1701 1851 1885 1942 incipiunt,
1910 1873 1984 1938 quoe
2101 1867 2138 1940 '.·
2212 1897 2224 1911 2·

368 1950 495 2018 tionem
518 1946 660 2026 inculcat
676 1953 790 2019 Petrus
815 1950 933 2036 tepill.
952 1957 1009 2021 ill.
1028 1968 1060 2034 ς.
1081 1946 1166 2021 Mu·
1188 1951 1235 2020 est
1262 1952 1372 2038 prima
1395 1955 1436 2021 ad
1463 1948 1708 2024 converfionem
1736 1949 1859 2038 janna,
1890 1955 1984 2036 cujus

367 2043 467 2118 lieres
489 2043 673 2140 uirir·snir
691 2047 763 2145 stat
787 2043 966 2141 subinde,
1001 2047 1052 2145 fic
1078 2049 1164 2119 enim
1189 2050 1238 2119 rei
1261 2049 1396 2119 evidens
1416 2046 1604 2137 exemplum
1623 2051 1657 2117 in
1678 2050 1832 2131 Manita,
1866 2050 1984 2138 liugu-

369 2141 556 2239 aliqnando
581 2141 622 2218 ii
634 2142 761 2240 sanlbae
776 2142 927 2218 mulieres
941 2144 1115 2243 sperantes
1129 2147 1165 2218 in
1190 2146 1263 2216 itini
1279 2168 1402 2229 matre,
1417 2148 1490 2220 viro
1502 2144 1635 2227 ethnico
1650 2168 1753 2234 nupta
1770 2147 1982 2235 proponitur.
2015 2160 2017 2163 ·

370 2237 451 2314 Deo
467 2266 532 2339 pru
582 2244 620 2318 'ir
638 2245 725 2317 uiris
736 2239 893 2336 subditae
902 2242 1054 2337 suerunt.
1075 2274 1106 2317 v.
1130 2253 1163 2320 6.
1190 2244 1294 2336 Quod
1309 2267 1420 2316 autent
1445 2246 1489 2316 de
1510 2246 1641 2315 maritis'
1656 2242 1836 2334 gentilibus
1853 2245 1984 2333 aposto·
2124 2323 2127 2330 ,

370 2337 471 2415 Sicut
532 2366 601 2414 uru
637 2340 786 2415 obedivit
812 2338 967 2415 Abrabae
994 2343 1164 2415 dominum
1190 2340 1240 2411 lus
1255 2337 1392 2421 adserit,
1416 2344 1505 2413 idem
1527 2344 1568 2414 ad
1591 2345 1724 2413 maritos
1743 2345 1885 2432 impios,
1909 2365 1984 2415 uro·

369 2464 444 2513 eum
458 2462 606 2527 uorans,
630 2445 723 2536 cujus
738 2441 909 2540 eslisfiliae
929 2441 1166 2535 benefacientes
1189 2439 1300 2518 rosor,
1324 2435 1519 2530 flagitiosas.
1545 2450 1610 2512 dec.
1638 2442 1885 2514 adcommodati
1905 2462 1983 2530 pot·
2093 2507 2095 2514 .
2189 2449 2197 2472 '

372 2534 498 2616 &non
514 2539 775 2637 pertimescentes
799 2543 901 2612 ullum
930 2539 1164 2613 turbationem.
1188 2541 1260 2619 est,
1284 2542 1376 2625 quod
1400 2563 1516 2612 uxores
1533 2532 1742 2624 subjectionis
1761 2533 1824 2608 suar
1841 2540 1983 2627 promti·
2103 2571 2105 2576 ·

371 2635 532 2731 Exempla
546 2637 650 2727 ‘hujus
675 2634 884 2725 subjedlionit
908 2638 1104 2734 obedientiae
1127 2664 1166 2710 ac
1190 2639 1304 2707 tudine
1322 2645 1356 2708 δι
1370 2637 1433 2724 piis
1455 2631 1618 2724 obsequiis
1639 2638 1680 2708 ad
1700 2631 1863 2710 saniorem
1886 2660 1982 2711 nien·
2109 2699 2111 2704 .

369 2739 567 2809 reverentiae
583 2758 818 2826 proponuntur
838 2761 904 2808 non
920 2732 1026 2808 sulum
1048 2740 1082 2808 in
1099 2732 1165 2808 Su·
1190 2757 1259 2806 tem
1280 2757 1336 2805 eos
1353 2736 1514 2807 reducere
1527 2731 1660 2823 poffiot.
1925 2765 1927 2769 ·

369 2854 414 2908 ru
432 2859 540 2908 uxore
559 2833 719 2919 Abrahae,
744 2830 861 2926 Genes.
879 2832 1017 2908 XVlll.
1037 2857 1089 2907 rr.
1111 2829 1167 2906 sed
1251 2842 1285 2924 §.
1305 2834 1506 2906 CCCCLll.
1559 2836 1609 2922 2.)
1631 2842 1724 2922 Σεμ·
1773 2838 1821 2916 a.)
1840 2836 1984 2906 Vitae&

369 2935 473 3007 mam
499 2936 537 3005 in
557 2929 723 3017 Rebecca,
750 2957 822 3021 que
847 2929 991 3004 isaacum
1012 2928 1167 3023 sponsum
1189 2921 1282 3016 ebone
1301 2929 1421 3030 ,uita
1446 2926 1488 3001 fi
1517 2954 1644 3006 morum
1665 2930 1725 3003 bo·
1773 2940 1892 2983 mm
1931 2922 1984 2985 ¹⁸⁰·
2059 2925 2063 2938 '

373 3033 492 3105 videus
510 3057 531 3104 e
549 3033 677 3105 camelo
691 3027 875 3117 descendit,
904 3040 938 3105 dr
962 3055 1002 3102 ex
1021 3034 1167 3122 ingenuo
1190 3030 1280 3127 nejlu
1316 3025 1526 3122 gubernatio.
1596 3034 1746 3104 Uxores·
1775 2999 1984 3144 *staff*

372 3132 504 3221 pudore
526 3130 628 3221 peplo
645 3126 710 3202 sele
726 3131 854 3218 operit,
879 3151 915 3199 ut
931 3124 1167 3214 subjectionem
1191 3129 1280 3199 enim
1302 3129 1495 3214 cumprimis
1522 3132 1637 3213 decet,
1665 3150 1729 3219 pu·
1914 3127 1924 3148 '

371 3223 464 3299 suam
485 3253 566 3318 erga
583 3230 738 3301 maritum
756 3229 909 3306 testetur,
935 3232 1020 3298 Gen.
1044 3232 1167 3297 XXIV.
1191 3228 1298 3308 doris,
1322 3227 1494 3306 castitatis,
1518 3228 1748 3314 verecundia,
1781 3226 1986 3299 taciturnita-

372 3328 486 3418 65.·in
504 3323 648 3418 Ruebele
667 3323 707 3400 li
725 3323 815 3410 Lea,
847 3323 1005 3397 uxoribus
1028 3323 1168 3415 Jacobi‚
1192 3326 1258 3411 tis,
1284 3325 1431 3410 adeoque
1453 3326 1561 3395 omnia
1591 3323 1765 3396 honestatis
1786 3326 1986 3416 diligentem

373 3445 454 3516 qne
468 3421 536 3498 siue
549 3425 615 3498 ulla
633 3418 906 3516 tergiversatione
922 3419 1045 3512 relidit
1060 3444 1168 3510 potet·
1192 3445 1307 3492 curam
1325 3419 1470 3506 habete,
1495 3447 1538 3494 ne
1559 3424 1693 3494 maritos
1717 3418 1789 3493 suos
1808 3420 1986 3515 garrulita-

374 3519 563 3595 uirlaribue
577 3528 732 3597 moritum
745 3519 937 3609 sequuntur,
947 3525 1030 3590 Gen.
1042 3518 1169 3594 XXXI.
1193 3540 1256 3600 te,
1276 3523 1501 3609 procacitate,
1528 3520 1741 3605 morositate,
1777 3521 1882 3593 studio
1906 3544 1988 3592 con·

381 3647 394 3693 r
402 3641 437 3712 5.
461 3631 537 3693 dec.
594 3620 647 3707 lt.)
675 3618 887 3693 Munitorum
913 3617 1100 3714 infidelium
1124 3615 1171 3714 ud
1195 3619 1393 3701 tradirendi,
1418 3615 1555 3690 libidine
1574 3622 1724 3699 rixandi,
1752 3617 1851 3708 luxu,
1879 3615 1987 3699 fanu.

372 3716 592 3814 christianum
622 3718 817 3812 religionem
846 3718 1017 3790 invitatio.
1073 3721 1169 3789 Hanc
1194 3714 1306 3787 aliisve
1323 3718 1484 3802 ejusmodi
1502 3718 1587 3787 titiis
1603 3714 1782 3790 offendant.
1805 3720 1873 3791 Tit.
1893 3725 1937 3793 11.
1950 3740 1987 3804 4.

372 3819 538 3891 rationem
558 3821 671 3889 itidem
693 3817 834 3888 inculcat
848 3821 961 3892 Petrus
981 3816 1099 3906 tepist.
1111 3819 1170 3886 111.
1186 3810 1296 3902 ‘Anus
1311 3812 1523 3909 prudentium
1542 3813 1686 3887 doceant
1705 3814 1987 3913 adolescentulus,

378 3939 411 3989 1.
462 3912 627 3988 Mulieres
635 3912 783 4011 subditae
796 3917 867 4013 fint
886 3914 972 3986 uiris
981 3909 1077 4009 suis,
1104 3922 1169 3996 ut,
1195 3921 1233 3985 ut
1254 3910 1314 3982 sint
1333 3913 1557 4007 Φίλανθροι,
1574 3914 1789 4007 munirentur,
1816 3944 1849 3989 v.
1868 3935 1900 4002 5.
1920 3918 1990 3991 aab·
2041 3986 2049 3994 .,

379 4010 465 4114 &a
479 4017 538 4111 qui
554 4031 623 4085 non¹
636 4013 771 4087 mebrrnt
787 4013 884 4085 uerbo
897 4062 906 4091 ‚
921 4036 981 4106 per
996 4011 1171 4084 mulierum
1195 4034 1219 4105 p
1240 4037 1331 4096 anet,
1362 4006 1470 4105 tyrel
1480 4058 1491 4088 ,
1529 4011 1688 4107 duodeni.
1722 4038 1733 4086 1
1754 4017 1839 4087 Petr.
1864 4020 1925 4087 111.
1954 4033 1987 4104 3.

374 4111 660 4211 conversationem
675 4114 746 4210 stne
770 4110 868 4183 uerbo
893 4109 1066 4209 lucrifiunt
1085 4137 1125 4181 v.
1138 4131 1170 4181 n.
1202 4039 1353 4182 (innam
1369 4105 1544 4179 mulierum
1563 4110 1761 4283 optimurffl
1774 4135 1839 4186 non
1860 4111 1992 4184 extrin-

380 4208 636 4312 Cunfiuleruntes
660 4211 695 4282 in
720 4213 838 4281 timore
858 4211 980 4307 rustum
1000 4203 1285 4303 conuersa-secur
1305 4206 1341 4277 in
1361 4203 1459 4278 nadis
1482 4206 1678 4301 capillorum
1760 4211 1990 4310 circunrpofito
2020 4230 2022 4234 ·

376 4311 501 4384 tionem
519 4315 670 4411 uestrum.
722 4315 760 4379 lu
780 4315 897 4379 Grato
924 4311 970 4378 est
998 4299 1172 4404 neptnun'-
1195 4328 1280 4378 uuro
1299 4302 1353 4375 'trel
1366 4303 1545 4400 palliorum
1563 4305 1704 4386 amitini
1730 4337 1761 4380 v.
1779 4333 1812 4404 4.
1853 4309 1918 4383 Sed
1934 4332 1990 4380 oc·

374 4435 506 4487 uterum
532 4407 726 4496 metaphora
745 4411 842 4490 dueta
867 4432 885 4476 a
907 4400 1025 4486 sartis,
1058 4408 1115 4492 qui
1137 4407 1171 4474 in
1197 4404 1305 4477 cattus
1322 4400 1376 4476 ille
1392 4403 1502 4476 cardis
1517 4401 1614 4477 bomo
1632 4407 1667 4478 in
1685 4407 1931 4506 incorruptione
1945 4407 1992 4481 le·

377 4509 522 4597 pecunia
543 4506 584 4580 ab
605 4507 685 4577 hero
710 4504 767 4577 sibi
791 4507 980 4577 concredita
1002 4505 1172 4595 negotian·
1197 4503 1251 4576 nis
1270 4522 1315 4572 uc
1330 4502 1433 4597 quieti
1442 4499 1606 4600 spiritur,
1632 4505 1689 4600 qui
1711 4509 1754 4606 est
1771 4531 1883 4580 corum
1915 4504 2017 4579 Ded*

377 4627 454 4685 tur,
476 4605 598 4676 Martii.
619 4603 734 4676 XXV.
756 4627 807 4692 ¹4·
832 4608 911 4673 Luc.
925 4600 1016 4674 XIX.
1035 4625 1087 4690 ¹3·
1108 4605 1176 4675 Co·
1194 4596 1371 4701 pretiosus.
1391 4628 1424 4673 v.
1443 4628 1483 4695 5..
1525 4599 1584 4675 Ita
1604 4605 1689 4675 eninr
1707 4606 1789 4680 olim
1809 4605 1850 4681 Θ
1865 4604 1992 4700 ,[αηᾶα

377 4691 586 4796 giteot'ergo
603 4706 664 4791 piae
683 4699 846 4782 immine,
873 4698 933 4771 fibi
953 4723 1107 4786 tauquam
1124 4720 1175 4769 co·
1199 4695 1266 4775 illa
1287 4700 1464 4779 mulieres,
1495 4721 1567 4795 qua
1584 4699 1770 4800 sperabunt
1793 4708 1828 4781 r'n
1854 4703 1992 4790 Deum,

378 4800 553 4876 beredibur
565 4801 689 4898 gratie
708 4798 874 4890 tireiauros
892 4800 1085 4869 divinorum
1100 4797 1176 4870 eha·
1201 4797 1369 4873 onrubunt
1379 4794 1475 4894 sefer
1501 4822 1540 4870 ex
1559 4805 1624 4888 quo
1643 4801 1717 4875 loco
1738 4805 1915 4894 apostolico
1933 4829 1993 4897 pe·

379 4893 550 4974 rismatum
571 4907 606 4973 dt
632 4902 791 4972 virtutum
813 4891 970 4968 elle-hoc-
984 4892 1048 4968 fine
1064 4898 1176 4982 datos,
1203 4902 1300 4971 titum
1321 4897 1491 4970 aureolum
1516 4895 1598 4970 illud
1623 4901 1840 4989 Tertulliani,
1864 4927 1931 4991 quo
1953 4902 1995 4974 li·

381 5019 420 5072 ut
441 4997 518 5090 ipse
534 5023 666 5087 quoque
685 4998 748 5067 illis
763 4999 976 5085 negotientur
993 5019 1029 5066 ac
1048 4992 1179 5066 lutren·
1202 4997 1301 5069 brnm
1321 4992 1414 5068 suunt
1433 4998 1475 5068 de
1492 4994 1583 5088 cultu
1598 4996 1809 5072 foemitratnm
1827 5001 1997 5075 ‘concludit

381 5121 464 5182 tur,
493 5100 620 5179 idest,
646 5117 682 5168 ut
703 5089 847 5169 sedulam
872 5115 993 5169 navent
1016 5113 1180 5187 operam,
1204 5123 1238 5190 p.
1263 5104 1340 5267 iulg.
1392 5095 1556 5183 „Prodite
1580 5122 1637 5172 vos
1661 5106 1728 5187 jam
1748 5102 1998 5177 medicamentis

702 5225 707 5238 ·
1256 5199 1282 5268 1.
1352 5221 1372 5269 2
1967 5206 2004 5274 dc
