4884 5984
470 513 479 524 ⁸
556 531 607 600 80
980 507 1274 590 LOUSXXVL
1325 513 1544 592 clavrx
1592 517 1716 596 SECT.
1741 525 1769 597 l.

551 701 749 792 petentibus
779 731 819 780 ae
851 707 1075 782 annitentibus
1110 714 1236 796 detur,
1275 737 1354 787 eoru
1378 739 1462 791 anas
1513 716 1597 816 'sque
1616 715 1715 792 babel
1735 717 1911 818 propriam
1924 713 2025 818 sotem
2050 711 2172 794 dolrem

559 805 708 884 immoto
739 806 887 880 veritatis
916 806 954 876 fit
980 807 1064 880 illud
1090 810 1263 890 Chrislie.
1288 835 1355 886 noo
1378 839 1424 888 ex
1485 839 1548 902 eo,
1584 817 1677 890 alius
1688 818 1753 914 fic,
1787 819 1877 894 alius
1900 842 1977 894 vero
1993 819 2062 920 fic,
2087 823 2172 890 unde

554 921 671 978 omncs
687 907 832 1002 copiunt
856 905 992 980 verbum
1015 907 1086 982 loc.
1378 919 1479 988 uiam
1495 915 1659 1004 aposlolus
1674 917 1798 992 ibidem
1818 918 1911 1004 illos,
1938 919 1996 1010 qui
2013 939 2171 996 uruntur,

1116 1043 1121 1054 ·
1378 1039 1447 1086 non
1470 1011 1638 1099 bortatur,
1673 1037 1709 1086 ut
1731 1039 1793 1106 per
1818 1041 1934 1106 preces
1953 1041 1972 1088 a
1995 1019 2074 1088 Deo
2096 1037 2173 1086 eon·

635 1107 670 1190 §-
691 1105 884 1176 Dlslsvlll.
906 1099 1006 1179 Hisce
1021 1129 1085 1196 pro
1103 1101 1273 1178 sententie
1290 1102 1355 1180 suae
1381 1115 1527 1186 tinentia
1551 1117 1679 1186 donum
1702 1137 1844 1204 petum
1879 1114 1933 1190 sed
1946 1135 1999 1196 ¹ut
2025 1112 2173 1186 remedio

555 1195 811 1276 confirmatione
823 1203 1023 1292 interpositis
1040 1207 1127 1278 redit
1140 1201 1358 1279 Bellorminos
1381 1211 1540 1284 divinitus
1562 1213 1710 1285 inslitoto
1733 1235 1876 1286 utantur.
1930 1211 1990 1312 5.)
2011 1214 2088 1286 Nee
2108 1212 2174 1282 ioe-

559 1301 752 1374 odoramen
766 1305 956 1396 argumenti
968 1305 1072 1374 noslri
1086 1301 1356 1379 exorarunxlx.
1381 1333 1440 1400 pte
1465 1335 1485 1382 e
1516 1311 1650 1384 Chrillo
1674 1313 1829 1386 additum
1858 1309 1948 1400 else,
1992 1311 2052 1406 qui
2069 1305 2174 1408 'polest

564 1417 624 1470 ιι.
647 1400 802 1480 dedudli,
830 1424 868 1472 ac
900 1398 958 1496 ι.)
986 1400 1088 1474 verbo
1115 1398 1260 1500 Christi,
1291 1423 1357 1478 aaa
1385 1430 1520 1504 capere,
1550 1410 1687 1505 copiae,
1724 1433 1764 1481 ex
1788 1409 1849 1482 hae
1874 1411 1985 1482 nollro
2008 1410 2174 1498 interpre-
2215 1409 2216 1414 ’

562 1514 675 1566 omnes
697 1497 835 1592 capiunt
853 1497 988 1572 uerbum
1005 1499 1085 1585 loc,
1102 1503 1155 1599 stc
1170 1499 1358 1598 intelligen-
1382 1510 1507 1580 utinm
1533 1504 1754 1596 consequitur.
1815 1507 1967 1582 Christus
1990 1507 2086 1580 enim
2110 1527 2173 1576 non

434 1633 438 1640 ·
560 1591 609 1664 da
629 1589 690 1690 effe
706 1599 825 1676 docet,
850 1619 916 1670 eoa
937 1620 1048 1676 omnes
1069 1599 1263 1694 intelligant
1274 1621 1358 1697 pra·
1379 1608 1415 1678 in
1432 1627 1558 1698 genere
1576 1607 1725 1696 quosvis,
1750 1604 1805 1680 sed
1826 1629 1882 1680 eoo
1903 1609 2085 1688 duntaxat,
2118 1603 2172 1692 qui

562 1689 663 1778 Hier,
689 1691 805 1792 idest,
830 1719 896 1767 noa
913 1697 1115 1784 admittunt,
1141 1723 1207 1772 noa
1220 1698 1357 1796 persua·
1380 1703 1446 1776 boe
1463 1707 1588 1778 donum
1603 1731 1622 1778 a
1635 1709 1710 1776 Deo
1724 1726 1945 1794 receperunt,
1972 1702 2040 1776 stre
2055 1723 2094 1772 ut
2108 1695 2171 1794 ipst

559 1789 707 1872 dentur,
736 1813 803 1864 non
825 1794 1015 1891 adprobant
1034 1797 1123 1895 quod
1141 1795 1265 1872 alidum
1286 1801 1356 1898 est,
1380 1803 1547 1892 loquitur,
1573 1799 1692 1900 quiam
1706 1802 1823 1876 dalem
1836 1805 1896 1902 esi,
1921 1807 1963 1874 ad
1979 1801 2191 1892 eligendum

560 1912 628 1962 noo
655 1891 793 1986 expedit
819 1893 964 1976 nubere,
988 1897 1023 1996 st
1045 1897 1133 1971 euim
1155 1921 1270 1994 capere
1295 1897 1356 1970 stoc
1379 1897 1571 1972 eoelibatum
1605 1899 1782 1988 hortatur,
1825 1923 1863 1972 ut
1896 1899 1963 1974 boe
1989 1895 2057 1984 suo
2087 1899 2170 1970 dono

559 1985 855 2089 locostgnificaret
868 1991 929 2092 else
941 2017 1111 2090 capacem,
1128 1997 1237 2093 inepte
1255 1991 1354 2068 Clri-
1379 2019 1513 2070 utantur
1529 2000 1570 2070 ad
1585 2001 1861 2092 propagationem
1879 1998 1977 2090 regni
1991 1993 2170 2078 eoelotum,

552 2087 839 2188 slusaddidiffel,
864 2095 923 2188 qui
937 2097 1040 2194 potes!
1063 2115 1196 2192 capere,
1218 2097 1352 2190 capiat:
1378 2094 1411 2168 b.
1438 2119 1467 2168 e.
1507 2098 1548 2167 ad
1582 2094 1724 2168 eeelefiae
1772 2097 1950 2168 ministeria
1988 2095 2170 2184 expeditius

560 2208 602 2258 ac
614 2187 648 2286 fi
666 2188 707 2260 de
726 2193 916 2286 capacitate
938 2191 994 2264 ltic
1015 2205 1171 2288 ageretur
1197 2188 1239 2265 Θ
1260 2192 1354 2266 ardel
1377 2191 1549 2277 obeunda,
1573 2218 1644 2282 quae
1660 2190 1729 2283 ipsa
1748 2215 1858 2266 tamen
1875 2192 2065 2267 exhortatio
2081 2189 2169 2264 ecli-

559 2285 716 2360 domt'nus
738 2289 919 2389 ostendere,
955 2314 1021 2363 non
1040 2314 1150 2366 omnes
1172 2287 1233 2389 effe
1252 2313 1354 2389 capa·
1378 2290 1494 2365 batum
1515 2315 1583 2364 non
1608 2293 1753 2383 imponit
1776 2313 1935 2390 tanquam
1958 2289 2170 2365 necessarium

385 2469 388 2476 ,
425 2417 431 2428 ·
563 2405 616 2460 ces
635 2387 869 2476 continentia,
904 2412 946 2462 ac
962 2390 1103 2486 proinde
1123 2391 1192 2465 illis
1216 2389 1355 2489 neceffa·
1376 2390 1510 2480 aliquod
1529 2391 1666 2480 iugum,
1692 2416 1734 2464 ne
1752 2388 1817 2460 illis
1838 2393 1991 2478 quidem,
2018 2391 2078 2479 qul
2099 2411 2171 2460 eou-

375 2483 387 2566 ,'
521 2557 524 2562 ,
560 2483 651 2560 riam
673 2481 735 2584 effe
758 2485 901 2573 nabere,
934 2491 1027 2564 ralio
1046 2489 1130 2576 illa,
1160 2489 1244 2586 sunl
1266 2493 1353 2564 enim
1379 2490 1524 2560 tinentiae
1543 2493 1668 2560 donum
1688 2512 1909 2577 acceperunt,
1937 2483 1992 2562 sed
2014 2487 2171 2576 relinquit

560 2583 719 2666 nauli,
743 2587 802 2683 qui
818 2586 859 2659 de
874 2595 968 2662 olera
985 2589 1353 2690 niatrirstcuolisunl,
1377 2612 1455 2661 eum
1484 2586 1627 2660 liberum
1655 2590 1746 2660 iuxta
1768 2585 1979 2661 infallibilem
2006 2588 2169 2676 interpre-
2213 2671 2215 2680 ‚

558 2682 650 2758 nibil
674 2683 775 2782 plone
795 2684 843 2758 ad
867 2711 936 2760 rem
955 2687 1102 2782 faceret,
1131 2689 1199 2762 imo
1221 2702 1354 2764 contra-
1378 2689 1534 2760 tationem
1553 2685 1691 2777 aposloli
1712 2693 1822 2762 tCor.
1836 2693 1978 2776 Vll.25.
2035 2681 2179 2758 Deaie·
2213 2725 2215 2730 >

557 2784 648 2860 rium
655 2785 774 2882 polius
788 2784 965 2882 probaret,
980 2809 1053 2884 quse
1066 2789 1153 2860 enim
1165 2787 1355 2866 baecruro'·
1377 2783 1515 2882 giaibor
1526 2797 1723 2882 preceptum
1734 2787 1865 2859 domini
1878 2807 1943 2855 non
1956 2781 2063 2858 labeo
2073 2777 2189 2872 u.36.‘
2213 2787 2215 2826 ²

558 2905 663 2976 qna,
697 2886 835 2982 quidam
857 2887 1025 2959 continent
1044 2886 1130 2964 vitio
1159 2896 1290 2962 naturae
1315 2897 1354 2960 ut
1386 2881 1486 2981 Quod
1512 2883 1587 2957 uult
1602 2883 1745 2977 saciat,
1786 2908 1852 2957 non
1874 2893 2015 2980 peccat,
2057 2881 2165 2956 atala

547 2979 709 3078 frigidi,
734 2983 872 3080 quidam
892 2983 1006 3058 aliena
1032 2985 1229 3060 crudelitate
1249 2997 1288 3060 al
1310 2984 1353 3060 ab
1380 2986 1442 3074 6.)
1468 2987 1589 3072 Neque
1615 2981 1765 3056 Christus
1792 2984 1855 3055 hoe
1886 2987 1987 3055 modo
2013 2981 2165 3074 colligit,

562 3078 753 3156 lentioribus
779 3085 936 3183 castrati,
967 3083 1105 3180 quidam
1125 3084 1268 3184 propria
1296 3105 1355 3158 aa·
1387 3078 1535 3254 <imam
1559 3081 1728 3156 continent
1747 3082 1833 3156 vitio
1855 3091 2007 3166 natare,
2034 3081 2164 3176 quidam

562 3177 712 3266 sunlalr,
737 3182 850 3280 alqui
868 3194 1005 3280 propter
1025 3180 1134 3258 Deam
1154 3183 1284 3258 celibes
1305 3185 1356 3258 ui·
1380 3181 1494 3252 aima
1531 3179 1758 3267 crudclilote,
1816 3180 1954 3277 quidam
1996 3179 2164 3252 vaenue
2198 3247 2200 3254 .

561 3289 662 3366 aaut,
694 3306 761 3356 aaa
784 3305 863 3378 ergo
886 3307 995 3356 orienes
1025 3281 1156 3380 poffuul
1180 3286 1353 3356 coritium.
1377 3282 1543 3376 propria,
1576 3304 1655 3372 ergo
1681 3305 1746 3352 tion
1769 3302 1878 3352 eineres
1906 3281 2076 3354 continere
2095 3273 2164 3376 pos-
2204 3291 2206 3297 '

559 3375 667 3470 Resp.
693 3387 748 3472 ι.)
771 3408 976 3471 nequaquam
1001 3380 1064 3455 hoc
1093 3381 1209 3454 volunt
1231 3383 1355 3456 Christi
1372 3377 1480 3475 sunl,
1518 3377 1603 3467 [qua
1632 3384 1760 3451 ratione
1786 3379 1911 3452 Christi
1940 3377 2164 3451 collestionem
2210 3377 2214 3442 l

560 3479 683 3563 verba,
706 3485 796 3567 quod
812 3505 879 3552 non
895 3504 1011 3553 omnes
1024 3481 1230 3574 intelligant,
1252 3506 1355 3568 quan·
1380 3502 1440 3552 nos
1464 3479 1677 3562 interpretari
1697 3473 1777 3548 falso
1803 3473 1942 3577 adserit]
1971 3501 2080 3566 neque
2107 3475 2164 3546 hoc

562 3580 604 3648 tia
627 3578 781 3650 molestiis
803 3576 902 3650 liberi
930 3577 1011 3656 sint,
1047 3581 1103 3666 qui
1127 3603 1220 3651 extra
1241 3582 1354 3649 coniu-
1381 3579 1497 3647 modo:
1528 3573 1641 3647 Mulli
1661 3575 1839 3672 neceffilate
1858 3579 2049 3657 continual,
2075 3571 2165 3645 mulli
2212 3623 2214 3632 »

560 3677 657 3767 pium
683 3677 817 3759 vivunt,
850 3699 927 3746 cum
946 3702 1061 3748 omnes
1077 3677 1253 3767 gentilium
1280 3675 1356 3748 libri
1382 3675 1570 3756 voluntale,
1596 3699 1675 3768 ergo
1694 3675 1851 3746 crnlilrile
1869 3678 1911 3774 esi
1932 3698 2044 3748 omnes
2065 3671 2163 3745 conli-
2210 3635 2214 3776 l

562 3774 655 3859 pleni
671 3771 731 3845 slot
747 3773 889 3861 querelis
903 3776 944 3846 de
964 3800 1104 3846 uxorum
1124 3778 1210 3846 vitiis
1230 3787 1263 3848 dt
1277 3799 1356 3845 eon·
1382 3799 1455 3846 trare
1481 3770 1587 3868 ιφ,
1630 3774 1778 3866 fivelinl
1799 3771 1887 3863 [qua
1909 3776 2036 3846 ratione
2054 3773 2165 3844 Bellat·
2209 3787 2213 3860 l

561 3873 681 3964 iugum
704 3874 868 3947 molestiis.
923 3873 975 3964 a.)
994 3871 1055 3960 lpfi
1076 3873 1212 3961 apostoli
1235 3896 1273 3943 et
1298 3879 1355 3944 do·
1383 3878 1490 3944 uulnus
1518 3863 1640 3944 Chrisli
1671 3873 1900 3945 colleaionem
1931 3875 2085 3970 accipit]
2120 3867 2166 3941 sed
2211 3955 2213 3966 Ι

563 3977 670 4046 diuina
694 3977 736 4046 de
759 3971 971 4044 indissolubili
997 3974 1199 4046 matrimonii
1225 3971 1357 4044 vittcttlo
1383 3971 1445 4042 hoc
1469 3977 1590 4044 modo:
1649 3969 1796 4067 Quidam
1822 3973 2075 4056 villanorum,
2103 3969 2167 4065 qui·
2211 3993 2213 4002 ·

564 4071 789 4162 colligebant,
812 4095 876 4142 non
888 4069 1044 4165 expedire
1059 4069 1190 4144 horloini
1203 4073 1357 4166 ineptias,
1383 4067 1628 4143 demolierunt
1654 4071 1818 4168 altaleficio
1839 4073 1977 4170 australi
2001 4093 2023 4140 a
2047 4069 2166 4166 ineptiis

564 4194 648 4262 ergo
665 4197 733 4240 non
752 4195 835 4258 opus
855 4191 943 4252 erat,
970 4191 1006 4239 ut
1021 4173 1240 4256 docerentur,
1267 4192 1359 4241 extra
1383 4168 1563 4262 abstinent,
1589 4171 1741 4262 quidam,
1764 4169 1883 4264 quibus
1890 4166 2027 4264 scilicet
2051 4169 2088 4241 id
2112 4169 2166 4240 da·

565 4270 759 4357 coniugium
776 4265 838 4340 else
854 4271 955 4338 vitem
974 4269 1074 4360 longe
1096 4267 1358 4354 tranquilliorem
1384 4259 1453 4340 tuito
1475 4271 1533 4367 esi,
1562 4266 1682 4364 sponte
1703 4292 1744 4340 ac
1767 4267 1868 4341 libere
1890 4291 1912 4338 a
1939 4269 2097 4364 coniugia
2116 4263 2168 4339 al·
2210 4271 2213 4326 l

565 4376 601 4440 δι
622 4392 640 4437 a
661 4365 815 4436 molestiis
836 4365 1040 4440 liberiorem.
1093 4369 1155 4458 3.)
1184 4369 1265 4459 Quo
1289 4362 1356 4439 seu·
1376 4369 1501 4468 sliuenl
1522 4379 1660 4462 propter
1682 4392 1820 4462 regnum
1844 4368 2021 4453 calorum,
2050 4368 2107 4463 qai
2124 4389 2168 4440 er·
2210 4345 2213 4422 l

564 4461 602 4537 su
619 4464 768 4540 Chrislos
785 4467 891 4547 dicat,
918 4489 983 4535 uon
1004 4486 1114 4535 outnes
1133 4465 1272 4560 capiunt
1285 4487 1358 4535 ver·
1383 4491 1427 4561 go
1445 4467 1548 4564 polest
1568 4489 1700 4562 capere,
1731 4467 1865 4562 cupane,
1892 4470 1926 4538 id
1949 4469 2012 4550 est,
2040 4469 2094 4538 cui
2112 4466 2168 4538 hoe

564 4563 642 4640 brem
667 4564 747 4643 loc,
775 4563 947 4634 clarislime
967 4564 1121 4651 exponit,
1150 4569 1283 4654 quando
1302 4566 1358 4633 ad·
1383 4571 1508 4637 dotium
1538 4568 1694 4638 divinitus
1724 4568 1894 4658 contigit,
1929 4587 2043 4636 utatur
2069 4587 2109 4638 eo
2133 4565 2171 4636 nd

421 4711 429 4722 ·
563 4669 639 4746 dit,
668 4660 731 4758 sed
759 4661 875 4758 quilius
898 4663 1015 4735 datum
1043 4663 1095 4761 esi.
1163 4664 1358 4748 liequiritur
1383 4668 1448 4736 Dei
1474 4663 1636 4738 honorem
1663 4676 1698 4740 δι
1725 4661 1867 4737 'ecclesie
1889 4660 2038 4736 salutem.
2068 4687 2075 4710 ‘
2102 4662 2169 4738 liel-

562 4767 669 4854 igitut
698 4760 864 4848 peculiare
889 4761 955 4832 Dei
982 4763 1127 4842 donum,
1165 4781 1201 4830 ut
1224 4761 1358 4847 quidam
1383 4761 1540 4832 larmirus
1558 4762 1660 4836 verba
1678 4761 1802 4836 Chrisli
1825 4765 1956 4853 penitus
1980 4763 2171 4834 invertite:

563 4862 648 4935 illud
669 4883 788 4949 capere
811 4856 942 4947 palliat.
992 4856 1048 4954 4.)
1063 4862 1160 4930 Neve
1173 4856 1240 4928 ullo
1261 4861 1358 4929 reslet
1382 4884 1445 4949 pto
1462 4857 1548 4955 ροβε
1565 4858 1726 4932 substituit
1744 4860 1837 4944 velle,
1861 4887 1932 4948 quae
1953 4863 2022 4932 duo
2046 4863 2079 4932 in
2100 4884 2172 4950 pro·

559 4959 704 5050 amplius
724 4957 903 5042 dubitatio,
930 4958 1166 5046 coniungimur
1185 4952 1359 5044 expositio·
1381 4959 1463 5045 priis
1484 4981 1523 5030 ac
1549 4962 1687 5047 privatis
1707 4962 1772 5034 Dei
1798 4962 1893 5031 donis
1916 4957 2104 5047 plurimum
2125 4961 2172 5033 di·

560 5085 640 5134 netu
662 5055 873 5146 aposlolicam
898 5058 1003 5126 tCor.
1015 5059 1133 5148 v11.7.
1161 5055 1238 5125 inde
1259 5073 1358 5142 atque
1382 5052 1532 5148 strepere
1549 5054 2017 5150 &scripturae-experientia
2032 5060 2170 5134 telletur'.

556 5165 635 5248 'eleo
649 5181 718 5234 aon
731 5178 845 5233 omues
863 5153 1001 5262 capiunt
1017 5151 1158 5230 uerbum
1176 5151 1262 5237 boo,
1282 5155 1359 5244 quia
1408 5235 1424 5240 ¹,
