4884 5984
540 453 899 532 penetotius
952 451 1292 530 nrueuuonvn
1345 447 1696 558 Qvtrntrnvs.
1874 475 1946 546 ru

281 655 353 733 tale
377 650 605 756 ministerium
631 649 788 726 conditor
805 651 976 822 prasari'
991 648 1101 740 uelit,
1120 649 1251 750 jonato
1305 651 1626 732 ohilrerinondehet.
1650 649 1843 744 Respondet
1852 655 1939 727 Leo:

275 756 567 926 vproposueramus
630 749 674 826 Si
696 752 868 848 igiturne
904 747 983 837 hie,
1014 751 1104 848 quod
1126 756 1233 850 tuqui
1276 753 1392 828 aulum
1410 755 1551 841 laudas,
1576 755 1624 830 ad
1643 753 1750 828 Pauli
1763 751 1939 826 uerbaad·

283 869 422 931 natura
450 876 488 927 co
536 853 606 926 itor
634 847 769 948 ipsaque
803 860 928 924 natura
966 853 1100 937 uoluit,
1124 853 1228 928 tende.
1277 853 1542 929 Matrimonium
1566 854 1774 938 contrahere,
1808 853 1936 950 inquit,

282 955 447 1054 adparet,
467 951 556 1051 quod
566 950 810 1049 prohibendam
831 949 1005 1038 ducimur,
1033 975 1100 1025 non
1124 951 1163 1027 id
1177 957 1240 1127 es,
1261 979 1323 1054 per
1345 955 1596 1058 matrimoniale
1615 953 1844 1028 commercium
1863 977 1937 1024 cum

276 1053 515 1156 prohibeatur.
583 1046 650 1126 Sin
672 1051 781 1124 minus
814 1054 871 1136 (ut
897 1061 983 1125 certe
1010 1051 1101 1126 nihil
1125 1080 1180 1128 mu
1196 1057 1262 1130 iere
1280 1056 1452 1155 conjungi.
1505 1051 1547 1130 Si
1565 1057 1673 1153 igitur
1690 1065 1749 1127 tua
1768 1077 1841 1125 cum
1865 1076 1936 1124 niu·

280 1151 475 1256 istiusmodi
490 1155 551 1326 cll,
566 1147 631 1247 sed
645 1151 820 1225 contraria
834 1152 948 1224 omnia
967 1147 1008 1224 dl
1019 1149 1100 1226 nul·
1123 1153 1205 1228 licre
1216 1157 1421 1256 commistio,
1445 1154 1648 1254 consociatio
1669 1151 1936 1227 matrimonialir

280 1259 321 1330 la
342 1254 393 1329 ad
419 1251 625 1351 impendam
645 1247 794 1324 Domini
813 1248 1019 1324 uoluntatem
1044 1253 1100 1326 uir
1127 1251 1169 1328 di
1174 1253 1411 1343 amerianae,
1426 1279 1498 1352 quae
1515 1257 1550 1329 in
1559 1255 1812 1329 matrimonium
1821 1273 1936 1324 coeun-

283 1351 328 1432 8
340 1358 414 1452 esur
426 1351 578 1450 generis,
594 1349 820 1448 quadratura
835 1375 902 1423 non
916 1349 1098 1475 agnoscat)
1123 1353 1214 1430 tibus
1235 1353 1371 1429 debetur
1386 1411 1394 1440 ,
1416 1358 1525 1452 digua
1542 1359 1602 1457 esl,
1629 1353 1880 1427 matrimonium
1895 1350 1939 1423 il·

278 1477 385 1554 quare
420 1477 488 1526 non
518 1449 671 1524 omnibus
710 1451 820 1524 modis
843 1447 1099 1548 prohibeatur?
1124 1452 1194 1528 lom
1208 1457 1347 1529 nomina
1364 1451 1404 1528 &
1418 1455 1729 1552 obseruauxorem:
1742 1456 1796 1552 sn
1810 1463 1938 1524 netan-

251 1557 397 1630 nonen
422 1549 695 1642 responderunt
722 1549 849 1641 duplici
873 1573 1100 1642 argumento,
1123 1553 1207 1628 tittae
1237 1557 1367 1654 quiden
1393 1553 1628 1630 beneditione}
1654 1576 1798 1650 unquam
1823 1575 1937 1649 capax

278 1658 375 1744 quod
398 1677 462 1743 pto
486 1648 718 1724 eunuchorum
736 1652 899 1740 conjugiis
921 1648 1101 1738 oinciebe·
1116 1655 1232 1750 sacris
1253 1664 1349 1752 (qua
1364 1657 1452 1729 enim
1475 1665 1536 1728 aut
1557 1653 1669 1753 qualis
1682 1650 1884 1750 consecratio
1901 1652 1937 1723 in

279 1777 351 1830 eur.
399 1754 492 1824 Prius
505 1748 549 1822 fic
562 1747 683 1821 babet:
736 1746 780 1822 Si
789 1750 1101 1849 propterslerilita·
1125 1756 1193 1840 iis,
1224 1756 1281 1853 qui
1297 1755 1401 1856 smal
1422 1765 1540 1828 contra
1561 1753 1747 1828 conditoris
1773 1751 1937 1826 decretum

277 1865 347 1928 &m
367 1850 511 1926 mclii
537 1846 985 1945 ⁰⁶⁰”lltgl⁰‚,stcl“‘l¹⁴⁹tl¹tr‚
1013 1846 1102 1922 mul*
1117 1851 1223 1956 stmul
1249 1866 1367 1928 contra
1385 1867 1515 1929 nature
1541 1852 1645 1948 legem
1669 1855 1935 1949 conjunguntur,

278 1953 327 2028 tis
343 1953 448 2026 etiam
470 1947 555 2024 aliis
576 1950 769 2045 conjugium
803 1947 962 2022 interdici
985 1927 1098 2036 debet,
1124 1952 1238 2030 locum
1258 1950 1438 2052 habenti)
1459 1953 1540 2052 quid
1554 1951 1705 2028 Paulam
1720 1957 1755 2025 in
1770 1948 1939 2048 adprobo·

279 2077 353 2127 aaa
380 2075 449 2125 Μ
473 2073 608 2134 omues,
642 2050 823 2144 quicunque
847 2050 885 2128 ia
904 2050 1098 2143 conjugium
1124 2054 1246 2129 tionem
1261 2053 1390 2130 calibis
1407 2053 1459 2127 tui
1478 2049 1518 2128 db
1535 2053 1709 2150 peregrini
1726 2050 1938 2124 matrimonii

282 2163 417 2237 ‘malr
473 2149 612 2248 atificos
624 2147 663 2244 si
683 2151 849 2248 praeslent.
898 2147 1095 2237 Respondet
1122 2152 1294 2250 adsumere
1316 2153 1446 2228 arides?
1472 2153 1582 2249 (quod
1588 2155 1620 2254 st
1635 2152 1689 2225 ael
1703 2152 1852 2224 maxime
1864 2149 1938 2244 qui·

241 2337 244 2342 Ι
278 2257 363 2328 Leo:
449 2251 563 2347 ametfi
587 2247 696 2321 nullus
716 2272 760 2320 ex
784 2248 828 2321 iis
841 2245 949 2340 satus
971 2248 1098 2342 gi‘gno·
1122 2254 1202 2326 dam
1227 2255 1385 2338 eunuchi,
1410 2250 1529 2352 quibus
1548 2249 1681 2350 scilicet
1701 2263 1732 2325 te
1760 2251 1841 2324 iculi
1861 2272 1939 2322 exe·

280 2363 352 2436 ΝΥ,
376 2346 697 2425 nontameninltoc
717 2347 917 2442 congregali
928 2343 1034 2441 sttttl,
1058 2371 1097 2418 nc
1121 2355 1194 2442 Hi,
1234 2354 1394 2450 congredi
1423 2378 1495 2424 cum
1523 2375 1628 2426 uxore
1653 2255 1796 2450 posticis,
1826 2361 1936 2422 samm

280 2473 377 2550 mam
402 2448 570 2523 communi
590 2447 672 2519 uita
691 2444 876 2518 utilitatem
902 2443 1097 2540 conjugalis
1121 2457 1322 2527 commixtio
1341 2453 1548 2526 tharentum
1569 2449 1675 2552 abest,
1698 2462 1736 2522 ue
1759 2448 1937 2524 libidinem

281 2551 406 2650 rapula
428 2548 626 2644 refirma,
644 2570 717 2617 cam
735 2547 857 2642 'polius
877 2558 995 2618 watra
1016 2568 1097 2641 pta·
1120 2554 1342 2650 eorslingaat,
1374 2564 1412 2626 ut
1434 2551 1581 2625 eamdem
1599 2551 1714 2648 potius
1736 2550 1771 2621 in
1787 2549 1938 2643 semina

284 2644 859 2743 creandorumlibcrorumdesderio
872 2655 1096 2741 congregator
1119 2655 1320 2744 accendat.)
1371 2657 1472 2724 Unde
1487 2656 1620 2724 tandem
1641 2649 1699 2721 sub
1716 2675 1822 2738 poenae
1843 2671 1936 2720 com.

282 2753 422 2852 masiel,
439 2742 678 2846 quatefftllum
692 2745 850 2840 desdcrio
864 2741 1094 2842 responsurum
1120 2755 1302 2824 minatione
1326 2751 1556 2824 eunuehorum
1577 2751 1707 2836 nuptiis
1728 2746 1788 2839 ipsi
1810 2769 1936 2818 rntnrae

231 2905 235 2944 ;
286 2855 462 2950 opinantes
478 2849 514 2921 in
527 2856 643 2919 euentu
653 2843 731 2942 spes
741 2843 925 2940 fefellerit,
949 2843 1005 2915 hic
1019 2866 1096 2918 uero
1121 2849 1271 2925 adversos
1286 2857 1352 2922 Leo
1368 2848 1542 2939 prohibet,
1562 2848 1831 2918 constitutionem
1845 2843 1935 2916 suain

231 2955 235 3020 t
282 2963 320 3024 nt
340 2944 562 3044 catcatiqnnt
574 2946 644 3019 dici
657 2943 773 3043 nofflb
812 2941 1016 3041 permultum
1037 2940 1097 3016 ab·
1122 2950 1163 3023 fic
1180 2949 1399 3024 concludens:
1457 2945 1642 3044 Propterea
1651 2943 1845 3042 sancimus,
1878 2953 1935 3030 ue,

283 3053 342 3152 est,
367 3073 442 3121 “tm
459 3047 518 3144 Μ
534 3043 581 3118 ad
592 3045 805 3142 peregrinam
822 3045 915 3117 illam
932 3044 1097 3116 commix-
1115 3051 1149 3150 fi
1165 3053 1241 3148 quir
1256 3046 1474 3122 eunuchorum
1490 3048 1537 3118 ad
1554 3045 1807 3119 matrimonium
1824 3065 1939 3140 proce-

281 3153 403 3224 tionem
438 3154 690 3230 conuenerunt,
738 3142 867 3240 liquido
889 3139 1033 3240 scienter
1057 3139 1097 3238 se
1121 3150 1197 3222 dere
1222 3147 1464 3247 comperiatur,
1492 3142 1533 3220 ες
1555 3142 1742 3245 ῑρρρμρή
1751 3163 1856 3241 pffnae
1878 3139 1937 3214 ob.

252 3299 256 3306 .
275 3248 405 3352 smiles
420 3245 515 3320 acad
525 3243 733 3342 gignendum
748 3243 884 3317 inutiles
900 3242 1095 3328 conuenire,
1120 3250 1245 3323 noxius
1251 3251 1320 3346 stt,
1349 3243 1390 3321 εἰ
1404 3248 1462 3342 qni
1476 3243 1635 3342 sacerdos
1655 3242 1841 3359 istiusmodi
1860 3265 1937 3315 con·

284 3359 417 3422 natura
442 3347 535 3446 quast
559 3341 713 3440 insidiati
727 3345 807 3442 snt.
867 3338 923 3414 At
945 3340 1031 3440 sane
1055 3339 1097 3414 ob
1116 3350 1319 3447 junilionem
1355 3345 1539 3444 profanato
1569 3342 1745 3443 sacrificio
1781 3341 1937 3440 perficere

283 3447 341 3524 hac
361 3447 538 3521 duntaxat
552 3443 632 3520 0le
650 3445 753 3517 ellam
773 3441 871 3516 amlw
888 3439 1096 3539 digaisunlt
1121 3447 1222 3546 ausus
1237 3447 1367 3544 suerit,
1385 3442 1597 3542 sacerdotali
1608 3441 1779 3538 dignitate
1795 3441 1937 3514 denude-

280 3547 420 3632 mulier,
441 3543 531 3642 q¹t⁰d
548 3565 622 3616 Cam
639 3541 831 3639 conjugatis
848 3539 1099 3639 consuetudinis
1123 3553 1201 3636 tue)
1227 3546 1271 3638 (st
1297 3545 1417 3617 scillcet
1437 3540 1538 3617 sciens
1560 3569 1598 3615 ae
1620 3547 1769 3632 prudens
1788 3543 1821 3611 id
1846 3537 1935 3612 feee-

282 3645 405 3745 eupida
418 3641 629 3740 secundose
639 3648 780 3739 jungere
801 3639 973 3740 potuisti,
1001 3640 1098 3732 lasa·
1123 3653 1199 3736 rit.)
1250 3651 1297 3718 Ex
1313 3668 1380 3732 quo
1401 3642 1496 3716 facile
1514 3646 1669 3733 adpetet,
1695 3642 1774 3729 quid
1797 3633 1935 3726 respon·

231 3805 235 3842 :
284 3747 426 3822 eundum
455 3741 499 3818 θ’
513 3742 662 3845 sterilem
678 3741 896 3840 pratalttilt
932 3739 1100 3814 eunuchus
1122 3749 1270 3820 dendum
1289 3741 1327 3814 fit
1351 3745 1394 3813 ed
1413 3744 1643 3831 quaestionem:
1668 3765 1710 3812 on
1737 3742 1935 3828 permitten-

231 3861 235 3866 '
283 3869 379 3926 ocra,
399 3841 501 3941 quod,
518 3851 558 3916 vl
575 3843 752 3914 intactum
777 3838 946 3914 Dominus
964 3837 1099 3913 beatii-
1122 3849 1203 3918 duni
1226 3842 1262 3914 sn
1278 3841 1436 3926 mulieri,
1464 3861 1501 3912 ut
1522 3839 1675 3912 eunucho
1694 3836 1822 3910 nuber?
1844 3841 1935 3926 quod

231 4007 234 4014 .
284 3955 398 4026 cerel,
431 3943 629 4040 impotentia
646 3938 715 4039 saa
738 3939 897 4037 efficerit.
957 3935 1000 4012 Si
1025 3939 1099 4034 qais
1122 3947 1211 4017 enim
1230 3943 1405 4030 praeceptis
1426 3939 1541 4030 legum
1569 3949 1603 4012 δι
1630 3936 1687 4009 lini
1708 3939 1855 4027 conjugii
1877 3941 1935 4008 ud·

231 4071 234 4076 ·
280 4067 385 4144 porra
406 4041 580 4140 santium,
608 4065 653 4114 ex
673 4063 735 4137 quo
757 4039 849 4114 alias
872 4039 999 4135 aliquit
1019 4036 1101 4131 sru·
1126 4042 1293 4123 versetur,
1321 4050 1354 4113 &
1378 4063 1538 4129 magnum
1554 4033 1663 4110 secum
1685 4038 1786 4107 trahit
1803 4038 1936 4124 pericu·

283 4145 351 4220 Rus
375 4153 500 4226 arelat,
525 4143 632 4242 'croslet
658 4138 699 4213 ὅ
722 4139 883 4213 incultum
907 4139 1099 4234 relinquat,
1125 4141 1214 4222 lum,
1232 4165 1273 4211 ne
1287 4141 1320 4208 in
1334 4136 1487 4208 adulterii
1501 4158 1674 4226 peecatum
1690 4132 1825 4204 foemine
1844 4136 1939 4221 post--

283 4257 320 4320 at
342 4265 411 4318 aaa
433 4241 519 4316 haut
542 4251 701 4337 tanquam
722 4239 848 4312 malum
871 4243 968 4334 abisue
986 4237 1102 4332 perui·
1125 4245 1262 4312 modum
1290 4234 1511 4326 prolabatur,
1551 4236 1585 4304 id
1615 4236 1646 4304 ei
1670 4234 1935 4322 permittendum

285 4341 410 4444 ciosum
425 4341 503 4416 odio
518 4337 684 4426 hahemus,
699 4338 967 4440 estcrqcte,stfteri
978 4337 1100 4435 potest,
1125 4363 1192 4410 nun
1216 4334 1303 4418 effe,
1337 4332 1476 4419 quilibet
1506 4332 1751 4402 animaduertit.
1816 4332 1935 4401 Biden-

285 4445 476 4548 inslitutum
499 4443 736 4538 reprimemur;
761 4437 926 4522 illimem,
950 4435 1102 4532 quisun—
1125 4433 1261 4509 baebius
1283 4433 1418 4521 quidem
1441 4432 1475 4501 in
1501 4429 1576 4502 libr.
1606 4433 1662 4504 de¹
1678 4422 1763 4500 caus.
1787 4430 1933 4502 mettim.

283 4539 381 4630 dum,
401 4567 446 4616 ex
485 4563 526 4614 ao
543 4543 675 4615 ratione
687 4539 867 4634 praebitum
879 4559 1012 4634 germen
1022 4533 1100 4632 pul·
1126 4560 1204 4627 pag.
1225 4557 1300 4606 102.
1317 4551 1491 4614 memoret,
1505 4531 1538 4600 in
1556 4525 1937 4606 confistorioWirtemb.

285 4645 387 4732 litlel,
409 4565 540 4740 desqalal
557 4638 598 4713 fl
613 4639 766 4714 inutilem
781 4639 916 4718 recidit,
940 4647 1100 4732 tanquam
1127 4640 1267 4725 22.Jun.
1283 4656 1369 4704 enno
1386 4636 1484 4716 1596.
1501 4639 1601 4713 &aa
1612 4634 1712 4700 Meet.
1727 4652 1814 4698 enno
1831 4654 1932 4718 ¹599·

284 4743 375 4832 nihil
388 4741 612 4896 indipnitatir
625 4742 836 4824 committat,
856 4738 893 4809 id
897 4735 1015 4830 sarcre
1026 4758 1101 4831 per·
1126 4728 1317 4824 permissum
1341 4725 1433 4801 fuitl'e
1453 4727 1665 4840 mulieribus,
1694 4746 1730 4797 ut
1751 4723 1935 4816 frigidis&

284 4847 470 4920 mittemur.
507 4842 671 4913 Posterior
683 4839 828 4928 objeuio
845 4837 887 4908 fic
904 4837 1100 4906 instituitur:
1126 4829 1366 4921 impotentibus
1385 4826 1569 4911 nuberent,
1595 4852 1671 4898 cum
1690 4821 1812 4916 Abisag
1832 4831 1934 4898 Sunu-

285 4942 421 5022 Paulus
432 4940 600 5043 aposlolus
613 4940 740 5036 lnquit,
761 4935 1014 5011 matrimonium
1024 4957 1101 5005 con·
1125 4935 1213 5003 mitis
1244 4929 1367 5001 Dividi
1394 4921 1424 4996 se
1450 4922 1606 4997 adtocieri
1639 4923 1739 4995 fuerit
1767 4921 1880 5015 pella,
1913 4949 1934 4996 α

284 5041 444 5130 trahere,
475 5064 574 5139 quam
597 5042 653 5113 uri
674 5037 789 5136 satius
810 5040 875 5138 esi,
900 5044 1102 5130 quapropter
1126 5057 1192 5120 quo
1214 5051 1325 5099 tamen
1354 5028 1489 5095 nonest
1519 5025 1661 5114 cognite.
1713 5027 1775 5095 Sed
1804 5023 1935 5112 prestat

283 5141 459 5224 naturalis
476 5141 631 5234 ,arvern
646 5138 926 5238 contemplatione
946 5131 1006 5210 illa
1025 5155 1103 5210 con·
1126 5129 1291 5221 ejusmodi
1311 5123 1466 5199 mulieres
1489 5125 1640 5221 graviter
1658 5144 1812 5210 mouere,
1835 5145 1877 5192 ne
1898 5123 1950 5194 in-

338 5241 434 5322 Toni.
448 5241 542 5319 XV.
1177 5235 1250 5322 Gg
1826 5223 1938 5316 puni.

2158 600 2176 640 Ι
