4884 5984
360 483 429 562 nc
478 471 628 550 roevs
655 472 785 548 tortu.
810 473 909 548 ent.
930 471 979 547 tt.
1006 467 1134 548 sect.
1158 473 1219 549 m.
1246 473 1357 549 aar.
1382 473 1427 550 u.
1452 469 1616 550 mmm
1640 425 1688 546 rt.
1724 433 1890 548 ruam
1918 472 1951 546 t.
2013 455 2015 459 ’

355 653 513 754 proferri
529 651 631 727 causa
646 651 770 750 possit,
798 677 878 750 quae
898 653 1028 752 aquali
1051 644 1168 728 omni·
1201 675 1293 730 mm.
1341 655 1431 728 Duae
1445 653 1514 729 illae
1536 652 1680 726 divortii
1703 647 1853 724 causaea
1874 647 2012 742 chrisio

356 779 404 827 no
421 755 558 826 ratione
570 751 684 848 ipsam
701 753 924 825 matrimonii
940 751 1167 827 substantiam
1203 761 1238 828 &
1257 752 1412 849 apostolo
1427 755 1614 850 adsignatae
1634 751 1831 824 excludunt
1851 751 2010 845 reliquas

357 850 575 939 labesasiet,
601 849 711 924 fidem
738 852 966 948 coniugalem
995 872 1166 940 enervet,
1202 873 1357 938 omnes,
1385 875 1464 946 quae
1482 853 1613 947 quovis
1634 868 1813 944 praetextu
1832 847 1877 922 ab
1897 849 2020 928 homi,

356 975 400 1026 ac
427 951 602 1024 unitatem
630 951 749 1022 carnis
773 947 954 1021 discindat.
1004 949 1058 1020 Ex
1087 951 1181 1044 qui.
1203 949 1310 1028 nibus
1325 951 1585 1049 adiungunmr.
1635 943 2008 1032 Caererumutdostri-

358 1050 427 1134 bus
446 1045 615 1120 omnibus
637 1045 863 1120 manifestum
883 1048 1025 1135 evadit,
1051 1045 1167 1120 solum
1202 1070 1249 1120 na
1266 1048 1444 1134 decausis¹
1460 1047 1607 1121 divortii
1627 1046 1665 1118 stt
1680 1043 1880 1133 illustrior,
1904 1044 2006 1140 paulo

359 1158 394 1223 δι
417 1148 570 1222 unicum
599 1143 817 1220 adulterium
837 1147 988 1226 ,divortii
1010 1145 1166 1222 faciendi
1200 1146 1307 1218 latius
1322 1145 1554 1219 trasiabimus
1579 1146 1624 1238 1.)
1642 1147 1685 1215 de
1698 1144 1885 1222 adulterio,
1910 1143 2019 1236 adde,
2053 1167 2054 1212 t

244 1301 247 1305 -
359 1246 501 1322 causam
517 1267 539 1316 a
560 1241 694 1316 Clt‘risto
712 1241 893 1332 conslitui,
927 1245 986 1316 cui
1001 1266 1073 1337 quo
1091 1241 1164 1340 sen·
1199 1244 1390 1337 desertione,
1418 1247 1468 1338 3.)
1495 1246 1538 1316 de
1552 1243 1681 1338 reliquis
1689 1241 1804 1339 trufis,
1818 1264 1902 1335 quae
1916 1241 2006 1311 adul·

357 1345 397 1419 su
420 1354 453 1418 δι
477 1341 639 1437 resposiu
665 1341 842 1436 apostolus
866 1342 1078 1414 malitiosam
1105 1345 1164 1414 do·
1199 1346 1290 1416 totio
1308 1351 1342 1416 δι
1357 1340 1595 1430 desertipniin
1609 1346 1675 1412 hac
1691 1343 1734 1412 de
1749 1341 2004 1431 divortioquae·

356 1442 548 1518 senionem
570 1441 702 1530 addat,
731 1441 805 1516 iam
831 1463 912 1516 ante
936 1439 1007 1514 suit
1030 1439 1165 1537 exposi-
1199 1439 1310 1516 stione
1329 1443 1589 1539 coniungendae
1603 1439 1647 1514 ab
1663 1439 1744 1548 aliis
1764 1435 1964 1550 censentur·

1012 1647 1366 1724 tuomst.
1496 1745 1499 1752 Ι

868 1827 961 1916 nu
1012 1769 1495 1952 ..roverate-td
1658 1833 1660 1837 ·

706 2049 738 2127 §.
771 2034 896 2113 DCXL
955 2039 1170 2114 Adulterium
1200 2038 1286 2142 pai,
1312 2041 1349 2112 id
1368 2039 1415 2112 est
1430 2025 1704 2133 ,corruptiorem
1726 2031 1920 2130 adpellunt,
1944 2027 2018 2118 etto'·¹

378 2141 565 2210 Adulterium.
634 2134 700 2212 esse
715 2137 794 2210 iusti
809 2160 850 2210 ac
872 2140 1028 2236 legitimi
1047 2141 1167 2211 divor·
1200 2139 1380 2234 dostiiieet
1402 2138 1439 2212 stt
1463 2139 1576 2212 libera
1600 2185 1612 2224 ,
1638 2157 1679 2208 ac
1702 2133 1847 2207 honeste
1877 2138 1929 2218 ,εἴ
1949 2157 2012 2218 ¹nor
2053 2209 2054 2214 ,

632 2239 676 2309 tii
693 2235 864 2325 causam,
892 2261 937 2310 ex
965 2235 1099 2310 Matth.
1120 2235 1167 2309 V.
1200 2262 1291 2310 more
1309 2240 1484 2308 meretricii
1507 2241 1632 2309 vivum.
1658 2239 1682 2307 l.
1700 2233 1878 2329 sluprum.
1900 2253 1961 2328 34.
1975 2232 2009 2318 ff·
2052 2245 2054 2254 ·

359 2355 419 2426 32.
443 2335 539 2408 XIX.
553 2358 588 2426 9.
610 2333 889 2408 demonstratum
906 2336 975 2411 fuit
992 2334 1165 2430 superius.
1202 2339 1341 2409 eodem.
1350 2338 1381 2407 Ι1.
1401 2336 1496 2420 inter
1507 2334 1682 2429 stuprum.
1701 2355 1781 2406 101.
1802 2331 1841 2403 ff.
1858 2333 1902 2412 de
1921 2330 1967 2402 V.
1971 2331 2016 2416 §f

358 2435 414 2509 De
437 2438 515 2509 iure
542 2435 655 2531 igitur
674 2436 781 2502 divim
805 2436 905 2506 nulla
930 2436 1088 2528 amplius
1112 2429 1166 2504 su·
1200 2436 1297 2530 Ergo
1309 2434 1503 2514 secundum
1513 2433 1683 2516 iuscivile
1693 2433 2016 2518 adulterinarum,

357 2533 473 2631 petest
502 2533 688 2604 dubitatio.
737 2531 797 2603 lus
821 2533 908 2602 ciuile
927 2535 1020 2605 inter
1046 2527 1165 2601 causas
1203 2555 1315 2626 quam
1350 2534 1586 2606 committitur
1620 2526 1780 2626 respesiu
1801 2530 1876 2600 viri
1897 2573 1918 2616 ,-
1946 2527 2010 2600 sive

359 2632 506 2707 divortii
532 2632 658 2702 itidem
689 2651 855 2703 numerat
881 2630 1111 2703 adulterium.
1139 2628 1165 2699 l.
1203 2633 1310 2702 coniu
1341 2650 1418 2702 ants
1438 2629 1497 2717 stt,
1524 2628 1769 2716 srvecoelebs,
1792 2625 2011 2700 redeuntum

359 2728 538 2804 consensu.
559 2730 584 2802 l.
601 2739 635 2810 8.
657 2725 696 2800 C.
714 2730 757 2800 de
772 2731 897 2823 repud.
925 2728 1007 2802 lure
1020 2727 1167 2798 canonico
1202 2653 1363 2823 respegu
1373 2730 1511 2801 uxoris.
1545 2727 1691 2809 ‚Sienim
1702 2726 1922 2822 coniugatus
1937 2737 2018 2796 retu·

357 2830 501 2904 licitum
524 2825 571 2899 esl
585 2846 734 2921 propter
749 2827 966 2900 adulterium
981 2825 1168 2921 separatio·
1202 2825 1308 2899 habet
1323 2849 1407 2912 curn
1427 2826 1599 2921 virgine,
1622 2827 1683 2898 vel
1699 2825 1838 2911 vidua,
1860 2825 1923 2898 vel
1942 2843 2021 2896 me.

255 2982 257 2986 -
359 2948 446 2998 nem
471 2925 683 3012 instituere,
708 2923 765 2996 sed
794 2944 933 2998 tantum
953 2927 1073 3018 quoad
1090 2924 1167 2994 tiro·
1202 2926 1352 3012 tetrice,
1375 2925 1521 3018 proprie
1536 2923 1732 2997 secundum
1746 2924 1804 3002 ius
1820 2923 1930 2994 civile
1943 2941 2012 2992 nott

360 3021 905 3120 rum&cohabitationem,non
917 3043 1036 3095 autern
1046 3021 1167 3115 quoad
1202 3024 1394 3095 committit
1416 3024 1664 3115 adulterium,
1692 3042 1771 3096 mm
1795 3021 1885 3114 quia
1908 3021 2012 3106 adal-

359 3123 575 3210 vinculum,
601 3142 719 3214 neque
738 3123 836 3193 enim
852 3120 1032 3196 innocenti
1049 3120 1093 3190 ad
1119 3115 1167 3189 se·
1200 3123 1314 3194 terius
1333 3123 1487 3192 thorum
1517 3142 1590 3194 non
1615 3121 1778 3209 accedit,
1808 3118 2014 3214 (siquidem

361 3223 496 3294 cundas
516 3219 659 3314 nuptias
679 3217 824 3290 vivente
847 3220 1008 3292 adultero
1031 3217 1091 3287 vel
1105 3216 1166 3287 ad·
1201 3222 1327 3290 tltorus
1354 3217 1416 3290 soli
1438 3220 1518 3294 viro
1541 3217 1778 3306 adscribimr,
1802 3217 1958 3313 perinde
1974 3233 2013 3288 ut

634 3315 1037 3390 ulteratranstrefasest.
1065 3316 1167 3400 Quae-
1202 3315 1764 3409 domiciliuml.Mulierempff.
1777 3318 1821 3388 de
1834 3313 2011 3411 rinnupt.)

359 3414 409 3514 I.)
432 3413 517 3502 Qum
535 3433 586 3511 prr
636 3418 728 3487 titur
750 3436 870 3488 autem
896 3416 938 3509 l.)
960 3397 1049 3509 Quid
1070 3412 1166 3482 ndul-
1201 3435 1280 3486 tum
1310 3417 1497 3508 quianon
1534 3417 1733 3509 corrumpit
1753 3417 1914 3487 alienam
1939 3433 2012 3485 ma-

380 3497 573 3594 eltudpmprre
634 3516 707 3583 terit'
724 3517 849 3584 tramitte
864 3518 997 3606 proprie
1009 3513 1166 3608 t’tttest't'gu-
1200 3512 1492 3599 tremsamiliaS,
1519 3536 1597 3586 tum
1620 3516 1706 3608 quia
1730 3533 1878 3609 partum
1904 3535 1950 3584 ex
1964 3511 2012 3586 al·

381 3577 564 3657 ''¹²‘mgmr'
633 3625 711 3688 tor,
728 3618 855 3707 qtmndo
868 3615 1042 3683 illudimur
1057 3610 1169 3704 muster
1203 3632 1279 3683 tero
1301 3633 1514 3708 conceptum
1539 3635 1611 3684 non
1640 3612 1817 3706 supponit.
1873 3611 1912 3684 Si
1925 3632 2011 3683 vero

621 3712 769 3805 faciendi
788 3715 922 3784 divortii
945 3706 1179 3782 uerteretur?-
1203 3733 1288 3782 cum
1311 3713 1475 3782 maritata
1499 3734 1576 3783 rem
1600 3710 1737 3796 habet,
1762 3731 1843 3781 tum
1863 3712 2011 3782 demum

359 3812 402 3882 ln
424 3810 501 3878 iuro
523 3811 621 3881 civili
641 3811 807 3886 adulterii
830 3833 962 3880 nomon
977 3812 1086 3882 nimis
1089 3807 1169 3902 stri·
1203 3811 1422 3881 adulterium
1445 3812 1668 3884 committere
1690 3812 1833 3882 dicitur.
1884 3809 1955 3880 Sed
1979 3828 2011 3878 e-

362 3910 409 3982 lie
429 3904 621 4002 usurpatur
632 3931 699 4003 pro
714 3909 908 3980 violatione
930 3911 1022 3979 thori
1038 3909 1168 3996 alieni,
1202 3909 1281 3978 nirn
1311 3909 1478 4004 quamvis
1508 3912 1658 4002 gravius
1688 3926 1813 4004 peccet
1841 3907 2011 4003 coniuga-

361 4010 458 4082 undo
476 4006 594 4078 Festus
608 4007 669 4078 lib.
687 4007 714 4076 l.
734 4008 826 4102 orig.
843 4008 931 4077 illud
950 4006 1086 4079 disium
1104 4030 1170 4099 pu·
1203 4025 1289 4094 nts,
1319 4009 1384 4100 qui
1403 4029 1487 4078 cum
1503 4010 1688 4104 maritata,
1716 4027 1829 4101 quam
1847 4007 1914 4100 qui
1931 4025 2010 4077 eum

359 4128 410 4180 tat
433 4154 446 4191 ,
470 4105 562 4197 qu‘ttss
587 4109 630 4173 ad
658 4105 792 4176 asterites
816 4106 944 4175 tltotttttt
963 4107 1011 4202 fit
1038 4106 1167 4197 urctffio.
1203 4102 1316 4177 soluta
1336 4105 1549 4194 remltabot,
1577 4127 1656 4178 tum
1670 4107 1756 4200 quia
1773 4106 1952 4178 iniuriam
1964 4103 2009 4177 fa·

362 4203 619 4297 Trypitoninus
644 4204 681 4272 in
701 4203 726 4272 l.
748 4203 936 4296 fugitivus.
957 4221 1039 4296 225.
1062 4203 1099 4274 ff.
1125 4205 1167 4274 de
1204 4204 1252 4274 cit
1268 4204 1438 4275 maritata
1456 4206 1559 4290 viro,
1575 4225 1653 4278 turn
1668 4206 1753 4299 quia
1768 4204 1918 4285 mulieri
1933 4225 2008 4275 cau

362 4302 408 4373 V.
426 4302 461 4371 S.
478 4300 681 4372 adulterum
705 4300 854 4389 definit,
881 4307 935 4397 qui
955 4305 1170 4386 alienornmo·
1203 4299 1277 4374 sam
1294 4301 1427 4396 ptaebet
1444 4326 1516 4374 non
1540 4303 1707 4398 simplicis
1734 4301 2007 4386 fornicationis,

362 4414 444 4472 trem
448 4395 599 4494 fertilius
611 4405 797 4493 corrumpit.
845 4403 1059 4495 Papinianus
1075 4402 1099 4472 l.
1116 4403 1168 4472 in·
1203 4399 1261 4472 sed
1283 4402 1472 4488 adulterii,
1500 4422 1578 4474 tum
1593 4403 1680 4496 quia
1692 4403 1853 4476 alienum
1867 4421 2008 4496 partum

360 4519 416 4582 ter
432 4498 576 4571 liberas.
594 4502 627 4571 6.
644 4508 674 4584 §.
696 4522 728 4570 1.
743 4498 782 4570 ss.
802 4502 846 4571 ad
869 4502 893 4571 l.
916 4501 981 4572 lul.
1001 4502 1043 4574 de
1056 4502 1167 4571 adult.
1204 4497 1399 4594 supponit,
1426 4503 1523 4572 unde
1547 4499 1836 4571 delirium-illud
1860 4518 2007 4570 vocatur

361 4601 435 4672 Lete
451 4597 608 4693 stuprum
629 4596 675 4671 ἔθ’
696 4599 891 4670 adulterium
912 4599 1090 4693 promiscue
1119 4598 1167 4674 &7
1203 4602 1393 4670 adulterium
1420 4601 1561 4690 duplex,
1589 4599 1849 4693 Obrriurtrep;
1887 4619 2008 4692 quam·

363 4693 786 4799 xoruxptrtttrmirepor.
812 4696 943 4786 idest,
970 4700 1167 4797 aiustoeud·
1202 4700 1259 4770 vis
1279 4699 1387 4770 ctiam
1410 4701 1559 4794 gravius
1581 4719 1702 4792 pectet
1723 4698 1916 4786 maritata,
1934 4717 2007 4790 qun

238 4833 242 4840 ·
354 4797 478 4895 pellat,
491 4796 553 4888 sed
562 4799 693 4888 proprie
708 4798 902 4867 adulterium
922 4800 1069 4890 innupta
1085 4821 1168 4867 com-
1203 4817 1286 4865 cum
1305 4796 1518 4892 coniugato,
1546 4818 1657 4889 quam
1678 4818 1757 4889 quae
1783 4817 1869 4866 cum
1887 4794 2015 4881 coelibe¹

361 4899 507 4969 mittitur
518 4908 653 4988 propter
662 4912 801 4988 partum
819 4921 858 4967 ex
873 4897 974 4965 altero
986 4910 1167 4988 conceptum
1203 4892 1416 4983 consuescit,
1446 4894 1492 4965 ob
1510 4894 1628 4968 causas
1644 4897 1788 4966 easdem
1802 4897 1915 4965 modo
1928 4914 2009 4965 enu-

361 4993 526 5093 eompossto
542 4997 690 5071 nomine.
709 4995 861 5090 stuprum
877 4999 995 5064 veroin
1008 4998 1168 5091 virginem
1203 5012 1356 5064 metatos
1380 5042 1391 5078 ,
1417 5014 1537 5065 tamen
1560 4995 1727 5067 adulterii
1753 4993 1904 5072 nomine
1933 5012 2008 5062 cen·

359 5098 529 5171 uideamur
546 5097 757 5169 committitur
774 5147 788 5176 ,
816 5096 912 5200 quod
928 5094 1050 5200 ’Graeci
1077 5095 1171 5193 pito.
1202 5090 1306 5194 sunda
1337 5091 1384 5168 cst
1404 5097 1505 5166 ottrttt't
1522 5095 1630 5167 illicito
1654 5094 1841 5166 commixtio
1854 5089 2008 5186 personne

438 5271 453 5307 Ο
523 5237 525 5241 -
1902 5191 2008 5262 coniu-
