4884 5984
657 551 664 562 .
895 487 974 564 DE*
1010 481 1327 564 columne
1372 489 1455 556 ,Ἦ
1867 505 1911 584 t?

265 692 357 764 'men
372 684 479 761 dcco:
526 685 738 762 Camerarius
761 685 897 775 exponit
920 707 980 784 per
1006 706 1081 759 era·
1105 681 1144 756 tis
1163 701 1251 769 erre,
1277 683 1311 756 id
1337 681 1427 756 enim
1452 675 1574 762 sentire
1589 701 1718 782 pugnet
1739 708 1816 760 curn
1838 680 1915 756 sun·

258 783 418 888 pulsent
443 786 591 861 luxurie
616 797 777 860 tumorem
799 783 840 858 sl
860 783 1016 878 ols‘reenae
1035 784 1080 857 li·
1103 785 1276 856 dumentis.
1300 781 1401 872 poulo
1438 776 1585 871 superius
1615 783 1817 878 cdfignetis,
1857 781 1913 857 sed

257 883 396 960 didinis
420 885 659 960 titillationem.
731 882 846 958 Sensus
875 888 981 977 igitur
1008 885 1078 966 eli,
1102 895 1221 955 conten
1247 879 1413 980 Christum
1434 878 1633 958 lasciviendo
1657 895 1691 960 dt
1714 885 1912 956 luxuriando

257 987 356 1076 guod
374 983 454 1058 tolet
473 989 580 1060 viduet
605 981 742 1060 cucullus
765 995 800 1058 ει
820 985 1078 1056 abiectionem·
1101 982 1229 1056 nubere
1247 981 1344 1056 velle.
1396 977 1438 1076 b)
1453 983 1555 1076 Quod
1572 1009 1648 1056 cum
1670 984 1832 1056 deberent
1847 985 1910 1052 rni-

260 1085 312 1158 rir
332 1085 460 1171 divini,
491 1086 622 1176 pietatis
645 1086 834 1172 &pudoris
859 1081 994 1155 habenis
1015 1085 1078 1152 im·
1102 1081 1239 1156 nislrere
1259 1080 1464 1172 pauperibus
1484 1085 1689 1174 peregrinis,
1713 1081 1853 1156 edflidlis
1875 1089 1912 1154 dr

261 1182 357 1258 mni
377 1185 520 1270 quodum
549 1181 747 1262 insolentia,
782 1178 1079 1270 petulantiuoelt·
1102 1182 1266 1270 egrotis,
1300 1177 1377 1270 ipsu
1396 1177 1532 1254 abieuis
1554 1179 1650 1253 hotius
1674 1181 1845 1254 ministerii
1863 1175 1913 1250 sui

264 1279 368 1354 sciria
394 1280 564 1354 luxuriare
588 1281 739 1360 fuerint,
774 1277 901 1376 (quum
923 1275 987 1352 elle
1008 1281 1078 1352 vim
1101 1273 1218 1353 officiis
1244 1275 1361 1376 otiosae
1394 1281 1610 1354 circuiverint
1631 1278 1774 1362 dornor,
1803 1307 1836 1354 v.
1857 1299 1911 1366 rg.

264 1379 368 1452 liuius
391 1377 485 1451 uerbi
514 1379 685 1472 colligitur
711 1404 750 1450 ex
768 1403 789 1452 2
805 1383 892 1469 Reg.
910 1374 1004 1449 XlX.
1020 1387 1077 1472 κβ.
1101 1401 1167 1462 que
1190 1381 1319 1454 ratione
1339 1401 1407 1452 non
1429 1375 1533 1452 solum
1556 1377 1752 1472 grruiffimo
1773 1396 1913 1468 peccato

263 1473 351 1552 Elui.
368 1476 552 1552 XXXVII.
568 1499 625 1566 29.
660 1481 767 1566 Apoc.
791 1473 928 1550 Xlslll.
955 1495 989 1564 7.
1013 1477 1078 1568 9.)
1104 1472 1168 1550 sese
1185 1476 1436 1552 obstrinxerunt
1458 1503 1541 1578 opus
1558 1474 1707 1551 Domini
1721 1477 1780 1550 fibi
1800 1475 1842 1549 eb
1857 1498 1913 1546 ec·

257 1575 304 1650 z&
326 1579 463 1664 quidem
487 1579 575 1666 quod
600 1586 718 1649 contro
744 1570 912 1673 Christum
936 1572 1082 1646 lunniu-
1105 1571 1201 1648 cl'efie
1234 1575 1442 1650 commissum
1478 1578 1687 1673 negligenter
1715 1573 1912 1670 furientes:

257 1693 312 1748 re
331 1673 470 1748 suerint.
531 1673 675 1766 vulgatu
700 1673 871 1746 trrnslutio
896 1697 1014 1748 uocem
1034 1673 1082 1747 eri
1104 1677 1173 1764 Jer.
1194 1677 1363 1751 XLVlll.
1390 1697 1442 1749 ro.
1475 1676 1652 1751 sedetiam
1676 1673 1914 1749 tentationibus

267 1773 383 1871 χριςῖἱ
404 1775 446 1844 ed
470 1772 612 1846 verbum
633 1773 759 1844 nubere
777 1770 906 1846 referre
926 1772 1080 1861 videtur,
1105 1772 1277 1846 diabolicis
1292 1782 1340 1850 od
1358 1772 1523 1848 lascivium
1546 1786 1580 1852 dr
1604 1777 1821 1866 petulantium
1839 1770 1915 1842 soli·

264 1895 309 1946 ex
329 1895 397 1960 quo
422 1868 576 1961 perverse
602 1871 659 1942 illu
683 1875 916 1958 interpretatio
935 1873 1082 1960 postmo·
1104 1869 1282 1952 uirentibur
1309 1871 1375 1948 sele
1412 1876 1502 1948 ultro
1531 1871 1771 1964 exposuerint,
1807 1871 1915 1942 otium

267 1973 351 2044 dum
367 1989 461 2050 ortt,
480 1973 570 2057 quod
583 1970 691 2043 uiduae
706 1969 772 2044 illae
780 1994 841 2066 per
855 1981 969 2042 uotum
983 1963 1076 2061 Cleri-
1105 1971 1195 2041 enirn
1216 1969 1324 2046 somer
1344 1976 1390 2046 ell
1409 1974 1564 2047 libidinis.
1610 1983 1645 2064 e)
1668 1975 1771 2066 Quod
1788 1967 1915 2042 suerint

258 2071 316 2172 sto
345 2065 550 2164 desponsator
568 2068 728 2160 suerint,
771 2069 857 2140 urede
888 2064 1083 2142 damnabile
1105 2091 1173 2140 non
1193 2067 1299 2144 solum
1323 2077 1365 2143 od
1386 2070 1511 2145 bonurn
1534 2067 1660 2155 otiose,
1686 2071 1739 2142 led
1757 2070 1857 2141 etiem
1873 2068 1915 2139 ed

259 2167 353 2270 e'pfie
370 2167 504 2266 suerit,
534 2169 661 2240 morito
683 2165 822 2240 mortali
848 2167 967 2243 nubere
991 2165 1080 2241 uelle.
1106 2165 1231 2242 melnen
1249 2165 1448 2262 negotiose,
1476 2171 1593 2261 utpote
1609 2166 1785 2266 Φλῦαροι,
1807 2185 1919 2260 nugu-

269 2269 335 2364 sed
355 2273 492 2340 Graecus
514 2277 622 2338 textus
643 2265 813 2338 menifelle
827 2269 989 2346 ullendit,
1014 2291 1082 2338 non
1105 2290 1182 2354 cer,
1213 2265 1364 2364 sutiles,
1397 2268 1507 2341 uerbis
1533 2268 1686 2358 malignis
1712 2268 1917 2358 garrientes,

267 2367 314 2440 ed
333 2365 483 2464 pontiu,
511 2363 565 2437 sed
593 2368 634 2436 ed
656 2357 936 2470 eurdcgnndfur
951 2387 1080 2436 uocem
1093 2389 1126 2450 ·3
1147 2369 1225 2458 Jolt.
1243 2389 1275 2440 e.
1292 2363 1346 2440 roi
1367 2369 1480 2458 inepte
1502 2367 1675 2454 loquaces,
1700 2389 1739 2435 ee
1755 2365 1847 2436 velut
1864 2365 1917 2452 ip-

270 2465 326 2542 ςῢ,
338 2463 450 2566 xpus-ii
471 2465 663 2554 pertinere,
689 2486 727 2535 ut
750 2473 888 2552 tdperer
911 2485 953 2534 ex
977 2465 1081 2552 perti·
1106 2458 1139 2534 se
1154 2464 1326 2557 aposlolus
1339 2467 1493 2552 exponit,
1518 2464 1683 2560 loquentes
1693 2463 1746 2537 -rd
1763 2459 1813 2554 nel
1828 2452 1913 2540 llu-

270 2561 348 2636 tule
369 2559 496 2648 zared,
519 2571 570 2634 dr
594 2565 763 2650 quomodo
789 2559 976 2634 dumnolrile
1004 2557 1084 2634 esset
1102 2585 1172 2646 ro,
1197 2583 1265 2634 non
1287 2561 1456 2642 decentiae
1483 2561 1742 2658 Φλυαρολογία
1759 2560 1848 2632 enim
1868 2559 1917 2634 est

265 2659 469 2746 inpchrillo
503 2657 589 2733 velle
618 2660 770 2746 nubere,
810 2683 888 2730 cum
918 2657 1381 2756 apostolusnugitoqueneio,
1406 2683 1477 2748 que
1495 2683 1655 2748 quantum
1678 2659 1918 2746 firpcccctunn

264 2761 402 2835 reor.
424 2755 508 2830 Vll.
533 2781 590 2848 39.
616 2754 764 2845 expresse
787 2755 940 2837 adseret,
976 2755 1082 2830 viduo
1109 2759 1281 2850 colligitur
1303 2783 1345 2830 ex
1365 2761 1454 2832 didio
1477 2759 1600 2830 Chrilli
1622 2757 1743 2829 Motth.
1761 2753 1837 2828 XlI.
1862 2759 1917 2842 36.

270 2857 328 2933 cui
344 2854 540 2930 vultnuleut
562 2857 599 2929 in
615 2851 798 2928 Domino?
846 2850 963 2929 sensus
979 2857 1083 2946 igitur
1108 2853 1345 2934 Ducuntur
1389 2855 1477 2950 quod
1502 2857 1542 2929 de
1568 2856 1661 2928 omni
1687 2853 1786 2927 uerbo
1813 2851 1916 2950 ὀργᾷ

268 2953 348 3036 eu',
371 2952 473 3054 ¹quod
500 2965 617 3028 contro
645 2952 814 3058 Christum
839 2952 1083 3034 luxurientur,
1106 2953 1212 3050 otioso
1236 2955 1403 3030 reddituri
1423 2958 1495 3072 stret
1519 2953 1665 3031 leominer
1691 2955 1854 3028 rutionern
1879 2951 1916 3022 in
1964 3009 1966 3013 .
2044 2999 2049 3010 ·

263 3057 309 3128 -id
330 3055 403 3136 eli,
440 3056 627 3127 dodlrioom
652 3055 778 3128 Christi
809 3054 1253 3142 repudieverinr,·iudirio,·
1281 3065 1316 3128 &
1341 3053 1431 3126 Pauli
1458 3053 1541 3142 Eph.
1558 3053 1624 3127 lV.
1641 3078 1697 3144 29.
1716 3051 1793 3140 orric
1810 3045 1917 3147 λόγος

267 3155 364 3244 quod
398 3147 500 3225 fidem
525 3155 559 3224 in
586 3152 757 3228 Clrrillum
779 3155 994 3226 &timorem
1020 3154 1087 3222 Dei
1109 3153 1262 3254 σαπρὸς,
1296 3154 1405 3224 onrnir
1422 3149 1536 3248 sermo
1549 3153 1708 3250 putridus
1733 3148 1774 3225 ss
1793 3145 1919 3243 otiosus

263 3250 475 3331 obiecerint,
500 3255 684 3338 quodcum
705 3252 926 3342 abnegetione
948 3248 1025 3322 littei
1051 3259 1086 3322 δι
1110 3277 1177 3326 non
1198 3249 1360 3350 procedat
1387 3275 1431 3324 ex
1456 3274 1511 3322 ore
1539 3256 1668 3352 uestro,
1702 3247 1765 3345 sed
1797 3245 1919 3344 fiquie

264 3349 446 3442 religionis
464 3349 645 3421 christiane
663 3349 789 3422 nubere
812 3349 990 3420 voluerint.
1032 3355 1087 3416 ln·
1111 3351 1216 3425 bonne
1239 3349 1286 3422 ud
1308 3348 1562 3446 aedificationenr
1576 3351 1683 3448 fidei,
1713 3343 1818 3419 nedae
1837 3364 1921 3439 gru·

271 3446 438 3542 gerebant
465 3449 555 3519 enlm
581 3445 612 3520 se
631 3451 698 3518 istae
721 3451 850 3528 viduaer
876 3473 953 3518 cum
979 3443 1087 3516 adbuc
1110 3452 1196 3524 tium
1222 3447 1445 3522 audientibus.
1497 3456 1580 3522 ltenr
1598 3450 1687 3537 quod
1713 3442 1838 3516 luerint
1856 3469 1922 3517 nr-

268 3547 423 3638 juniores
441 3541 563 3627 ellent,
583 3549 619 3618 in
639 3545 819 3637 collegium
834 3549 1010 3618 viduorum
1030 3566 1086 3616 ec·
1109 3547 1232 3652 plepvyoe
1250 3545 1404 3642 curiosa,
1429 3539 1532 3642 penite
1547 3538 1794 3719 ipyefopeludt,
1812 3538 1921 3616 deind

270 3641 513 3741 desedicune,
551 3647 677 3716 recenti
702 3643 795 3714 lutlu
821 3645 868 3714 ob
888 3647 1085 3714 maritorum
1107 3639 1431 3750 πιρκργαζομέναι,
1460 3645 1611 3718 eThell'.
1655 3644 1696 3716 ll.
1731 3667 1785 3716 rr.
1809 3641 1843 3713 in
1860 3649 1921 3710 ne-

252 3741 405 3816 *ebitum
425 3764 614 3830 perunte,
645 3767 684 3814 ec
707 3740 833 3812 uiribus
855 3735 919 3812 suis
937 3744 1249 3820 nondum''celloriis
1268 3741 1395 3822 otiosae,
1417 3745 1451 3812 in
1474 3743 1544 3815 eliis
1563 3767 1629 3816 noo
1645 3741 1848 3816 clementinis
1862 3761 1921 3810 ott-

271 3837 351 3916 tetis
371 3839 568 3930 exploretis,
594 3867 633 3912 oc
649 3843 683 3910 in
703 3839 767 3911 hoc
784 3841 861 3909 vitae
881 3865 1005 3932 genere
1024 3836 1087 3910 sin-
1110 3839 1202 3916 ri'osae
1213 3839 1223 3923 ',
1256 3869 1329 3929 quae
1352 3845 1537 3940 περιεργία·
1551 3839 1777 3928 orannim-fit
1789 3871 1792 3880 ·
1805 3841 1922 3927 pecce-

248 3935 403 4032 ‘gulorir
419 3940 550 4027 pictoris
565 3936 806 4026 persuasionem
823 3936 881 4008 fibi
897 3937 1087 4030 fingebant3
1112 3964 1202 4024 tum,
1232 3939 1403 4032 colligitur
1418 3965 1456 4010 ex
1474 3944 1548 4013 Αᾶ.
1560 3939 1652 4012 ΧΙΧ,
1670 3965 1679 4012 ι
1689 3965 1722 4024 9.
1761 3935 1804 4030 d)
1819 3936 1924 4028 Quod

261 4035 332 4111 ded
347 4061 423 4108 cum
438 4039 548 4126 pollen
564 4040 886 4122 animadverterent,
912 4031 946 4108 se
960 4041 1087 4106 donum
1111 4038 1316 4114 occationem
1343 4041 1494 4110 dederint
1512 4035 1698 4111 edversario
1722 4033 1921 4106 rrerledicen⁴

271 4131 489 4210 continentie
517 4161 584 4207 non
605 4134 758 4214 hebere,
786 4129 839 4204 sed
861 4137 1009 4224 coniugii
1036 4160 1088 4204 re·
1112 4144 1146 4213 di
1174 4148 1210 4212 dc
1244 4135 1492 4226 blasphemandi
1522 4137 1687 4228 evangelii
1722 4134 1922 4206 doctrinan.

271 4235 390 4308 medio
413 4234 587 4324 indigere,
618 4259 661 4305 ne
689 4233 831 4304 levitatis
852 4243 887 4305 tc
905 4235 1089 4304 inconstnn-
1114 4245 1176 4311 Per
1190 4231 1480 4325 udedvteeelunou
1496 4231 1778 4327 poffuntintelligi
1796 4229 1850 4306 vel
1868 4231 1925 4300 td·

273 4335 331 4406 tie
359 4333 446 4428 inter
472 4334 665 4403 christianos
689 4354 903 4414 notarentur,
929 4329 952 4400 li
968 4331 1009 4402 ob
1032 4329 1090 4402 illo
1114 4330 1248 4407 versarii
1273 4358 1310 4403 ec
1331 4334 1438 4403 hostes
1460 4333 1628 4414 eccleliae,
1655 4354 1794 4405 numero
1815 4329 1926 4420 lingu-

274 4431 445 4502 vidui‘totie
466 4429 641 4520 proposito
663 4427 845 4508 resilirent,
873 4439 907 4501 δι
926 4453 965 4498 ex
985 4427 1086 4500 eccle·
1117 4433 1176 4504 lori
1213 4457 1276 4522 pro
1309 4431 1439 4522 plurali·
1460 4431 1592 4518 posito,
1634 4438 1712 4504 luc.
1742 4427 1839 4500 Xlll.
1870 4449 1923 4524 ιγ.

251 4529 401 4606 lerllico
427 4526 486 4604 illo
513 4530 695 4600 ministerio
717 4530 758 4598 od
790 4551 884 4598 cirros
911 4529 960 4597 rei
981 4529 1093 4614 priva·
1117 4529 1209 4604 XXI.
1232 4551 1284 4616 ις.
1314 4555 1325 4599 ι
1349 4533 1429 4604 Cor.
1446 4529 1542 4602 XVl.
1565 4555 1599 4616 9.
1632 4523 1925 4606 rTirn.l.10.'vel

274 4651 322 4702 τε
339 4651 380 4698 ec
398 4630 584 4701 domestice
604 4630 776 4708 redirent,
812 4621 945 4714 prorsus
967 4653 985 4696 a
1007 4621 1095 4695 chri·
1119 4629 1187 4717 ipse
1215 4627 1364 4699 diabolus
1383 4653 1483 4718 ugens
1507 4654 1568 4717 per
1596 4629 1671 4700 illue
1691 4649 1845 4712 tunquam
1866 4647 1928 4714 per

235 4721 444 4802 'ilioniltno
469 4723 667 4798 deficiebant
694 4724 747 4794 vel
771 4727 812 4794 ad
841 4719 1093 4816 gentilismum,
1118 4753 1262 4820 nrgnnn,
1284 4729 1338 4814 qui
1355 4729 1475 4798 dicitur
1489 4731 1596 4798 noller
1608 4717 1789 4812 deriderent,
1810 4747 1823 4798 1
1841 4725 1927 4797 l‘etr.

276 4825 336 4900 vel
357 4828 398 4896 ud
423 4822 738 4915 pseudoapostolos,
777 4826 833 4905 qui
859 4824 1012 4914 ereptione
1033 4823 1095 4894 du·
1123 4829 1169 4898 V.
1187 4837 1215 4905 8.
1239 4845 1382 4914 propter
1403 4829 1492 4914 quod
1512 4851 1633 4898 nomen
1655 4830 1777 4897 Sutonae
1797 4821 1855 4910 ipfi
1871 4825 1929 4892 do·

280 4923 405 5001 cebant
426 4921 640 4996 mulierculas
656 4915 910 5010 σεσωρευμένα
927 4923 1096 5016 percutis,
1121 4947 1203 4996 turn.
1268 4925 1441 5016 Quantum
1469 4949 1549 4995 vtro
1569 4946 1743 5013 peccorum
1771 4918 1808 4993 sut
1830 4919 1929 4994 holli-

273 5051 300 5102 2
316 5025 409 5096 Tim.
426 5019 487 5094 lll.
512 5032 547 5096 6.
575 5045 642 5110 que
666 5017 792 5090 notione
820 5045 885 5089 non
910 5019 1096 5092 ohliilututn
1122 5025 1182 5096 lus
1208 5021 1373 5112 evangelii
1406 5021 1609 5094 otcostonem
1637 5019 1857 5092 calumniandi
1881 5013 1929 5088 st·

274 5149 318 5198 ec
340 5124 468 5192 nudum
495 5121 579 5191 illud
602 5119 681 5194 velle
701 5116 820 5192 nubere
842 5119 1097 5212 damnabileip-
1122 5147 1198 5194 num
1215 5192 1218 5200 ,
1233 5123 1417 5194 dodlrinrur
1449 5119 1605 5198 exhibere
1621 5173 1658 5208 ,ae
1676 5115 1931 5208 colligi-nonest

288 5311 295 5322 Ι
341 5215 437 5298 ibn.
464 5215 577 5294 XVI.
700 5293 703 5297 ,
1173 5225 1207 5293 Η
1891 5243 1933 5293 ex
