4884 5984
309 595 310 606 p
357 504 432 600 ete
626 437 629 442 Ι
870 499 1021 572 totve
1043 501 1166 571 xxvi.
1215 496 1367 616 cloys
1390 500 1448 569 tx.
1488 511 1491 518 ·

367 709 426 790 mo
441 687 548 776 enim,
571 703 611 768 ut
627 688 723 764 dixit
740 688 877 787 quidam
889 689 1099 789 secularium
1116 689 1177 764 do·
1199 689 1252 780 lue,
1279 714 1377 789 quam
1393 688 1608 788 saltationes.
1677 689 1868 764 Ludovieue
1893 689 2014 778 viret.
2041 711 2043 718 ·

379 794 460 880 tior,
470 789 585 890 saltat
597 788 752 888 sobrius,
768 791 830 884 nis
847 790 904 886 qui
922 789 1060 887 insanit.
1077 785 1178 886 Quod
1200 795 1235 862 in
1248 792 1337 862 libro
1352 795 1393 864 de
1410 791 1546 862 institut.
1561 786 1690 864 soemin.
1703 788 1814 876 christ.
1828 787 1998 862 monimo·

374 895 409 995 st
430 892 536 988 juxta
555 888 762 988 saepientiam
776 885 961 984 secularem
975 887 1179 986 saltationis
1198 913 1276 987 pere
1291 888 1374 962 utile
1390 885 1449 985 ese
1467 890 1617 973 judicat,
1646 897 1684 959 ut
1703 887 1802 983 uirgo
1822 887 1874 972 ad
1885 883 1999 982 salta·

384 1001 446 1066 aut
465 988 658 1062 temulentia
678 985 793 1062 ousion
813 991 874 1088 esl,
904 999 966 1078 aut
989 986 1178 1073 dementia,
1202 990 1308 1061 tiones
1325 1013 1391 1060 non
1412 983 1585 1082 adsuescit.
1658 984 1785 1057 ibidem
1807 1005 2018 1064 memorat,-

370 1088 469 1188 ,quial
482 1087 676 1160 diuinarum
691 1083 944 1182 scripturarum
964 1097 1096 1158 cautum
1115 1110 1178 1182 pu-
1199 1089 1395 1184 peregrinos
1422 1081 1606 1178 aliquando
1627 1084 1663 1156 iu
1696 1078 1921 1156 Germaniam
1949 1105 2013 1154 ue·-

387 1183 693 1281 tamusexemplis,
710 1193 781 1254 cum
796 1176 1002 1282 Jolonues,
1025 1206 1183 1280 praenun·
1205 1181 1305 1282 uise‚
1334 1182 1374 1258 fs
1398 1208 1442 1258 ex
1463 1185 1645 1278 longinquo
1669 1179 1784 1278 vidise
1806 1179 1999 1280 incompos-

389 1281 460 1359 eius
481 1281 626 1378 Christi,
649 1279 846 1384 saltatricis
867 1283 1021 1376 opinione
1042 1282 1179 1378 jugulu-
1207 1285 1253 1358 tis
1273 1279 1617 1377 motibussaltautes,
1644 1281 1748 1357 itaut
1768 1282 2002 1378 muscumnan

387 1395 443 1456 tus
465 1381 616 1477 exemplo
630 1381 698 1477 st,
721 1381 800 1476 plus
825 1376 965 1476 naeuise
981 1377 1185 1475 saltationis
1207 1380 1385 1468 audirent,
1411 1380 1468 1476 qui
1489 1379 1706 1474 judicarunt,
1730 1379 1902 1475 peculiari
1927 1399 2001 1474 quo·

389 1479 598 1564 illecebram,
620 1497 719 1572 quam
732 1475 900 1573 sacrilegi
920 1478 1056 1572 suroris
1074 1501 1184 1550 amen·
1208 1482 1287 1554 alam
1302 1480 1439 1576 suroris
1454 1501 1570 1574 genere
1592 1476 1666 1551 illos
1689 1475 1877 1573 saltatores
1900 1497 2003 1550 eorre-

392 1573 513 1654 tiam?
539 1571 651 1673 Quid
674 1572 723 1648 ibi
748 1576 951 1650 uerecundia
974 1575 1035 1674 esi
1057 1588 1134 1673 pote
1174 1632 1184 1662 ,
1206 1591 1309 1677 ptos,
1338 1575 1470 1673 ideaque
1485 1577 1627 1674 propius
1645 1575 1795 1649 accedere
1810 1583 2003 1676 metuerunt.

390 1675 451 1750 uti
466 1674 631 1767 saltatur,
648 1675 834 1774 strepitur,
856 1671 1102 1771 concrepatur?
1158 1698 1185 1747 c.
1210 1679 1398 1754 Calviniani
1425 1676 1577 1769 plerique
1611 1700 1726 1748 omnen
1754 1679 1886 1765 penitae
1898 1697 2004 1766 repo·

399 1773 494 1872 Quid
508 1775 625 1847 dicitis
640 1794 699 1846 vos
708 1770 834 1868 santia
843 1771 1022 1866 sumina?
1046 1773 1186 1860 uidetis,
1211 1781 1302 1847 diant
1322 1786 1356 1850 δι
1378 1780 1535 1845 damnant
1561 1773 1722 1853 choreas,
1756 1796 1794 1846 nt
1819 1775 1947 1846 constet
1968 1793 2006 1844 tx

413 1873 473 1946 uid
482 1875 628 1956 ‚docere,
648 1872 729 1966 quid
741 1873 842 1945 etiarn
856 1871 1122 1968 dedocerefile'as
1134 1872 1189 1943 de·
1213 1873 1354 1947 Calvino
1370 1875 1403 1943 in
1417 1871 1541 1944 Matth.
1556 1877 1647 1945 xlv.
1673 1869 1744 1961 [ubi
1763 1897 1818 1944 ees
1835 1893 1935 1946 vocat
1958 1869 2007 1942 sa·

391 1901 510 2046 ieaefs.
562 1965 685 2053 Saltet,
702 1967 766 2066 sed
780 1968 941 2042 adultera
951 1970 1046 2066 filia.
1105 1966 1189 2066 Qua
1204 1971 1325 2068 seioiae
1347 1970 1540 2043 meretricia
1558 1975 1672 2069 notas]
1695 1975 1794 2043 Petro
1811 1970 2009 2052 Martyrein

392 2093 470 2145 uera
484 2067 632 2167 pudiea,
657 2089 728 2162 qua
748 2071 836 2168 casta
856 2092 872 2137 e
905 2121 914 2148 ‚
934 2064 1190 2164 filiossuasre·
1212 2065 1524 2160 libroJudic.XXl.
1547 2071 1664 2140 Aretio
1677 2091 1765 2155 part.
1783 2075 1823 2140 ll.
1841 2063 2007 2156 probleu.

394 2168 556 2264 ligionem
583 2167 725 2245 doceat.
753 2189 819 2238 non
861 2163 1070 2238 allationem.
1122 2175 1189 2238 Au·
1218 2172 1296 2259 169.
1331 2165 1515 2239 Gualthero
1540 2167 1575 2234 in
1604 2168 1712 2236 Marci
1737 2172 1795 2238 Vl.
1827 2166 2008 2256 augustin

394 2267 545 2359 'gustinus
566 2266 599 2335 in
628 2287 723 2335 conc.
752 2270 776 2337 Ι.
805 2262 922 2334 Palm.
944 2263 1085 2335 XXXII.
1119 2288 1190 2335 tne-
1213 2265 1419 2336 Matlorndio
1442 2267 1480 2344 in¹
1505 2263 1625 2335 Matth.
1652 2270 1743 2336 XIV.
1770 2260 2010 2354 Sz‘egedinoin

395 2363 459 2434 lius
486 2357 549 2436 esse
569 2361 674 2445 dicit,
707 2369 779 2432 toto
803 2358 857 2432 die
884 2356 1026 2454 sabbati
1045 2359 1189 2452 solere,
1214 2361 1317 2433 cabul.
1337 2365 1451 2452 pagin.
1471 2374 1553 2449 438.
1602 2358 1754 2450 Johanne
1772 2387 1790 2432 a
1808 2361 2010 2433 Munsterin

392 2483 493 2557 quom
503 2456 646 2553 saltare.
700 2463 737 2529 ln
757 2461 944 2530 Laodicena
970 2467 1005 2530 δι
1032 2454 1189 2530 Verdeufi
1215 2464 1343 2532 tradat.
1355 2467 1511 2531 German.
1528 2460 1569 2528 de
1584 2459 1785 2532 choreis&c.
1803 2464 2020 2548 Argumentis
2038 2487 2043 2494 ·

394 2557 543 2631 conciliis
560 2559 731 2643 statutum,
744 2559 910 2643 quodnon
923 2566 1075 2652 oporteat
1093 2551 1193 2627 Clui-
1215 2579 1335 2648 petunt
1364 2559 1412 2646 1.)
1434 2581 1472 2626 ex
1494 2553 1594 2647 causa
1614 2557 1778 2651 efficiente.
1833 2555 2011 2630 Christieni

388 2658 522 2756 stiauos
538 2665 647 2727 euntes
666 2651 713 2725 od
729 2653 867 2748 nuptias
880 2653 1108 2749 plaudereuel
1118 2650 1192 2747 sal·
1205 2683 1234 2726 *a
1253 2653 1430 2746 gentilium
1453 2652 1518 2725 sive
1532 2650 1759 2742 superstitione
1776 2653 1843 2724 sve
1860 2651 2012 2741 petulan-

398 2766 489 2840 tare,
509 2749 571 2850 sed
587 2749 823 2824 venerabiliter
842 2774 968 2834 cauare
983 2751 1036 2832 uel
1048 2751 1262 2848 prande-,tia
1287 2750 1471 2822 saltationes
1488 2754 1686 2823 didicerunt.
1736 2753 1934 2839 Superstitio
1949 2750 2013 2829 est,

396 2877 455 2936 re,
473 2852 562 2950 ficut
580 2850 777 2948 estrislionos
797 2849 895 2920 decet.
914 2848 1042 2920 Confer
1058 2875 1088 2922 c.
1101 2853 1194 2921 Pres-
1218 2852 1294 2937 quia
1321 2848 1463 2938 gentiles
1487 2849 1626 2938 pedibus
1648 2853 1734 2936 circe
1754 2874 1825 2918 aras
1841 2853 1883 2920 ed
1901 2870 2014 2920 nume

398 2950 518 3036 byteri.
540 2950 683 3020 diuinet.
703 2971 757 3040 34.
780 2971 809 3020 c.
829 2951 860 3018 Si
876 2949 949 3034 quis
964 2953 1020 3020 26.
1035 2950 1145 3034 quest.
1160 2968 1194 3038 7.
1220 2973 1273 3016 ros
1298 2949 1529 3034 tripudiando,
1557 2945 1694 3030 hymnos
1719 2949 1868 3018 canendo
1880 2997 1894 3031 ,
1927 2967 2014 3032 crut-

400 3053 448 3120 Ex
476 3045 717 3118 recentioribus
745 3043 841 3116 multi
864 3041 1039 3130 scriptores
1061 3043 1195 3115 choreas
1221 3043 1294 3115 bala
1316 3045 1494 3131 quatiendo
1522 3054 1556 3118 δι
1581 3046 1699 3116 choros
1721 3047 1874 3115 ducendo
1893 3065 2015 3116 numen

400 3147 613 3215 detestantur.
678 3140 820 3232 Jecobue
841 3145 883 3212 de
911 3141 1070 3231 varagine
1090 3143 1194 3224 dicit,
1220 3140 1284 3214 sese
1318 3142 1450 3230 placare
1473 3141 1676 3238 judicabant.
1741 3140 1926 3213 Petulantia
1949 3143 2016 3222 est.

402 3242 537 3314 eleoceos
555 3262 712 3332 maguam
729 3238 889 3333 injuriam
913 3229 989 3306 Deo
1000 3233 1142 3332 secisi,
1160 3261 1195 3308 eo
1220 3242 1295 3325 quia
1317 3244 1350 3309 in
1375 3242 1442 3309 atio
1463 3238 1550 3308 nulla
1577 3247 1618 3310 de
1644 3236 1758 3325 causa,
1790 3234 1844 3308 sed
1865 3263 1906 3307 ex
1927 3261 2014 3308 meru

401 3342 490 3437 quoti
517 3339 714 3434 euriffimum
742 3337 842 3433 ipsus
864 3333 1086 3429 proplietam,
1119 3328 1196 3431 {so-
1219 3336 1347 3407 laliivia
1364 3341 1489 3407 arsimus
1512 3336 1710 3411 tels-raban.
1761 3343 1798 3406 ln
1818 3332 1924 3406 sacris
1945 3335 2016 3408 lite·

403 3443 542 3512 leunsseeu
564 3436 764 3530 baptisatus,
793 3433 982 3504 occiderint.
1044 3431 1179 3519 Discipu
1220 3435 1263 3502 ris
1281 3432 1408 3502 nullum
1435 3437 1603 3504 iuvenitur
1624 3433 1812 3523 exemplum
1839 3429 2020 3506 saltationis

401 3537 451 3606 lus
471 3542 511 3606 de
534 3557 685 3619 tempore
701 3532 831 3619 adlegat
853 3534 978 3600 dilium
1004 3533 1195 3619 Augustini:
1218 3530 1330 3616 illius,
1358 3557 1455 3618 quam
1471 3530 1603 3625 sociant
1631 3555 1769 3616 vocant,
1800 3534 1834 3602 in
1856 3558 1923 3618 qua
1939 3535 2017 3604 utin·

412 3627 683 3726 Quilibetsaltus
701 3628 735 3698 in
752 3627 868 3698 ctorm
889 3630 931 3726 esl
944 3625 1059 3720 saltus
1077 3628 1111 3697 iu
1125 3650 1201 3720 pra·
1226 3632 1285 3697 tim
1313 3631 1374 3696 viri
1396 3654 1471 3698 tum
1489 3629 1700 3711 mulieribus,
1726 3642 1759 3702 ἀ
1775 3630 1932 3705 mulieres
1945 3655 2016 3700 ruat

278 3817 281 3821 Ι
394 3728 544 3823 fundum
563 3724 712 3816 inserui,
735 3751 810 3796 cum
841 3751 907 3812 quo
937 3727 1093 3815 congruit
1119 3724 1200 3794 illud
1227 3727 1304 3795 viris
1321 3722 1452 3809 saltarit,
1479 3752 1562 3817 ergo
1583 3754 1621 3800 ex
1638 3729 1765 3816 populo
1779 3730 1843 3798 Dei
1859 3754 1930 3798 non
1947 3749 2017 3817 pot·

406 3822 629 3896 Guillermiin
643 3849 762 3915 evartg.
775 3826 898 3894 domin.
915 3819 1064 3913 septuag.
1083 3819 1201 3894 Omnis
1225 3827 1270 3893 est
1290 3824 1454 3913 originem
1479 3830 1611 3898 ducere.
1663 3827 1854 3897 saltationes
1876 3827 1944 3898 illae
1965 3853 2018 3897 nn-

405 3931 514 3994 ruotus
530 3920 728 4017 petulantia
743 3919 856 4016 soltus
876 3922 920 4017 ess
943 3920 977 3990 in
996 3920 1200 4012 prostendum
1225 3917 1358 3991 suuntur
1379 3946 1417 3991 ex
1435 3924 1531 4003 virio,
1554 3925 1854 4011 compotationibus
1876 3932 1911 3997 δι
1932 3923 2019 3996 lesci-

403 4019 536 4092 cloueae.
588 4018 783 4090 Guilielmus
801 4013 1027 4107 Lugdunensis
1045 4017 1199 4089 choreum
1227 4020 1295 4103 via,
1322 4012 1393 4089 sunt
1410 4022 1567 4091 indicium
1581 4025 1682 4092 animi
1698 4020 1870 4092 furibundi
1884 4031 1921 4094 &
1937 4020 2019 4093 inli-

405 4119 448 4191 ssc
473 4115 606 4196 definit,
632 4119 725 4203 quod
749 4113 786 4186 stt
813 4113 979 4197 circulus,
1018 4119 1110 4208 cujus
1131 4141 1200 4187 cen·
1225 4114 1372 4187 bidinem
1389 4122 1553 4191 concitati.
1605 4128 1650 4190 At
1671 4146 1744 4208 quae
1768 4144 1808 4190 ex
1832 4118 1888 4189 tali
1910 4124 2020 4192 oriun-

406 4231 495 4289 trum
511 4217 553 4311 esl
575 4213 750 4297 diabolus,
785 4234 806 4282 o
830 4235 891 4308 quo
925 4235 1034 4285 astrues
1054 4214 1202 4306 virgines
1227 4235 1280 4282 tur
1298 4215 1481 4301 principio,
1504 4215 1638 4303 probari
1659 4221 1795 4289 minime
1809 4215 1944 4289 debent.
1972 4223 2019 4304 2.)

400 4316 460 4412 siu
477 4313 629 4387 mulieres
652 4313 815 4383 ducantur
839 4314 874 4382 in
890 4312 1025 4410 finissem
1050 4336 1149 4383 neoseu
1167 4307 1202 4383 in
1226 4305 1266 4382 el
1286 4312 1437 4384 materia.
1492 4323 1529 4385 ln
1556 4311 1684 4389 choreis
1706 4319 1793 4403 apud
1816 4340 1874 4386 nos
1901 4315 2020 4388 usitatis

405 4419 533 4508 sgnum
555 4411 710 4485 malitia.
762 4411 943 4480 fridericus
971 4408 1032 4480 lll.
1059 4414 1201 4498 impera·
1226 4435 1291 4479 non
1305 4406 1362 4479 soli
1381 4407 1605 4496 viriseorfim,
1627 4440 1664 4486 nc
1683 4411 1754 4485 sola
1774 4411 2021 4488 foeminaeleoc-

397 4503 460 4584 ³tor
476 4509 641 4584 referente
664 4513 764 4579 AEnea
787 4506 895 4592 Sylvio
918 4502 1040 4577 solebat
1065 4510 1201 4588 dicere,
1228 4505 1284 4576 sun
1304 4503 1433 4590 saltant,
1448 4510 1558 4594 quales
1573 4508 1902 4606 choreae,solilariae
1917 4514 2022 4592 disits,

400 4611 439 4709 sc
469 4607 567 4696 malle
591 4604 793 4702 selerieitaee
817 4625 917 4700 quam
932 4601 1074 4696 sultare.
1146 4607 1202 4676 ul.
1228 4607 1260 4673 in
1280 4604 1406 4693 populo
1428 4609 1489 4676 Dei
1514 4607 1805 4689 usitatefuerunt,
1831 4632 1868 4681 ut
1894 4609 2024 4702 colligi·

407 4705 574 4798 phonsus,
600 4702 713 4776 Sicilia
745 4725 822 4787 rex,
857 4700 968 4774 Gallos
994 4728 1032 4771 et
1058 4728 1097 4774 eo
1119 4702 1204 4776 leues
1229 4724 1284 4770 tur
1303 4728 1341 4771 ex
1357 4702 1485 4774 historin
1501 4699 1607 4789 lucra,
1634 4713 1889 4780 Exodxueo.
1913 4715 2022 4782 iSaut.

409 4804 599 4893 judicabat,
621 4799 709 4894 pseud
735 4799 859 4873 essoreir
881 4799 1063 4892 pluriruum
1094 4801 1204 4873 iredul·
1230 4804 1352 4870 XVlll.
1372 4823 1404 4889 7.
1441 4808 1552 4875 usam.
1570 4815 1625 4876 Vl.
1649 4830 1700 4887 iu.
1744 4806 1865 4877 Matth.
1886 4813 1946 4877 xl.
1970 4829 2023 4898 17.

409 4911 531 4998 gerent.
584 4902 690 4990 Julius
705 4896 813 4971 Caesor
837 4897 981 4989 Scaliger
1004 4900 1115 4970 dixisse
1139 4900 1203 4971 fer.
1230 4903 1320 4970 xlv.
1335 4907 1367 4972 6.
1394 4904 1472 4969 Luc.
1488 4908 1561 4973 Vll.
1583 4930 1636 4986 32.
1658 4918 1689 4975 ὅ(
1708 4910 1747 4974 de
1766 4908 1850 4987 Syris
1865 4905 2028 4978 Christia-

412 5025 484 5087 tut,
504 4998 623 5098 seston
643 4996 759 5096 uidiffe
774 4999 916 5094 ntajoces
934 4997 1080 5096 ineptias
1098 4997 1134 5072 in
1150 5022 1204 5074 ur·
1228 4998 1278 5067 nis
1301 5021 1523 5081 mutaretur,
1549 5005 1639 5092 quod
1660 5004 1694 5074 iu
1712 5003 1845 5094 templis
1866 4999 1930 5076 suis
1950 5027 2025 5074 can-

1994 5119 2030 5186 ill
