4884 5984
654 490 723 567 arr
772 489 841 564 sir
888 432 1186 564 orrannum*
1212 479 1265 557 aa
1312 482 1426 560 nov.
1475 486 1601 563 rrsr.
1885 496 1956 579 ις,

276 702 375 771 mur,
399 686 510 774 opet'e
537 682 686 774 pretium
718 685 807 765 erit,
842 680 988 757 mamilus
1021 681 1114 768 illas,
1139 668 1465 754 Inconeemenlibur
1475 678 1580 781 fidem
1600 674 1814 753 etiamuniur
1835 673 1956 775 φήσας·

275 804 362 869 quae
390 782 506 854 nolitia
528 779 719 855 elatioribus
740 783 776 852 ia
797 805 871 870 cap.
895 784 1047 867 proxime
1069 783 1114 852 ci·
1138 779 1169 851 ti
1196 801 1238 851 ae
1265 779 1354 851 laici
1375 777 1499 852 dilium
1519 777 1763 877 proferendum
1791 775 1834 874 esi
1860 770 1957 847 dieto

274 899 349 952 tato
365 876 581 968 Bellarminuc
601 881 689 951 circa
710 879 795 950 hanc
820 880 1029 966 questionem
1057 882 1115 949 ad·
1133 897 1252 973 papa,
1274 879 1308 977 se
1337 888 1509 951 moueatur
1540 875 1735 951 melioribus
1760 868 1952 949 rationibus

271 972 436 1069 fougere
469 1001 635 1057 conatur,
658 980 771 1066 paucis
794 975 1008 1066 abstergere,
1040 999 1114 1062 qua
1137 990 1200 1050 vet.
1227 997 1267 1046 ac
1292 998 1366 1048 nov.
1388 978 1455 1075 test.
1480 1000 1579 1073 qnam
1600 996 1701 1074 papa.
1747 971 1954 1045 amaenita-

269 1077 366 1149 enim
395 1076 438 1148 de
456 1072 659 1147 calvinianis
692 1084 727 1147 dc
749 1072 970 1160 Anabaptislis
1000 1074 1114 1157 addit,
1137 1097 1237 1144 nnat.
1259 1068 1429 1169 Significa
1456 1074 1470 1147 i
1491 1072 1533 1148 sc.
1557 1075 1596 1145 ri'.
1622 1071 1775 1150 deelest.
1824 1064 1954 1143 Pelva*

268 1175 318 1247 ed
340 1194 400 1243 noe
421 1172 560 1243 minime
577 1174 756 1259 pertineat
807 1174 853 1261 i.)
880 1167 1029 1244 Lutlrero
1052 1171 1113 1241 tri·
1136 1181 1171 1241 to
1191 1169 1322 1245 bomini
1338 1169 1378 1246 ii
1431 1171 1517 1257 deli,
1542 1172 1601 1267 qui
1629 1166 1955 1245 metioresraetamr

268 1268 350 1343 buit
378 1271 416 1389 r)
440 1269 757 1348 contradiliionem,
789 1271 865 1356 quia
896 1272 930 1340 ia
961 1262 1037 1339 libr.
1070 1269 1113 1340 de
1136 1267 1267 1359 adfert,
1314 1263 1957 1366 oiusereeimilumell,quamtotieon·

266 1391 349 1458 cap.
365 1366 475 1449 Babil.
495 1391 567 1455 tan.
597 1372 638 1439 de
661 1370 808 1463 matrim.
833 1361 964 1450 scribit,
985 1387 1112 1461 papum
1136 1366 1218 1439 cillo
1260 1294 1311 1442 si
1323 1389 1434 1464 popae.
1472 1364 1599 1443 Gerson
1634 1373 1678 1443 de
1713 1389 1818 1439 exam.
1843 1364 1953 1437 eluar.

271 1488 408 1549 errare,
435 1484 510 1542 cum
526 1463 712 1538 'diuortium
743 1463 891 1536 concedit
912 1472 1012 1536 extra
1035 1484 1113 1535 cau·
1135 1464 1256 1537 eonfid.
1284 1472 1324 1540 V.
1376 1463 1516 1548 Staret,
1552 1465 1641 1561 quod
1656 1461 1788 1559 eliqua
1803 1456 1953 1560 stmplex

242 1638 244 1643 ,
259 1561 349 1666 Jiam
378 1562 647 1659 fornicationis,
663 1639 666 1645 ,
684 1584 784 1656 quam
804 1559 919 1657 salam
943 1556 1113 1636 Dominus
1135 1584 1199 1633 non
1217 1559 1425 1658 autorisatae
1443 1561 1534 1661 effer,
1548 1574 1618 1636 tam
1632 1563 1824 1638 excellenter
1843 1558 1881 1631 e'n
1890 1554 1955 1653 sa-

265 1666 423 1759 excepit,
453 1657 494 1734 si
511 1671 621 1733 tamen
643 1661 760 1746 eadit,
786 1671 901 1754 aptore
913 1655 969 1755 se,
993 1672 1031 1732 ut
1056 1659 1107 1732 ale·
1135 1653 1202 1734 eris
1218 1659 1327 1737 literis
1342 1663 1516 1746 eruditus,
1539 1687 1581 1757 qu
1603 1655 1955 1759 dplureffetcream·

256 1762 435 1864 finiatur,
460 1758 558 1833 licere
582 1758 769 1833 divortium
789 1757 906 1851 sotere
934 1756 976 1830 ob
996 1754 1111 1853 obsen·
1134 1758 1214 1831 dum
1251 1760 1289 1833 in
1321 1758 1400 1858 casu
1429 1685 1611 1836 taurinati
1642 1757 1717 1856 suae
1742 1754 1959 1854 adsertioni,

266 1861 362 1937 mam
378 1859 572 1932 diuturnam
585 1855 726 1953 alterius
747 1857 911 1953 conjugis.
963 1852 1007 1930 Si
1022 1858 1111 1930 enim
1132 1878 1343 1955 qaompapae
1360 1858 1600 1945 declarationi,
1628 1856 1774 1960 estmim
1788 1855 1951 1957 plorare·

264 1981 369 2051 error
393 1958 456 2058 esi,
478 1954 665 2029 diuortium
687 1952 804 2048 faeere
831 1951 874 2027 ob
893 1949 1001 2026 oliam
1031 1977 1109 2027 cou-
1132 1955 1276 2028 dentium
1315 1957 1515 2053 euangelio,
1543 1978 1643 2053 quam
1673 1977 1782 2052 papa.
1833 1950 1950 2028 lolam.

256 2055 348 2160 sam
372 2075 470 2152 quom
486 2051 757 2146 fornicationis,
787 2075 867 2148 ergo
888 2074 1030 2125 errorem
1052 2077 1109 2127 eu·
1131 2055 1341 2126 Frrncl‘icur
1353 2053 1606 2129 Mirandulantu
1618 2057 1659 2128 de
1672 2053 1765 2128 fid&
1777 2053 1950 2125 ordered.
2074 2128 2078 2133 ,

261 2157 328 2273 pit
365 2151 519 2268 definiri,
545 2176 619 2225 eum
657 2150 699 2225 ob
734 2147 921 2255 absentiam
954 2153 1108 2247 conjugit
1131 2149 1238 2222 theat.
1261 2157 1358 2227 xvi.
1406 2149 1825 2250 Simpleiipotiusrujlieo
1842 2143 1884 2223 ὅ
1896 2147 1952 2221 in·

239 2262 241 2267 ’
265 2257 459 2341 divortium
482 2243 542 2348 effe
559 2249 691 2324 licitum
707 2249 846 2347 definiri
863 2248 965 2344 cupit.
1005 2246 1105 2338 Resp.
1124 2246 1226 2341 santi
1240 2244 1282 2322 s!
1298 2249 1460 2333 anicula,
1485 2274 1584 2347 quum
1606 2247 1647 2324 ii
1659 2248 1819 2348 pontifici
1834 2244 1949 2320 araxi·

262 2355 366 2433 teste
395 2350 506 2425 llatuit
533 2348 697 2421 Lutherus
721 2358 757 2422 δι
777 2372 837 2421 noe
855 2371 933 2419 cum
956 2340 1046 2435 ipso,
1066 2371 1106 2416 u·
1130 2369 1185 2418 mo
1201 2342 1243 2427 ij
1270 2344 1357 2419 mille
1370 2347 1533 2445 episcopis
1546 2346 1758 2433 eredendum,
1777 2347 1810 2444 fi
1829 2353 1949 2420 matra

266 2455 384 2529 nicam
414 2467 542 2520 tantum
567 2443 632 2520 else
651 2448 768 2535 iollam
790 2470 829 2517 ec
848 2443 1033 2537 legitimam
1055 2443 1107 2516 di-
1128 2440 1424 2614 evangeliumrq'li,
1448 2446 1505 2520 illi
1515 2471 1578 2544 pro
1591 2447 1766 2543 euangelio
1779 2441 1951 2540 verbafia·
1993 2486 1997 2493 ·

237 2608 239 2617 .
264 2548 375 2627 vettii
395 2543 537 2621 faciendi
552 2539 702 2627 eausam,
724 2545 879 2616 videlicet
893 2541 1106 2631 adulterium,
1128 2551 1247 2616 terent.
1297 2548 1363 2617 Lot
1388 2569 1464 2618 erus
1481 2540 1514 2619 se
1530 2541 1642 2636 ipsum
1655 2542 1775 2620 diserte
1785 2542 1951 2636 explim,

264 2671 312 2726 ae
324 2645 468 2741 proinde
484 2660 572 2717 errat
587 2638 755 2731 pontifex,
779 2642 1017 2729 quandoextra
1031 2662 1106 2712 eam
1129 2636 1308 2731 dequibus
1329 2640 1475 2714 conciliis
1491 2642 1668 2732 loquatur,
1693 2642 1804 2732 qualit
1824 2636 1949 2719 scilicet
2064 2692 2067 2697 -

262 2740 402 2823 «πίω
417 2741 599 2815 diuortium
614 2738 788 2822 concilim
811 2739 979 2826 quamodo
994 2756 1105 2808 atatem
1130 2742 1208 2809 tunc
1222 2731 1370 2811 solebant
1393 2741 1488 2830 cogi,
1510 2762 1639 2812 tantum
1654 2761 1795 2813 numero
1810 2746 1949 2814 &tuto-
2068 2784 2073 2788 -
2136 2758 2146 2767 ··

262 2867 352 2921 eum
366 2863 409 2917 eo
420 2836 590 2913 conciliati
603 2835 740 2914 debeat,
762 2837 852 2924 quod
866 2832 1030 2907 Luthetus
1047 2834 1106 2906 dc·
1128 2835 1227 2910 ritate
1246 2837 1330 2908 citra
1349 2838 1571 2909 eruditionem
1587 2847 1621 2913 dt
1634 2833 1881 2910 smuimoaiam
1901 2845 1951 2927 je·
2104 2894 2107 2899 .

262 2938 362 3019 finiri
395 2955 512 3028 optat,
539 2936 639 3006 etiam
660 2931 704 3006 ub
729 2926 923 3003 malitiosam
949 2926 1106 3003 desertio·
1128 2935 1225 3005 aaa.
1279 2939 1326 3024 ς.)
1358 2928 1605 3021 limeritatem,
1630 2937 1720 3024 quod
1749 2934 1786 3007 in
1820 2955 1946 3010 comm
2050 2970 2053 2975 ·
2198 2996 2202 3003 .

263 3063 350 3117 nm
370 3035 631 3131 permittendum
655 3026 719 3104 else
740 3030 831 3119 parti
854 3029 1024 3100 innocenti
1044 3051 1103 3099 nm
1133 3031 1416 3103 tCor.Vli.anno
1434 3035 1632 3124 1523.edit.
1656 3028 1778 3104 multae
1799 3027 1847 3103 ob
1865 3055 1944 3105 caat·

262 3161 353 3215 vam
389 3130 661 3215 matrimonium,
684 3121 823 3201 inferius
854 3123 1103 3214 explicabimus.
1126 3120 1174 3196 sas
1202 3128 1452 3200 matrimonium
1479 3124 1561 3203 solvi
1580 3139 1615 3205 δι
1639 3128 1729 3202 aliud
1750 3129 1829 3203 iniri
1851 3125 1949 3220 pade

263 3239 315 3329 2)
341 3230 573 3308 Fatur'tatem,
597 3229 674 3316 quia
697 3223 821 3300 ibidem
845 3224 955 3307 addit,
971 3219 1104 3318 serrol-
1127 3218 1331 3301 censeamur
1358 3223 1379 3296 sa
1407 3247 1473 3297 nort
1497 3227 1596 3300 modo
1614 3226 1763 3299 ethericus
1787 3223 1945 3337 'christia-

261 3332 302 3409 le
318 3330 498 3431 quidquam
521 3324 659 3424 definiri
670 3319 750 3417 sola
760 3340 861 3418 papa
878 3315 920 3394 si
935 3317 1103 3417 episeopo·
1126 3341 1224 3399 nom,
1236 3316 1300 3413 sed
1317 3321 1419 3394 etiam
1431 3321 1549 3419 salsus
1566 3322 1766 3424 christianus
1787 3320 1945 3421 chrestia-

240 3455 345 3511 ..rrrnr
368 3427 570 3504 autoritate,
586 3420 650 3516 sed
668 3422 701 3519 st
716 3419 781 3492 duo
811 3417 937 3492 eruditi
956 3415 996 3492 sl
1023 3417 1104 3490 boni
1126 3439 1204 3488 nom
1227 3420 1401 3512 conjugem
1427 3419 1571 3516 deserat,
1598 3421 1653 3494 vel
1666 3421 1700 3519 st
1716 3422 1843 3513 conjux
1865 3441 1944 3493 corr·

263 3529 342 3607 oiri
368 3529 404 3601 r'n
431 3524 561 3599 nomine
577 3517 705 3619 Cartflr'
731 3515 971 3613 consentirent,
998 3512 1040 3589 sl
1066 3518 1102 3586 r'n
1121 3517 1236 3609 jugem
1259 3515 1447 3608 adsuetum
1465 3528 1526 3591 out
1540 3519 1638 3591 aliud
1652 3528 1823 3613 peecatum
1844 3514 1946 3591 inelu-

241 3623 409 3727 ,Spiritu
435 3620 560 3721 Clerisli
579 3617 860 3715 pronunciarent,
881 3638 992 3689 eorum
1006 3615 1102 3707 judi·
1125 3623 1198 3697 rot,
1225 3610 1278 3724 uel
1287 3615 1321 3711 st
1348 3613 1390 3686 ob
1405 3614 1594 3711 frequentes
1615 3617 1715 3691 rixas
1737 3611 1874 3784 mosella
1882 3616 1949 3787 st

261 3728 358 3805 cium
375 3721 416 3820 se
434 3718 593 3795 conciliis
609 3713 847 3813 praelaturam.
898 3719 969 3791 ilc,
993 3715 1101 3800 inquit
1125 3707 1332 3783 colrabrtatio
1363 3716 1566 3810 cumprime
1589 3717 1747 3810 conjuge,
1770 3714 1860 3813 uest
1907 3713 1945 3788 ιἰι

262 3823 505 3905 bellarminus,
529 3815 614 3888 unde
635 3810 799 3909 sciemur,
830 3811 914 3885 duos
937 3808 1018 3884 illos
1041 3808 1102 3883 lro·
1125 3807 1210 3900 aare
1233 3805 1321 3882 alter
1341 3813 1477 3905 conjux.
1530 3811 1644 3887 inlib.
1661 3817 1704 3885 de
1726 3807 1811 3883 caus.
1827 3812 1945 3885 matri·

263 3922 375 4001 niues
392 3920 428 3993 in
443 3915 575 3988 nomine
587 3909 712 4009 Christi
732 3909 843 4003 magis
855 3903 1049 4005 ronsenfiffe,
1061 3903 1103 3979 ii
1124 3908 1392 3979 mon.edit.anno
1411 3931 1513 3999 ¹530·
1564 3905 1608 3982 Si
1616 3931 1687 4007 pou
1710 3931 1745 3980 er
1762 3931 1834 3980 tum
1846 3906 1942 3982 dini·

261 4024 306 4101 ira
323 4014 460 4116 Spiritu
467 4011 602 4110 santio,
626 4010 684 4105 qui
705 4033 749 4082 ex
767 4007 902 4178 dioga
910 4005 1103 4103 prouinciis
1124 4013 1156 4076 te
1175 4004 1425 4081 matrimonium
1449 4006 1629 4081 contrabat
1718 4001 1939 4100 consummat,
2002 4012 2015 4029 “

262 4127 378 4198 unum
398 4119 436 4189 irt
459 4113 567 4186 lorum
591 4106 741 4203 legitime
765 4128 824 4176 cort
888 4107 962 4176 iunt
985 4102 1032 4176 ori
1052 4102 1101 4201 fi·
1125 4122 1170 4172 ac
1189 4100 1304 4174 deinde
1322 4103 1450 4200 pauper
1465 4104 1604 4178 diuitem
1628 4106 1801 4199 con‘ugem
1822 4103 1944 4178 retine·

264 4220 343 4297 dem
367 4211 582 4314 christianam
615 4203 889 4301 explicandam?
915 4197 1017 4291 Resp.
1068 4204 1101 4272 id
1126 4224 1160 4272 re
1179 4223 1244 4269 non
1262 4199 1381 4295 poffit,
1406 4203 1495 4298 quael
1508 4205 1613 4278 amici
1638 4128 1836 4301 velalfirter
1851 4201 1944 4276 aiut·

247 4341 352 4393 uero
373 4311 446 4386 sciti
472 4311 579 4400 potest
600 4330 638 4377 ac
661 4303 760 4376 debet
783 4327 824 4374 ex
846 4300 1000 4392 diligenti
1025 4324 1101 4373 exa·
1124 4298 1169 4370 tir
1185 4297 1389 4394 impediant,
1409 4300 1546 4396 judicat
1555 4300 1741 4388 Lutlrerree,
1757 4296 1847 4398 poffe
1881 4323 1944 4376 aar·
1977 4380 1996 4397 ¹,

242 4420 359 4499 ,mine
392 4415 603 4483 decretorum
633 4405 673 4473 ad
704 4425 856 4473 normam
891 4423 930 4470 ac
949 4398 1100 4489 regulam
1125 4418 1233 4491 nerem
1251 4395 1298 4468 ad
1314 4395 1411 4469 aliud
1426 4401 1680 4475 matrimonium
1692 4398 1732 4494 se
1747 4325 1944 4493 transferre,

263 4518 302 4599 in
314 4507 420 4586 verbo
435 4503 581 4581 revelato
604 4499 699 4571 nobis
719 4496 932 4589 propostam.
978 4492 1100 4568 Matth.
1127 4489 1226 4584 Resp.
1259 4491 1423 4567 lutherus
1443 4499 1479 4570 in
1502 4495 1625 4588 scripto
1643 4499 1827 4591 posteriore
1846 4521 1943 4572 men.
2056 4547 2059 4551 .

264 4619 345 4685 vn,
375 4628 427 4691 ¹5·
476 4607 550 4675 aa.
572 4604 691 4679 xvr1,
721 4619 772 4669 rr.
834 4596 943 4667 1Cot.
966 4599 1020 4672 11,
1046 4616 1101 4680 ις.
1125 4613 1194 4663 tem
1229 4585 1319 4662 suam
1353 4587 1426 4664 sctit
1449 4593 1624 4685 perspicue
1658 4593 1944 4684 canticinium!

269 4704 414 4789 r'l'beli.
426 4708 470 4784 V,
486 4727 542 4774 ιι.
580 4694 677 4788 tJob.
697 4700 755 4773 lv,
779 4699 879 4768 t.&c.
938 4686 1102 4762 Lutlierus
1126 4715 1195 4758 non
1222 4688 1282 4759 nisi
1304 4711 1444 4778 propter
1470 4692 1668 4766 adulterium
1687 4703 1722 4768 dt
1747 4688 1944 4770 malitiosam

263 4804 351 4884 nihii
364 4801 452 4875 aliud
467 4800 571 4879 dixit,
585 4792 784 4882 quamquod
812 4810 888 4861 ante
913 4811 990 4860 eum
1010 4793 1100 4875 Mar·¹
1126 4784 1346 4858 desertionem
1374 4791 1542 4862 innocenti
1564 4787 1713 4878 persona
1729 4793 1807 4866 nori
1826 4793 1943 4865 matri-

237 4902 355 4981 ..filiue
382 4901 575 4972 Patavinae,
595 4893 858 4970 Panorinitanus,
880 4886 952 4957 iola·
975 4881 1101 4958 Gaison
1126 4887 1229 4956 monii
1245 4888 1443 4972 potestatem
1468 4891 1636 4960 concedat.
1689 4891 1774 4961 Vide
1792 4910 1873 4961 tum.
1897 4897 1940 4968 V.

265 5008 307 5080 ἃ
327 5001 399 5074 iola.
419 4989 575 5069 francisc.
606 4993 701 5061 Picus
727 4983 979 5058 Mirandulanus
1011 4985 1100 5055 dixe·
1126 4990 1195 5053 len.
1222 4987 1338 5053 Germ.
1363 4982 1441 5057 libr.
1466 4987 1508 5057 tle
1529 4984 1630 5058 caufic
1644 4986 1946 5062 matrimonialibus

261 5121 358 5182 tunt.
388 5091 572 5168 *Marsrliue
596 5089 769 5163 Patauinua
788 5088 825 5163 ia
844 5077 967 5161 defens.
992 5083 1100 5172 patu:
1125 5103 1211 5171 patr.
1239 5083 1281 5150 rt.
1314 5104 1390 5177 pag.
1421 5104 1503 5176 255·
1553 5083 1612 5157 ubi
1648 5081 1720 5158 hec
1753 5083 1946 5158 iubentur,

322 5186 546 5276 Tom'XVI,
697 5218 699 5222 ·
824 5242 829 5253 ,
1249 5181 1286 5250 U
1853 5181 1949 5266 „leli
