4884 5984
701 512 770 591 ru
823 517 896 592 srr
946 511 1224 589 nrvoarrrtc
1274 513 1329 589 ut
1376 512 1495 615 rior,
1539 508 1664 593 retr.
1913 515 2019 633 Ιειη

376 711 452 799 est,
486 679 759 801 quiarinculum
782 711 933 804 coniugii
957 735 1024 784 non
1048 707 1185 783 solvitur
1208 713 1288 783 dont
1309 708 1448 784 alterum
1471 715 1743 803 matrimonium,
1777 712 2015 791 tamenfrten·
2069 680 2074 689 ν

375 807 441 881 misr
460 834 521 898 ptr
541 808 644 882 solum
661 810 873 883 adulterium.
926 815 1016 901 Ergo
1031 833 1186 898 quecun·
1209 831 1264 883 tur
1281 805 1466 880 concellum
1486 809 1568 891 elle,
1593 832 1629 881 ut
1643 832 1786 903 propter
1799 812 1927 887 causam
1939 813 2011 887 for·

374 931 450 996 que
473 909 620 980 incidere
640 903 762 993 pollint
783 905 911 988 causae,
944 929 1085 997 propter
1106 929 1186 993 quas
1208 908 1381 978 nicationis
1395 909 1446 976 vir
1465 905 1563 994 possit
1578 934 1717 982 uxorem
1733 911 1920 993 dimittere,
1943 910 2018 987 lroo

374 1007 543 1096 coniuges
565 1006 707 1077 invicem
730 1002 916 1086 discedant,
955 1028 1092 1091 tamen,
1126 998 1185 1072 nist
1208 1004 1273 1087 eil,
1302 1002 1346 1076 ab
1362 1025 1402 1074 eo
1420 997 1614 1101 discedere„
1627 1018 1662 1082 dc
1681 1012 1764 1079 utor
1778 1007 1876 1097 poffit
1898 1012 2011 1083 tirum

376 1101 465 1175 aofir
480 1102 677 1174 adulterium
691 1102 751 1190 ipfi
765 1101 931 1193 coniugali
951 1102 1068 1173 unitati
1076 1105 1103 1172 'e
1115 1103 1185 1171 dia·
1207 1102 1394 1183 dimittere,
1419 1100 1483 1174 hoc
1501 1106 1570 1190 eil,
1604 1102 1648 1176 eb
1667 1127 1705 1176 eo
1724 1103 1898 1200 discedere.
1946 1109 2012 1181 Ni·

377 1222 494 1274 metro
518 1199 726 1288 oppositum,
758 1224 898 1289 propter
923 1199 1048 1271 nullam
1071 1220 1184 1271 earum
1209 1195 1232 1269 fi
1255 1221 1340 1289 ergo
1360 1197 1530 1272 Christum
1548 1204 1732 1274 Dominum
1754 1214 1788 1278 dc
1804 1201 2013 1295 apostolum,

377 1296 483 1371 debet
498 1302 629 1387 unique
646 1297 699 1369 vel
715 1296 865 1370 alterutri
880 1301 951 1368 dari
966 1297 1107 1385 poteslas
1125 1317 1184 1366 no·
1208 1291 1340 1369 fidelem
1356 1293 1454 1385 ipsius
1469 1294 1622 1381 servum,
1642 1297 1806 1374 hostiliter
1823 1305 2014 1377 committe·

376 1421 474 1468 vum.
495 1399 742 1467 matrimonium
773 1399 918 1468 ineundi.
987 1400 1034 1465 Ex
1065 1398 1184 1463 eodem
1209 1417 1245 1464 re
1263 1393 1424 1473 velimus,
1450 1391 1626 1468 necessario
1643 1400 1820 1469 dicendum
1839 1402 1903 1487 eil,
1930 1422 2013 1489 opo·

377 1496 553 1585 principio
568 1497 666 1566 eriam
679 1491 763 1565 itanc
777 1492 927 1585 regulam
940 1492 1186 1578 deducit,quod
1208 1489 1326 1561 stolum
1355 1516 1422 1562 non
1457 1490 1547 1578 loqui
1574 1498 1617 1566 de
1650 1491 1724 1566 casu
1755 1485 2013 1580 fornicationis,
2081 1534 2093 1541 -

378 1595 504 1664 coniux
529 1591 633 1663 fidelis
658 1617 699 1662 ne
721 1593 854 1677 quidem
873 1594 915 1662 ab
936 1587 1060 1677 infideli
1083 1583 1185 1659 disce-
1208 1606 1309 1674 quem
1325 1587 1476 1661 Chrilluo
1494 1594 1634 1680 excipit,
1655 1587 1710 1665 sed
1732 1592 1857 1666 dealiis
1876 1595 2013 1684 quibus·

377 1693 465 1764 'clere
478 1689 616 1773 debeat,
638 1690 794 1777 quamdiu
812 1685 933 1780 scilicet
952 1684 1093 1759 infidelia
1107 1710 1184 1756 cunt
1209 1688 1259 1756 vis
1285 1683 1436 1770 casibus,
1473 1688 1507 1757 in
1524 1686 1656 1776 ¹quibus
1678 1690 1858 1763 divortium
1881 1693 2012 1767 licitum

379 1811 426 1861 eo
442 1778 632 1860 cohibitare
652 1782 833 1858 consentiat
850 1815 881 1858 v.
898 1810 955 1873 rr.
1006 1785 1185 1859 rariter,
1210 1807 1277 1853 non
1305 1786 1374 1866 eil,
1411 1786 1551 1870 proinde
1574 1784 1617 1858 stc
1638 1786 1889 1861 concludimus:
1924 1788 2013 1883 Quae'

380 1890 465 1975 quia
486 1885 655 1976 religionis
672 1881 841 1972 disparitas
861 1887 927 1955 non
949 1881 1044 1954 solvit
1067 1881 1181 1950 matri·
1210 1883 1410 1967 exceptiora
1426 1879 1577 1955 limitatio
1596 1880 1873 1978 subintelligenda
1887 1889 1920 1959 in
1933 1911 2012 1962 vet·

381 1985 489 2057 monii
509 1981 699 2066 vinculum,
726 1980 807 2052 ficut
823 1981 1032 2077 adulterium.
1081 1978 1184 2068 Quod
1210 1975 1279 2057 bis,
1300 1978 1462 2073 precipio
1477 2003 1544 2052 nort
1564 1978 1744 2075 discedere,
1771 1987 1887 2056 eadam
1912 1984 2012 2058 intel·

375 2080 508 2154 savem
527 2079 675 2153 defucto
697 2077 836 2151 infidelis
856 2074 1018 2161 discedat,
1051 2085 1087 2150 de
1108 2073 1187 2146 lide·
1211 2076 1344 2164 ligenda
1361 2078 1397 2145 in
1413 2076 1545 2157 uerbis,
1572 2079 1660 2174 quod
1669 2083 1703 2178 st
1722 2077 1917 2178 discefferit,
1939 2104 2015 2160 mm

381 2176 452 2252 lem
466 2177 612 2261 deserat,
633 2201 705 2251 tum
718 2170 1106 2264 personalidelisdeserra
1120 2196 1186 2242 noa
1210 2185 1289 2245 neat
1309 2175 1460 2281 innupto.
1509 2179 1572 2263 Sed
1594 2181 1629 2246 in
1649 2177 1758 2249 v‘trbis
1778 2178 1861 2260 illis,
1890 2179 2012 2276 praeci·

346 2310 350 2319 ·
382 2281 433 2351 cll
447 2276 598 2371 servituti
613 2274 774 2354 subiedla,
799 2272 852 2347 sed
867 2275 1005 2346 liberta
1027 2269 1121 2360 lege,
1150 2293 1185 2339 ut
1210 2272 1269 2366 pio
1295 2294 1434 2343 uxorem
1459 2294 1482 2343 u
1508 2273 1585 2344 or'ro
1608 2296 1673 2346 nort
1695 2272 1874 2369 discedere,
1901 2274 2014 2351 subita·

384 2381 429 2451 sd
449 2371 588 2449 secunda
604 2397 681 2447 vota
696 2372 755 2463 ipsu
767 2376 874 2444 aditus
889 2396 1009 2462 pateat.
1051 2404 1095 2445 r„-
1110 2373 1187 2438 Duo
1212 2369 1391 2460 telligtnda
1412 2372 1458 2440 eil
1475 2375 1644 2458 exceptio,
1669 2396 1768 2460 quam
1786 2375 1937 2448 Christus
1954 2378 2014 2447 ad·

374 2478 491 2568 igitur
511 2501 550 2547 ex
568 2473 720 2545 hocloco
738 2471 918 2560 apostolico
938 2466 1114 2539 nuscuntur
1129 2488 1187 2535 rto-
1211 2471 1314 2546 didit,
1342 2465 1497 2538 videlicet
1517 2471 1559 2539 de
1577 2465 1670 2540 causa
1688 2468 1926 2547 fotuicatiottir.
1952 2477 2014 2544 Er·
2103 2540 2124 2562 s

385 2572 439 2647 bit
457 2596 664 2665 argumenta.
712 2574 806 2641 Prius
826 2567 868 2640 fic
885 2569 1000 2640 habet:
1025 2571 1114 2639 Tum
1130 2565 1187 2632 de·
1211 2589 1259 2658 go
1280 2569 1396 2637 eadem
1416 2569 1570 2653 exceptio
1592 2575 1627 2639 δι
1651 2566 1804 2639 limitatio
1824 2570 2016 2661 intelligen-

339 2650 482 2747 Xmutu
511 2693 610 2761 atque
634 2693 675 2742 eo
701 2689 828 2739 tontum
864 2669 898 2736 in
928 2664 1001 2735 calu
1028 2658 1149 2732 mulier
1171 2684 1188 2728 a
1212 2669 1252 2733 dr
1277 2666 1323 2733 eil
1345 2666 1379 2733 in
1406 2662 1530 2743 verbis,
1564 2664 1653 2755 quod
1663 2666 1697 2763 st
1716 2660 1914 2762 discefferil,
1942 2688 2015 2738 rno-

386 2772 464 2846 viro
486 2766 654 2843 discedens
683 2766 781 2839 debet
810 2788 942 2835 manere
973 2766 1133 2845 innupta,
1167 2753 1291 2832 stneut
1321 2761 1472 2853 innupla.
1536 2756 1691 2834 Maioris
1714 2766 1800 2834 ratio
1823 2768 1948 2853 pendet
1974 2784 2018 2839 er

346 2930 349 2935 .
387 2870 435 2943 ob
459 2866 556 2940 aliam
581 2868 723 2953 aliquam
746 2858 895 2947 causant,
927 2883 1026 2947 quam
1050 2875 1190 2944 propter
1213 2858 1380 2952 rotrodo
1394 2880 1499 2927 textor
1512 2859 1690 2946 apostolici.
1741 2859 1867 2934 Minor
1879 2866 2018 2935 demon·

387 2965 590 3041 adultenutn
620 2959 806 3037 discesserit.
874 2965 964 3049 Ergo
984 2983 1003 3027 a
1025 2954 1190 3026 contrario
1214 2955 1313 3027 litata
1333 2958 1380 3024 cll
1403 2980 1441 3023 er
1465 2952 1531 3043 ipsa
1554 2955 1801 3042 pontificiorum
1824 2957 2017 3053 hypothesi,

386 3060 483 3141 sensu
518 3063 539 3137 st
569 3065 613 3136 ob
645 3062 843 3134 adulterium
879 3058 989 3128 mariti
1020 3047 1191 3126 discedat,
1215 3053 1336 3141 qutob
1356 3050 1607 3145 fornicationem
1630 3058 1727 3126 uxori
1746 3083 1765 3129 a
1782 3059 1855 3132 viro
1870 3055 2018 3133 discedcae

339 3152 340 3159 ἵ
390 3186 460 3236 rron
482 3184 612 3234 tenetur
635 3186 768 3234 manere
790 3161 948 3255 innupta,
972 3150 1024 3223 sed
1047 3151 1119 3239 post
1143 3145 1189 3216 fa·
1216 3176 1255 3222 re
1285 3147 1475 3236 permill'um
1505 3150 1568 3222 else
1594 3154 1756 3227 statuitur.
1819 3154 2017 3253 b.)1psonr

390 3264 484 3334 dom
512 3289 529 3332 a
559 3262 678 3332 morito
710 3257 862 3330 adultero
896 3251 1079 3325 divortium
1115 3244 1195 3315 novi
1218 3247 1351 3321 verbum
1372 3249 1656 3321 reconciliationis
1678 3252 1832 3350 ostendii,
1866 3251 2016 3326 Paulum

362 3412 365 3425 .
391 3362 595 3432 matrimonii
620 3360 758 3445 potelius
783 3350 842 3442 ipsi
864 3351 1035 3439 competit.
1085 3339 1193 3416 Anie-
1219 3371 1284 3420 nort
1299 3345 1446 3452 loqui‘de
1463 3345 1824 3441 curtsafornicrtionir.
1871 3352 2018 3446 Quando

391 3458 508 3531 cedens
526 3461 641 3528 nititur
664 3455 723 3528 illo
743 3451 977 3533 fundamento,
1002 3446 1090 3532 quod
1115 3463 1195 3529 apo·
1219 3450 1308 3519 enim
1328 3449 1360 3515 ln
1379 3447 1536 3528 scriptura
1553 3447 1636 3516 alter
1651 3449 1772 3519 dicitur
1789 3448 1883 3521 alteri
1897 3470 2019 3521 recon-

393 3556 495 3631 siolur
524 3554 588 3626 lroc
620 3554 695 3624 loro
730 3576 796 3623 aon
824 3574 902 3642 agat
929 3551 971 3618 de
999 3538 1076 3636 casu
1105 3562 1196 3610 exce·
1220 3544 1343 3621 ciliani,
1363 3541 1561 3633 intelligitur
1577 3543 1640 3615 hoc
1656 3548 1791 3635 proprie
1806 3572 1873 3618 non
1885 3546 1926 3620 dc
1932 3552 2041 3645 pter·-¹

391 3666 471 3754 pto,
497 3654 650 3727 videlicet
671 3657 712 3725 de
734 3647 969 3727 fornicatione,
1001 3639 1054 3712 sed
1081 3644 1122 3710 de
1141 3661 1196 3731 gc·
1221 3654 1254 3717 ie
1275 3642 1466 3720 innocente,
1499 3637 1552 3710 sed
1572 3648 1660 3727 quod
1676 3667 1761 3743 porr
1779 3642 1947 3740 offendere
1965 3670 2020 3719 re·

362 3751 507 3835 ''rcercli
525 3751 662 3846 regula,
694 3753 783 3837 quod
806 3773 873 3819 non
901 3748 998 3815 liceat
1028 3738 1198 3826 quibusvis
1222 3741 1424 3833 concilietur
1436 3739 1549 3818 alteri,
1579 3744 1679 3813 Rom.
1697 3750 1738 3814 V.
1759 3764 1810 3818 to.
1838 3744 1960 3819 Matth.
1974 3750 2019 3822 V.

395 3880 438 3931 ec
452 3838 553 3924 caulis
567 3852 748 3923 divortium
762 3843 889 3928 facere,
914 3846 948 3913 id
967 3841 1057 3928 quod
1073 3835 1198 3907 Chcm·
1225 3864 1280 3927 24.
1300 3847 1365 3910 &n
1415 3840 1448 3907 Si
1465 3860 1549 3925 ergo
1563 3839 1680 3910 Paulus
1700 3838 1924 3915 discelstonem
1945 3866 2020 3914 uru-

339 3994 345 4007 ,
395 3954 499 4026 nitius
520 3947 640 4038 probat
659 3967 802 4033 quatuor
819 3941 1043 4033 argumentis,
1066 3945 1197 4038 a.)apo·
1223 3937 1312 4009 lirris
1332 3935 1375 4005 ob
1399 3936 1461 4004 viri
1483 3930 1734 4009 fornicationem
1758 3936 1878 4015 froiam
1897 3930 2021 4011 intelfl·
2114 3998 2118 4003 .

390 4050 501 4161 stolus
520 4071 587 4122 non
608 4045 648 4117 de
663 4064 758 4117 nnuc
776 4042 896 4116 uxoris
918 4034 1121 4133 acceptione,
1136 4028 1199 4124 sed
1222 4054 1340 4124 geret,
1379 4056 1445 4102 non
1470 4032 1625 4113 mulieri,
1660 4054 1698 4104 ut
1722 4037 1810 4126 parti
1835 4039 2021 4119 innocenti,

387 4151 443 4227 dc
457 4149 585 4247 prioris
601 4141 782 4242 dimifflone
802 4141 959 4237 loquitur.
1011 4129 1197 4225 Praeripio,
1224 4134 1278 4203 led
1306 4136 1380 4200 riro
1405 4152 1442 4200 ut
1466 4132 1551 4216 parti
1572 4128 1755 4206 offendenti
1781 4136 2023 4208 reconciliatio·

353 4292 355 4297 -
396 4251 527 4340 inquit,
557 4266 723 4335 nortgo,
750 4239 1007 4336 fecenninus,
1031 4228 1198 4303 ntulierem
1224 4254 1300 4301 nem
1327 4231 1524 4319 iniungeret.
1589 4232 1683 4323 Quir
1709 4257 1790 4305 vero
1812 4236 1915 4315 dicit,
1949 4256 2024 4307 mu·

375 4345 425 4427 'aa
451 4348 525 4422 viro
540 4368 617 4418 ,non
639 4339 820 4439 discedere,
860 4336 902 4410 fr
925 4337 1034 4407 uirum
1056 4352 1123 4401 nort
1147 4327 1200 4398 di·
1224 4327 1287 4398 lier
1308 4326 1498 4398 reconciliet
1516 4321 1548 4398 sa
1570 4330 1662 4411 viro,
1693 4354 1777 4422 ergo
1796 4330 1954 4423 intelligit
1973 4333 2025 4405 di·

403 4450 536 4525 rnr'reere
560 4466 709 4517 uxorem.
775 4440 878 4538 Quod
901 4433 922 4506 st
944 4433 1044 4504 verba
1063 4424 1200 4514 aposloli
1226 4422 1441 4502 sceffionem,
1478 4450 1550 4512 que
1572 4449 1712 4512 propter
1736 4428 1813 4499 alias
1833 4427 1941 4501 causus
1968 4426 2023 4515 fit,

400 4549 494 4623 hune
515 4542 675 4615 haberent
702 4533 851 4617 sensum,
887 4555 925 4604 ut
946 4529 1072 4603 causam
1098 4521 1204 4596 forni-
1227 4547 1326 4609 qnam
1351 4522 1395 4594 ob
1417 4517 1544 4594 causam
1569 4521 1805 4599 fornicationis.
1872 4524 1926 4625 c.)
1943 4523 2025 4627 'Ise
2156 4604 2158 4609 .

403 4646 545 4723 cationis
565 4639 792 4715 includerent,
822 4627 1021 4718 consequens
1040 4619 1137 4703 tlset,
1161 4644 1204 4690 ne
1230 4619 1361 4695 Paulos
1387 4647 1420 4692 v.
1446 4646 1496 4709 ις.
1521 4620 1669 4692 concedit
1683 4622 1786 4719 fideli
1805 4626 1900 4719 porti
1918 4550 2025 4722 dese.

402 4748 540 4838 'quidem
555 4735 719 4812 discedere
733 4735 833 4807 licere
847 4733 934 4818 parti
947 4723 1113 4799 innocenti
1127 4743 1204 4809 pro·
1229 4732 1273 4795 rae
1286 4720 1475 4816 potestatem
1495 4720 1542 4791 od
1559 4718 1651 4791 alius
1666 4722 1802 4817 nuptias
1818 4722 2023 4798 tranrettndi.

403 4871 484 4942 pter
507 4837 761 4914 fornicationem
780 4833 822 4904 ab
840 4829 989 4903 adultero
1006 4824 1060 4896 uel
1076 4818 1203 4893 adulte·
1231 4824 1310 4891 Non
1336 4818 1425 4889 enirn
1452 4819 1551 4895 dicit,
1568 4817 1606 4887 ‚st
1634 4815 1774 4892 infidelis
1800 4819 1960 4909 discedat,
1988 4821 2027 4895 li·

356 5002 364 5021 .,
403 4972 454 5023 η,
477 4953 524 5018 At
538 4931 740 5023 consequens
757 4931 820 5003 hoc
838 4955 904 5002 non
920 4921 1106 4997 concedunt
1120 4944 1200 5006 pon·
1230 4917 1312 4988 delio
1330 4910 1470 5005 persona
1488 4937 1618 4986 manent
1632 4917 1791 5005 innupta,
1816 4915 1869 4991 sed
1889 4919 2028 4993 liberam

404 5042 510 5119 efficii,
550 5036 714 5141 Quamvis
729 5034 820 5103 enim
837 5031 909 5113 poli
930 5022 1113 5093 diuortium
1130 5040 1208 5104 pro·
1231 5042 1304 5087 eam
1326 5011 1389 5086 elle
1411 5015 1619 5097 pronunciat.
1669 5020 1760 5107 Ergo
1780 5012 1849 5104 ipse
1870 5020 2030 5096 ostendit,
2096 5030 2102 5041 '

403 5164 485 5243 pter
514 5128 770 5212 fornicationem
795 5128 979 5223 inllitutuut
1000 5142 1071 5193 uon
1092 5136 1209 5190 conce·
1233 5116 1382 5206 priorem
1417 5107 1509 5191 illem
1537 5106 1756 5201 sententious,
1790 5137 1928 5194 oxoru
1954 5116 2031 5190 oiro

1713 5228 1723 5251 “
1971 5235 2039 5290 m
