4884 5984
547 508 618 592 206
969 509 1119 586 locvs
1140 513 1262 585 XXVl.
1313 508 1464 585 CAPVT
1491 512 1534 582 Χ.
1585 512 1709 587 SECT.
1740 516 1768 588 l.

548 729 593 784 eu
611 707 789 782 Dursndus
806 708 878 781 eod.
905 705 976 781 diu.
1000 731 1033 796 q.
1057 731 1088 780 ι.
1113 700 1264 788 censent,
1291 726 1352 800 pn·
1376 728 1449 794 que
1474 705 1508 774 in
1529 706 1679 794 eorporis
1706 705 1925 800 pollutionem
1954 715 1990 780 dc
2015 699 2181 778 contrusi*

508 861 511 866 -
546 826 633 904 pam
653 805 756 879 etium
779 807 815 879 in
827 803 962 903 solenni
975 816 1054 877 voto
1074 799 1264 899 dispensare
1304 801 1354 898 us-
1377 804 1545 876 notionem
1567 802 1787 892 utplurimum
1813 803 1990 883 destnuott
2023 801 2058 873 io
2078 824 2177 889 quom

545 901 597 1001 se.
655 904 761 1005 Quod
783 902 806 976 li
827 902 871 976 ob
887 898 1209 992 Romani-pontificis
1225 903 1259 972 di
1273 925 1354 991 pen·
1377 896 1570 973 seutentiam
1599 904 1749 987 quadum
1781 923 1821 973 ex
1857 898 2006 989 putribus
2039 898 2177 970 sdduxl·

552 999 711 1076 sotiouem
746 1000 917 1073 monsclris
943 1026 983 1071 nc
1010 996 1207 1072 monialibus
1240 1000 1353 1070 motti·
1378 1019 1452 1068 mus
1486 993 1661 1085 superius,
1699 996 1818 1087 quibus
1851 1007 1886 1071 dc
1916 996 1986 1067 bec
2018 993 2176 1082 coniungi

552 1102 706 1177 monium
725 1100 923 1174 contrahere
943 1095 1007 1171 fuit
1030 1099 1226 1190 integrum,
1249 1120 1353 1185 quon·
1378 1088 1529 1184 poliunt:
1567 1090 1748 1166 Mulierem
1771 1096 1891 1190 ignoro
1919 1088 1960 1167 ἒ]
1986 1092 2090 1186 virgo
2112 1111 2174 1161 non

554 1222 591 1276 to
619 1202 726 1293 megis
760 1198 805 1270 ob
837 1195 935 1286 ipstus
967 1200 1031 1269 Dei
1064 1195 1330 1276 constitutionem
1345 1246 1354 1277 ,
1371 1188 1468 1288 sum,
1493 1191 1572 1262 dicit
1591 1194 1724 1279 quidem
1737 1197 1824 1282 opud
1839 1188 2029 1265 camanum
2045 1188 2106 1260 lib.
2121 1193 2174 1260 Vl.

557 1300 617 1389 qui
639 1322 702 1390 per
722 1295 907 1386 opollolum
928 1292 1016 1383 illis,
1045 1294 1103 1382 qui
1125 1285 1267 1364 ulliones
1286 1287 1356 1364 sen·
1380 1292 1422 1361 de
1449 1283 1526 1376 spir.
1561 1285 1648 1362 forn.
1706 1297 1744 1361 ln
1773 1293 1846 1362 iure
1873 1289 2034 1360 canonico
2060 1297 2091 1358 ι’.
2146 1286 2175 1356 Si

556 1400 645 1471 munt
667 1405 702 1470 δι
718 1392 869 1485 periculo
892 1391 1117 1470 fornicationis
1140 1385 1172 1463 se
1196 1387 1357 1478 expolitus
1382 1383 1500 1458 Poulus
1520 1403 1576 1470 31.
1596 1411 1631 1472 q.
1651 1413 1682 1458 2.
1705 1389 1879 1460 edducitur
1901 1389 2029 1458 clidium
2059 1385 2174 1454 Hiero·

556 1491 620 1570 effe
659 1495 952 1571 unimodvettunt,
995 1490 1142 1577 coniugii
1173 1490 1357 1559 remedium
1382 1486 1472 1568 nymi
1493 1483 1527 1552 in
1545 1485 1639 1570 epist.
1661 1487 1702 1556 sd
1723 1484 1870 1556 Eussseh.
1930 1479 2120 1555 limenmrss
2137 1477 2175 1550 ii·

557 1588 764 1683 prescribit,
792 1589 1039 1660 matrimonium
1063 1585 1259 1657 contrahere
1276 1582 1357 1668 illis,
1382 1580 1452 1654 lom
1475 1580 1703 1675 prophetiam,
1730 1606 1769 1652 ne
1790 1578 1940 1655 innubis
1963 1581 2068 1652 elium
2093 1599 2175 1650 con·

557 1692 615 1780 qui
638 1690 808 1762 continere
827 1704 1016 1772 nequeunt,
1049 1680 1176 1753 licitum
1200 1684 1263 1754 erit
1283 1706 1357 1753 cen·
1380 1678 1533 1775 plentur:
1559 1683 1599 1750 Et
1618 1681 1764 1770 virgines
1784 1679 1879 1756 bone
1899 1675 2067 1751 deficient.
2113 1671 2175 1748 Ob·

556 1785 719 1864 sendum?
769 1787 801 1858 Si
819 1790 1050 1857 Romanorum
1064 1777 1260 1869 pontificum
1277 1801 1358 1851 cou-
1374 1774 1479 1873 ssrva
1553 1773 1584 1846 'd
1600 1774 1712 1863 dicii,
1739 1771 1945 1872 &virginer
1963 1774 2076 1862 bonae,
2101 1775 2175 1871 quit

556 1883 716 1962 “litones
740 1882 833 1955 fona
854 1879 1022 1953 munichis
1043 1873 1213 1966 penicillo,
1246 1879 1303 1965 qui
1324 1888 1358 1950 dt
1375 1872 1459 1972 sunt
1540 1873 1691 1969 virginer
1712 1872 1822 1949 moiae.
1877 1872 1947 1972 Qui
1964 1875 2109 1960 viderit,
2130 1874 2176 1944 in·

558 1993 771 2077 poterent&
798 1978 955 2054 volebent
980 1979 1014 2047 in
1040 1976 1184 2047 ctstitnte
1217 1970 1359 2063 profesio
1382 1976 1478 2061 quit,
1510 1968 1680 2045 mulierem
1704 1971 1751 2046 nd
1774 1970 2069 2069 concupiscendum
2088 1992 2178 2068 costr,¹

559 2077 793 2173 perseverare,
822 2100 889 2149 non
906 2072 1058 2148 fecerunt
1075 2072 1212 2144 locellos
1229 2076 1360 2161 nuptio·
1382 2073 1452 2142 ium
1476 2070 1653 2158 mutilatus
1672 2074 1714 2171 est
1739 2091 1810 2143 eam
1834 2073 1870 2144 in
1890 2073 1988 2143 corne
2000 2068 2077 2167 stro.
2117 2065 2177 2141 Pr·

558 2203 637 2254 ruro
661 2177 873 2257 concubitus,
906 2194 944 2243 ut
965 2166 1111 2264 sgnuscit
1131 2173 1302 2241 Novnrrus
1325 2171 1359 2240 in
1383 2169 1431 2242 rit
1462 2189 1542 2262 ergo
1573 2171 1675 2242 etium
1709 2179 1813 2242 mmor
1839 2169 2037 2263 uirginitas.
2108 2163 2178 2267 Iflae

562 2274 706 2351 menutl.
735 2296 807 2362 cup.
832 2278 908 2343 Xll.
937 2296 970 2341 n.
991 2289 1049 2360 75.
1076 2290 1136 2338 cur
1162 2267 1300 2339 incestos
1321 2267 1358 2337 il·
1376 2265 1460 2363 surtt
1486 2266 1635 2362 uirgines
1661 2267 1779 2351 nonin,
1805 2268 1955 2362 uirgines
1972 2291 2090 2352 carne,
2114 2286 2176 2337 non

411 2431 424 2450 ,
559 2373 611 2446 los
632 2369 842 2462 putabimus,
866 2367 924 2455 qui
945 2391 985 2437 ex
1003 2363 1117 2434 melori
1138 2369 1172 2436 di
1188 2365 1361 2453 urgentio·
1378 2362 1526 2458 spiritu,
1549 2387 1588 2435 oc
1612 2363 1753 2437 rubricae
1777 2364 1851 2436 locu
1867 2366 1993 2438 ibidem
2012 2365 2177 2455 preponi-

483 2531 486 2538 .
558 2465 733 2556 clause,
768 2487 868 2553 quom
891 2463 938 2534 est
965 2458 1097 2533 familie
1116 2458 1253 2533 clicuius
1281 2486 1362 2536 cun·
1385 2484 1456 2535 tur:
1495 2459 1690 2554 Virginitas
1711 2463 1824 2534 earnis
1840 2485 1905 2534 non
1919 2460 2176 2557 servatorium·

562 2565 723 2648 sectatio,
749 2563 1002 2637 conceduntur?
1127 2621 1130 2626 .
1385 2572 1417 2633 le
1440 2572 1618 2654 corrupttn-
1660 2586 1689 2633 c.
1712 2565 1785 2632 Neo
1811 2556 1879 2632 solo
1896 2558 1982 2633 ctus.
2006 2571 2042 2636 dt
2072 2559 2177 2648 quen.

932 2686 935 2693 ·
1385 2659 1522 2730 iisdemr
1578 2654 1661 2750 Cum
1671 2655 1709 2752 se
1737 2656 1785 2729 rbi
1801 2659 1940 2731 invicem
1953 2659 2059 2731 esiam
2075 2669 2179 2730 tacen-

560 2807 638 2887 lv.)
651 2805 685 2869 A
697 2791 769 2890 m,
893 2770 922 2847 ς.
945 2753 1024 2870 pl..
1058 2756 1134 2846 lV.)
1155 2755 1184 2824 Α
1202 2748 1361 2925 negum-
1386 2753 1556 2870 selinguu
1575 2754 1691 2851 conspe
1721 2767 1876 2828 umutuo
1898 2756 2178 2872 cordnnnunriosd

429 2970 431 2975 ι
561 2887 768 3055 ,sil-'iin-
817 2878 893 3046 iii
902 2856 1094 3022 nillil„
1111 2853 1256 3029 lili,
1276 2872 1361 3020 2⁰55:
1383 2850 2178 3038 {idiloniiminil‘lili‘llzz

573 3044 736 3136 firiffim·
816 3056 897 3122 dum
908 3045 1029 3122 scilieet
1041 3046 1221 3138 exploretis
1234 3043 1297 3118 suis
1308 3048 1361 3118 vi·
1384 3048 1521 3124 inludis
1536 3046 1581 3122 ob
1598 3051 1769 3123 immundo
1785 3051 1973 3126 uiolatione
1987 3048 2178 3150 corporibus

783 3169 787 3176 ·
817 3146 909 3220 ribus
923 3165 1106 3224 voverunt,
1126 3168 1163 3217 ec
1179 3142 1356 3216 donu‘con-
1377 3147 1480 3246 sugit
1506 3148 1643 3247 castitas
1669 3148 1709 3221 de
1738 3149 1894 3233 moribus.
1975 3151 2083 3245 Quid
2100 3167 2180 3240 erge

561 3251 707 3324 tinentiae
734 3247 881 3320 destituti
910 3266 1089 3335 perpetues
1122 3242 1264 3312 ustiones
1291 3238 1360 3312 sen·
1383 3268 1484 3338 egunt
1515 3249 1632 3318 notorii
1653 3245 1700 3316 illi
1725 3246 1884 3329 coelibes,
1922 3251 1980 3336 qui
2005 3267 2180 3339 perpetuos

563 3351 669 3429 ciunt,
695 3345 743 3417 illi
764 3350 798 3417 io
819 3340 944 3432 duplici
960 3335 1147 3415 neccllitotc
1163 3335 1227 3413 sese
1243 3340 1358 3410 conili-
1384 3345 1454 3416 illns
1476 3344 1616 3416 ustiones
1639 3340 1802 3416 sentiunt?
1829 3344 1952 3418 etismfi
1970 3341 2100 3424 summo
2119 3346 2179 3414 stu·

562 3468 671 3524 tutos,
699 3454 733 3517 dc
753 3440 841 3532 quesn
860 3441 1068 3520 conminus,
1093 3437 1359 3523 deprehendunt,
1384 3446 1440 3514 dio
1464 3440 1639 3514 cohibeant
1660 3465 1828 3515 externam
1852 3445 2113 3522 locomotivom‚
2143 3463 2181 3515 us

561 3546 616 3616 vel
642 3544 733 3616 enim
759 3543 906 3611 remedio
935 3536 1138 3607 matrimonii
1162 3532 1238 3623 ipsus
1265 3556 1359 3604 nten·
1383 3541 1417 3610 in
1448 3562 1617 3611 externum
1649 3535 1880 3612 scortationem
1913 3544 2088 3621 incident,
2127 3559 2181 3610 sot

559 3647 660 3719 dum,
686 3637 739 3708 sel
756 3640 788 3707 in
812 3637 982 3724 perpetuis
1001 3633 1133 3702 ustionis
1153 3654 1190 3703 uc
1215 3630 1358 3702 libidinis
1385 3636 1572 3708 voluntoric
1599 3632 1663 3709 sese
1692 3641 1833 3710 exterius
1857 3636 2036 3728 polluunt,
2073 3660 2179 3710 temen

561 3735 703 3809 llommis
724 3732 799 3822 ipsus
821 3736 866 3804 cll
894 3733 1084 3803 vivendum.
1136 3732 1167 3800 Si
1189 3731 1280 3815 prius
1300 3728 1358 3799 eli·
1383 3731 1489 3821 ipsum
1513 3757 1571 3805 cor
1592 3738 1767 3806 imututate
1790 3761 1854 3805 nou
1881 3732 2032 3822 puilunt,
2058 3760 2100 3807 ne
2126 3731 2179 3804 flo-

555 3856 665 3928 gunt‚
696 3857 764 3904 nun
784 3850 922 3920 peccunt
944 3849 1062 3900 contro
1087 3826 1195 3918 legem
1214 3826 1358 3914 aliquam
1383 3853 1458 3920 gret
1486 3835 1653 3905 &ardent
1680 3835 1817 3905 internis
1846 3833 2055 3914 ustionibus,
2087 3852 2180 3918 utque

558 3937 733 4010 divinem,
766 3924 997 4018 quianullum
1035 3927 1137 3996 enllut
1166 3929 1358 3997 mundatum
1385 3929 1432 3997 hae
1460 3926 1600 4000 flumme
1630 3928 1702 3999 illus
1730 3929 1930 4014 distrahunt,
1964 3929 2181 4021 perturbont,

559 4035 601 4104 de
637 4052 717 4104 roto
750 4027 903 4116 perpetui
939 4021 1137 4102 coelibatus,
1179 4026 1259 4109 quin
1292 4025 1357 4124 imo
1383 4022 1612 4096 conscientiam
1635 4032 1777 4107 nollunt,
1800 4029 1935 4117 pietatis
1955 4031 2113 4101 exercitis
2134 4050 2182 4099 re·

556 4125 818 4228 prohibitionem
847 4120 1060 4192 matrimonii
1092 4123 1181 4190 Deus
1211 4143 1359 4203 pronun·
1384 4147 1574 4203 morantur,
1603 4122 1656 4195 hic
1674 4146 1762 4197 certe
1779 4124 1907 4197 nullum
1921 4124 1987 4196 illis
1999 4128 2180 4199 remedium

558 4218 1149 4301 eittelsedonrinomdemoniorum
1175 4221 1287 4288 tTim.
1303 4224 1359 4288 lv.
1385 4217 1527 4307 superest
1553 4220 1667 4301 eliud,
1698 4222 1719 4293 st
1742 4224 1917 4311 precibus,
1951 4226 2104 4302 ieiuniis,
2132 4223 2183 4293 nb·

479 4379 494 4400 t
564 4351 595 4398 ι.
645 4320 757 4397 seddi
790 4320 951 4410 posterius
972 4317 1123 4408 eligunt,
1159 4338 1226 4385 nun
1254 4310 1357 4385 solum
1385 4319 1559 4398 llinentio,
1592 4317 1672 4409 fuga
1694 4314 1948 4393 conversationis
1969 4347 2046 4393 cum
2067 4322 2180 4393 mulie.

559 4443 674 4496 contro
697 4420 808 4512 legent
828 4418 1001 4493 divinem,
1038 4401 1091 4485 (ed
1120 4413 1219 4483 ctiam
1242 4430 1359 4482 contre
1385 4416 1494 4494 ribus,
1516 4416 1603 4487 lullo
1619 4428 1683 4490 &c
1706 4417 1788 4488 nihil
1809 4417 2006 4508 proficiunt,
2031 4445 2131 4508 quom
2150 4439 2183 4490 ut

557 4519 666 4613 ipsum
692 4516 900 4592 continentie
933 4534 1049 4583 votum
1075 4530 1239 4598 peccunt3
1277 4508 1359 4580 illud
1385 4512 1473 4582 suum
1499 4514 1534 4583 iu
1565 4522 1717 4586 vovendo
1742 4520 1962 4589 temeritatem
1991 4515 2183 4609 ugnoscont,

558 4627 650 4693 enim
676 4617 842 4705 requirit,
879 4630 919 4681 ut
946 4634 1012 4682 non
1032 4604 1138 4677 solum
1164 4608 1360 4698 econiugio
1383 4633 1523 4697 comque
1547 4608 1606 4681 subi
1626 4616 1805 4685 condonari
1826 4637 1957 4703 petunt,
1981 4626 2017 4688 dt
2038 4618 2183 4690 remedio

560 4718 766 4792 obstineant,
797 4707 850 4783 sed
875 4710 974 4783 etium
993 4705 1111 4778 cossum
1134 4706 1359 4797 virginitatem
1384 4710 1530 4798 coniugii
1553 4711 1708 4780 divinitus
1728 4714 1902 4783 conllituto
1920 4735 2068 4789 utantur.
2109 4709 2184 4785 Oen·

558 4811 700 4888 serrem
773 4815 843 4881 lom
880 4830 960 4880 sero
1000 4802 1170 4892 virginalis
1206 4804 1358 4884 collitus,
1384 4806 1438 4874 nis
1461 4805 1629 4903 promifflo
1655 4805 1695 4881 Εἴ
1712 4832 1805 4882 omne
1826 4811 2074 4892 iuramentum,
2109 4807 2182 4882 scti-

561 4937 664 5000 quotts
690 4905 854 4998 apossolus
876 4928 939 4990 per
960 4899 1175 4998 'sundilalem
1210 4899 1361 4993 corporis
1385 4900 1435 4972 bit
1465 4899 1556 4975 loson
1578 4904 1602 4977 l.
1630 4906 1652 4978 sn
1682 4904 1792 4979 sertus
1815 4935 1848 4981 n.
1873 4927 1905 4996 8.
1932 4907 1968 4981 ff.
1997 4911 2184 4984 detonuit.

564 5006 607 5086 U
638 5005 750 5081 animi
775 5000 889 5077 definit
932 5003 1138 5075 tCor.Vll.
1159 5020 1215 5088 34.
1249 4996 1359 5070 locum
1385 4998 1470 5073 ctus.
1493 5005 1558 5072 det.
1582 5028 1619 5075 tc
1644 5008 1786 5094 proinde
1807 5010 1908 5078 etiotn
1933 5031 2034 5082 omne
2055 5030 2184 5085 votum,

413 5195 416 5200 Ι
558 5135 631 5188 nnn
651 5107 781 5187 leuben,
813 5099 871 5177 ubi
896 5101 1014 5174 ordeut
1035 5095 1174 5172 flemma
1197 5093 1360 5185 libidinis,
1385 5098 1587 5204 intelligitur
1611 5125 1685 5176 cnm
1705 5101 1858 5201 clausula
1884 5102 1980 5181 rebus
1996 5107 2048 5206 fic
2062 5104 2182 5277 sinberti-

2130 5225 2184 5286 Νι
