4884 5984
1026 492 1089 566 na
1138 490 1412 607 contraire.
1958 518 2021 594 ,7,

411 646 531 759 ωηηια
547 683 686 785 copiunt
712 683 847 764 nubum
873 684 975 774 iliud,
1008 686 1073 787 sed
1092 688 1211 787 preibat
1235 693 1349 779 quenti
1367 714 1580 776 enumerate,
1611 717 1650 767 ae
1671 693 1783 783 postea
1803 686 2022 785 subiungere:

412 784 531 858 dutum
547 791 600 888 est.
648 787 721 861 Ubi
735 783 877 860 observa
895 788 1128 882 alcuninum
1143 814 1209 862 nou
1242 788 1312 887 Qui
1326 797 1430 893 potest
1450 816 1581 891 capere,
1606 795 1741 888 capion
1764 816 1830 880 quo
1843 790 1913 882 ipso
1926 787 2027 865 diser·
2099 880 2102 885 q

412 879 508 971 loqui
533 890 576 960 de
596 885 785 960 infidelibus
810 886 863 959 vel
891 890 932 959 de
955 888 1148 961 Christianis
1175 891 1209 959 in
1234 911 1268 962 te
1288 895 1404 980 docet,
1436 896 1561 966 donum
1586 893 1794 964 continentie
1818 916 2026 981 nequaquam

409 980 546 1079 pietatis
567 986 673 1058 iludio
693 983 949 1065 mitioribus,
981 983 1035 1060 sed
1056 987 1103 1077 od
1120 985 1210 1084 ipsos
1233 992 1381 1078 pendere
1403 1017 1422 1062 a
1446 989 1623 1063 cuiuslibet
1649 991 1843 1077 querentis,
1882 991 2027 1078 petentis

412 1082 604 1183 aposlolus,
632 1086 744 1174 qui‘in
759 1088 873 1155 'ludera
891 1085 1104 1177 evangelium
1123 1112 1210 1174 pra·
1235 1109 1335 1176 atque
1356 1091 1533 1161 adnitentis
1554 1087 1743 1168 voluntate,
1765 1082 1819 1158 sed
1836 1113 1876 1158 ex
1889 1088 2049 1161 Deida-

411 1184 630 1266 dieavcrunt,
657 1192 691 1257 δι
710 1184 745 1253 in
773 1202 881 1254 totum
907 1203 1072 1257 tertarum
1091 1183 1211 1256 orbem
1235 1212 1293 1257 uo.
1345 1187 1460 1260 Sensus
1483 1190 1573 1260 enim
1594 1188 1660 1271 eil,
1682 1208 1719 1257 ut
1740 1189 1878 1275 adparet
1893 1211 1934 1258 ex
1954 1210 2030 1259 ver⁴

410 1302 494 1351 cum
516 1280 683 1373 euangelii
704 1282 872 1368 praeconio
894 1277 1072 1372 ablegaudi
1099 1304 1212 1368 erant,
1237 1283 1360 1356 borum
1383 1287 1613 1359 connexione:
1664 1282 1735 1381 Qui
1759 1288 1866 1384 polest
1892 1304 2026 1380 capere,

410 1377 536 1466 quibus
568 1378 646 1450 licet
680 1381 822 1452 maxime
857 1384 1058 1452 conveniens
1084 1382 1214 1454 uidere·
1237 1384 1352 1470 idest,
1387 1385 1441 1455 cui
1467 1383 1607 1474 desuper
1625 1384 1740 1455 datum
1758 1385 1824 1469 est,
1850 1404 1887 1453 ut
1909 1406 2030 1470 capere

389 1548 395 1557 ,
413 1496 474 1549 tur
493 1476 685 1564 coelibatus,
712 1499 823 1550 tamen
840 1475 948 1548 noluit
964 1477 1114 1552 Christus
1129 1503 1214 1570 prae·
1237 1477 1359 1570 poffie,
1383 1480 1441 1554 ille
1459 1483 1592 1579 capiat,
1618 1483 1729 1567 idest,
1754 1501 1865 1553 utatur
1882 1504 1923 1551 eo
1939 1483 2028 1553 douo

413 1599 520 1666 cepto
540 1577 684 1665 quodam
714 1575 789 1666 ipsus
810 1599 886 1646 eum
906 1577 1100 1665 imponere,
1135 1602 1212 1651 eum
1237 1580 1277 1651 ad
1300 1582 1575 1673 propagationem
1597 1580 1693 1668 regui
1709 1577 1868 1663 coelellis,
1903 1579 1943 1649 ad
1962 1581 2029 1651 Dei

409 1699 485 1746 aton
510 1698 625 1749 omnes
653 1677 732 1747 doni
760 1675 850 1745 illius
873 1672 936 1745 stne
959 1699 1106 1764 capaces.
1158 1675 1212 1773 a.)
1237 1673 1379 1765 gloriam
1406 1678 1609 1752 &ecclesa
1637 1674 1783 1749 salutent.
1835 1681 1880 1746 Ex
1909 1677 2028 1761 quibus

414 1771 590 1846 Christum
611 1797 649 1844 co
670 1784 814 1868 ienrpore
836 1770 900 1843 ltoc
919 1771 1112 1859 protulisse,
1146 1799 1212 1862 quo
1236 1773 1390 1846 ominibus
1421 1775 1464 1849 stc
1492 1775 1743 1848 concludimus:
1790 1773 2027 1871 Quodcunque

369 1930 371 1937 .
395 1868 556 1960 aposloli
583 1870 831 1963 significabant,
867 1869 926 1941 srbi
951 1874 1059 1962 magis
1079 1872 1213 1963 placere
1236 1874 1360 1943 donum
1380 1875 1426 1945 est
1444 1875 1612 1967 peculiare
1633 1896 1672 1945 ac
1688 1872 1877 1962 proprium,
1903 1876 2026 1961 dequo
2093 1896 2102 1903 ·

412 1969 624 2042 celibatum.
662 1975 825 2042 Dixerant
844 1970 936 2061 enim
954 1999 985 2043 v.
1001 1995 1055 2043 ιο.
1087 1967 1131 2044 Si
1143 1971 1213 2044 tale
1237 1993 1304 2042 non
1329 1971 1430 2042 exssat
1460 1967 1658 2061 promissio,
1691 1974 1784 2066 quod
1802 1972 1895 2040 Deus
1918 1971 2021 2051 ononi·

412 2070 461 2169 est
491 2070 662 2162 negotium
695 2066 843 2141 lromt'nt's
875 2090 947 2141 cam
978 2091 1109 2154 uxore,
1145 2094 1211 2143 non
1236 2067 1298 2138 bus
1315 2092 1353 2139 ac
1377 2067 1510 2161 fingulis
1533 2066 1720 2160 petentibus
1739 2092 1778 2139 ac
1804 2065 2026 2154 quarentibus

405 2167 555 2266 expean
573 2165 702 2241 nubere.
755 2171 816 2240 Sed
834 2164 985 2239 Chrillus
1007 2166 1073 2239 illis
1093 2171 1138 2240 ita
1159 2194 1210 2243 re.
1235 2163 1319 2237 illud
1340 2169 1418 2239 date
1442 2168 1543 2265 uplie,
1569 2170 1609 2241 ad
1634 2170 1667 2237 id
1684 2187 1764 2239 voto
1786 2161 1818 2237 se
1841 2163 2027 2255 obstringe·

407 2262 577 2357 spondet,
612 2290 650 2339 ut
667 2287 768 2356 neget
790 2262 887 2338 verbi
908 2261 995 2337 illius
1015 2291 1130 2340 ornnes
1147 2267 1210 2340 elle
1235 2267 1466 2351 tetemttan'a'
1487 2267 1534 2340 eti
1557 2262 1757 2353 praesumtio.
1820 2264 2027 2355 Seddonunt

406 2389 562 2456 capaces.
616 2370 665 2455 3.)
688 2352 918 2439 Christum'&
936 2363 1151 2463 adfirmative
1174 2376 1208 2439 δι
1234 2365 1470 2447 continentie,
1511 2364 1591 2437 telle
1613 2361 1766 2450 Christo,
1791 2364 1836 2432 ira
1858 2383 2031 2449 competa·

390 2464 571 2561 negative
590 2459 679 2536 suam
701 2467 745 2535 de
764 2468 852 2534 dono
872 2465 1081 2535 coutinentia
1106 2488 1207 2552 eapo-
1234 2482 1305 2531 tunt
1327 2462 1389 2544 est,
1422 2481 1539 2545 utnon
1560 2459 1599 2532 stt
1618 2483 1795 2532 commune
1814 2480 1852 2545 ac
1871 2458 2029 2549 generale

366 2640 370 2649 ,
410 2559 508 2635 suine
536 2561 739 2637 sententiam.
805 2563 975 2651 Negative
1004 2564 1110 2645 dicit,
1142 2587 1207 2637 non
1234 2556 1391 2629 omnibus
1417 2561 1481 2646 piis
1511 2582 1550 2631 ac
1586 2556 1775 2646 petentibus
1808 2552 2027 2644 permitiunt.

413 2682 529 2736 oannes
553 2662 693 2760 cupiunt
716 2658 851 2735 uerbum
868 2660 939 2732 ltoc.
990 2659 1208 2735 adfirmative
1235 2653 1288 2728 sed
1314 2655 1482 2745 peculiare
1505 2677 1602 2742 atque
1627 2657 1813 2748 proprium.
1873 2658 1965 2743 Ergo
1985 2658 2029 2724 ad

412 2764 529 2852 polleo
551 2761 701 2842 subiicit,
725 2763 858 2849 quinam
881 2761 950 2832 eius
973 2758 1033 2831 stnt
1055 2786 1207 2851 capaces,
1233 2752 1316 2825 illud
1350 2777 1429 2827 voto
1459 2749 1492 2826 se
1525 2752 1731 2846 obstringere
1766 2750 1941 2825 temeraria
1981 2752 2029 2824 est

411 2860 469 2935 illi
493 2857 635 2942 scilicet,
663 2859 781 2957 quibus
800 2858 937 2946 tioium,
970 2860 1082 2943 utique
1099 2887 1116 2931 a
1134 2860 1209 2932 Deo
1233 2847 1433 2951 presumtio.

410 2962 524 3033 omnis
539 2960 619 3033 boni
632 2963 755 3033 datore.
791 2970 839 3046 4.)
849 2962 910 3029 Per
923 2955 979 3033 cdv
992 2954 1096 3056 λόγια
1110 2958 1211 3050 plna·
1249 3036 1252 3041 ,

413 3056 443 3132 fi
466 3056 617 3132 hebraica
636 3058 779 3150 intelligi
803 3053 1022 3152 reminsem,
1055 3054 1210 3130 videlicet
1311 3056 1509 3140 §.Dxxvt
1528 3051 1656 3140 Excipit
1672 3048 1887 3124 Bellarminus
1902 3051 1944 3124 de
1955 3073 2030 3123 nto-

412 3163 552 3233 donum·
565 3180 658 3232 extra
681 3159 874 3247 coniugium
898 3157 982 3227 calle
1001 3157 1154 3241 vivendi,
1175 3179 1211 3226 ut
1236 3150 1331 3223 naclt.
1354 3176 1426 3238 cap.
1443 3158 1566 3223 XXXl.
1586 3150 1822 3229 coattiucntiam
1840 3145 1898 3247 effe
1912 3173 1957 3221 ex
1970 3172 2032 3219 aru·
2162 3174 2166 3179 ·

412 3260 557 3346 adparet
579 3283 618 3332 ex
647 3281 742 3347 parte
762 3255 849 3328 illius
874 3251 1025 3325 versiculi
1054 3255 1212 3342 pallerio-
1237 3270 1326 3321 atero
1362 3248 1493 3321 illorum
1533 3248 1725 3332 donorum,
1765 3269 1837 3344 quae
1873 3244 2032 3355 verifflnre
2176 3300 2180 3311 .

412 3381 478 3442 re,
502 3356 620 3455 quibus
638 3356 754 3428 dotum
777 3357 838 3455 efl,
861 3352 907 3423 illi
921 3351 986 3424 hoc
1002 3353 1143 3427 verbum
1160 3377 1211 3423 ea·
1238 3347 1368 3441 quidem
1382 3344 1467 3442 stant
1488 3342 1558 3417 Dei
1576 3346 1684 3425 donin
1709 3345 1845 3417 interim
1870 3353 1980 3416 lumen
1998 3362 2035 3412 tn
2140 3376 2146 3387 1

414 3480 502 3549 pere
532 3453 688 3548 possunt,
726 3475 764 3529 ut
793 3457 876 3524 calle
903 3472 994 3521 extra
1020 3453 1213 3543 coniugium
1239 3443 1386 3518 arbitrio
1410 3468 1452 3517 ac
1471 3446 1631 3544 potestate
1651 3444 1763 3541 nostru
1782 3441 1912 3540 postia,
1942 3440 2036 3538 ficut

414 3560 547 3629 vitant.
599 3556 658 3648 5.)
680 3550 727 3629 Τὸ
742 3551 939 3647 χωρεῒναοα
955 3551 1060 3636 accipi
1083 3574 1124 3621 eo
1144 3545 1215 3620 sen·
1243 3542 1398 3628 credere,
1419 3541 1576 3640 sperare,
1613 3540 1775 3637 diligere,
1802 3537 2048 3636 perseverare,-

415 3649 478 3745 su,
504 3677 571 3742 quo
596 3651 837 3740 lolt.vlil.37.
860 3645 1056 3736 usurpatur:
1099 3644 1216 3720 Sermo
1237 3644 1419 3742 potientem
1438 3638 1514 3738 effa,
1540 3635 1850 3735 dicuattur&sunt
1870 3634 2035 3810 verginia
2111 3642 2117 3697 '.

416 3778 511 3830 maus
528 3752 686 3850 ἐχαρεῒ,
709 3745 892 3823 nonhabet
914 3744 1020 3817 Iocum
1046 3745 1081 3816 in
1100 3747 1216 3823 uolrist
1245 3739 1315 3814 Dei
1335 3741 1442 3827 dona,
1478 3737 1518 3814 Θ
1535 3752 1645 3811 tantan
1666 3739 1810 3835 pendant
1824 3735 1867 3810 ab
1882 3736 1928 3810 ele
1961 3735 2037 3808 ione

419 3850 479 3928 sed
499 3858 609 3942 potius
630 3876 690 3930 co,
720 3874 785 3936 quo
803 3855 909 3918 liare.
926 3852 967 3916 ll.
987 3869 1019 3916 r.
1041 3841 1413 3926 tuh.-11.6.·lmmrna,
1439 3836 1479 3912 ὅ
1488 3836 1572 3934 sunt
1591 3838 1752 3937 innostra
1765 3839 1943 3936 potestate,
1958 3833 2040 3929 quio

417 3958 515 4029 XXl.
535 3974 591 4041 25.
622 3947 795 4036 usurpatur
820 3971 887 4034 pro
914 3967 1037 4038 capere.
1098 3948 1218 4031 Neque
1247 3937 1341 4011 Deus
1360 3938 1438 4010 licat
1459 3937 1571 4021 iuvet,
1597 3959 1663 4008 uon
1692 3945 1801 4007 tantan
1830 3935 1923 4027 cogit
1940 3955 2040 4026 atque

418 4054 512 4125 enim
543 4045 649 4121 sensus
673 4050 746 4130 cll,
786 4047 876 4133 quod
904 4044 980 4112 inae
1012 4061 1111 4129 atque
1144 4045 1220 4112 ideo
1244 4037 1428 4136 uecaffitote
1461 4038 1549 4108 unde
1574 4036 1746 4124 distinguit
1771 4034 1858 4103 inter
1881 4028 2040 4101 auxilium
2164 4120 2170 4131 ⁸
2207 4134 2212 4141 Ι

419 4172 490 4225 non
512 4173 626 4220 ornnes
647 4150 777 4234 capiant
798 4146 860 4214 boc
881 4140 1039 4221 uerbum,
1066 4141 1142 4226 quia
1160 4143 1219 4211 do·
1237 4135 1453 4234 sufficiens&
1469 4133 1599 4230 efficax.
1648 4132 1701 4202 Ad
1719 4130 1954 4201 continentiam
1970 4149 2039 4199 non

421 4274 506 4323 num
528 4247 609 4319 illud
633 4267 781 4333 quarere
802 4253 969 4325 &petere
989 4239 1118 4317 nolint,
1141 4237 1219 4308 aliae
1245 4239 1353 4308 minus
1373 4259 1472 4323 quarn
1490 4236 1531 4304 ad
1550 4229 1668 4309 fidem,
1692 4224 1802 4318 spem,
1826 4224 2040 4300 diledlionem
2174 4245 2178 4251 ·

421 4353 458 4421 in
489 4343 583 4421 versu
607 4340 754 4433 sequenti
780 4340 929 4412 Christus
953 4334 1103 4407 dixisset:
1151 4331 1220 4431 Qui
1246 4344 1312 4408 dte.
1341 4336 1411 4406 dari
1444 4327 1599 4402 amnibus
1625 4322 1744 4399 adserit
1773 4325 1930 4397 auxilium
1943 4319 2040 4420 stiffi·-

422 4445 525 4529 uult,
562 4434 700 4540 caprini,
742 4464 818 4511 cum
850 4458 964 4506 contra
994 4437 1220 4523 pronunciet,
1246 4425 1667 4521 cieus,licetuoneffirax.
1719 4419 2042 4513 Respdillinguen·

434 4545 507 4643 Qui
524 4547 626 4644 potes?
650 4563 781 4636 capere,
803 4536 928 4629 cupiat,
982 4536 1042 4605 Sed
1065 4535 1154 4616 quod
1172 4534 1221 4601 in·
1245 4531 1378 4603 dunen
1388 4531 1474 4599 inter
1488 4526 1644 4597 donaDei
1660 4520 1848 4593 communia
1867 4516 1919 4589 seu
1937 4541 2042 4633 gene-

425 4653 471 4720 de
493 4663 591 4731 atque
612 4645 688 4713 idco
709 4664 775 4709 non
796 4658 910 4706 omnes
930 4632 994 4703 hoc
1011 4627 1152 4701 uerbum
1169 4654 1218 4699 ca·
1247 4628 1345 4714 ralia,
1365 4652 1446 4715 quae.
1459 4620 1613 4695 omnibus
1633 4623 1695 4709 piis
1716 4617 1789 4690 sunt
1807 4612 1982 4691 necessaria
1996 4639 2038 4688 ae

424 4749 548 4837 piant,
579 4743 655 4829 quia
682 4762 749 4810 uon
772 4736 818 4804 eil
841 4738 953 4803 datum
980 4725 1152 4811 omnibus,
1184 4727 1220 4801 ἃ
1245 4729 1403 4798 divinitus
1424 4719 1597 4813 promissa,
1621 4722 1787 4790 'tunm
1816 4737 1871 4803 13.
1925 4709 2042 4785 Dabit
2177 4797 2194 4805 ἢ

424 4845 505 4932 quia
533 4846 624 4912 Deus
651 4863 720 4908 non
750 4832 822 4904 vult
855 4824 1083 4900 indifferenter
1109 4827 1217 4898 omni·
1247 4822 1344 4901 Deus
1366 4821 1535 4918 „Spiritum
1550 4814 1702 4913 sanilam
1720 4811 1927 4928 parentilitate
1951 4809 2038 4885 Phil.

423 4941 489 5014 bus
510 4964 547 5012 ac
575 4935 707 5030 fingulis
729 4931 894 5020 peculiare
922 4940 956 5001 ut
979 4924 1147 5016 privatum
1175 4922 1216 4993 il·
1242 4932 1267 4996 l.
1284 4949 1341 5014 29.
1400 4919 1510 4996 Vobis
1529 4918 1646 4991 dnicae
1667 4916 1727 5014 est,
1759 4923 1797 5027 ut
1816 4937 1852 5027 rat
1875 4934 1947 4984 aum
1971 4928 2041 4985 cre·

423 5040 486 5113 lud
510 5030 635 5111 donum
659 5028 823 5107 conferre.
875 5032 923 5112 6.)
939 5028 1093 5112 Denique
1113 5021 1213 5097 Chri·
1239 5021 1366 5105 dotise-
1383 5029 1418 5094 dc
1440 5022 1527 5090 inter
1558 5019 1643 5090 dona
1667 5012 1856 5109 paruitarto
1882 5005 1937 5080 seu
1956 5032 2041 5094 pro·

420 5143 512 5215 stum
543 5140 606 5211 tria
631 5129 862 5212 eunuchorum
888 5147 1013 5242 genera
1039 5118 1136 5202 versu
1165 5116 1213 5195 se·
1245 5123 1342 5290 prk,
1393 5120 1436 5194 de
1464 5115 1596 5210 quibua
1617 5137 1686 5188 noo
1710 5112 1812 5186 exstat
1840 5102 2041 5293 protni‘lssrg‘i

1351 5241 1376 5298 2
1870 5270 1873 5275 .
