4884 5984
616 477 691 556 'AN
739 483 808 554 Sl'l'
856 473 1130 555 otuottrtvra
1181 478 1233 550 ΙΝ
1280 479 1393 554 Nou.
1443 423 1566 554 rust.
1841 499 1913 566 ια,

233 717 252 724 --
279 669 414 744 etum?
464 667 525 768 ς.)
546 676 601 745 De
630 697 698 762 qno
722 677 866 748 divortio
891 677 1078 766 interroge-
1190 683 1223 758 §-
1250 675 1402 745 Dtxvt.
1430 675 1582 746 l’raevidit
1602 667 1817 742 Bellrrminut
1832 665 1903 764 line

258 792 363 842 runt
392 765 540 858 pherisei
568 771 690 844 Mutth.
712 772 801 844 XlX.
831 795 862 862 3.
894 778 936 842 de
960 779 1077 844 eodene
1100 793 1296 862 tegumento
1322 797 1386 860 pro
1417 775 1523 844 nollre
1552 770 1771 857 explicatione
1797 771 1904 838 uddu-

270 867 375 938 etium
399 867 548 940 Chrillut
568 865 759 956 respondit,
789 871 865 940 nlius
885 869 943 959 ipss
964 871 1077 958 quaeli-
1100 873 1130 939 ci
1154 865 1262 958 poss'e,
1287 873 1361 940 ideo
1385 875 1441 958 ll.)
1460 872 1599 956 excipit,
1624 861 1810 963 pitarisaeos
1824 861 1899 960 qui·

268 959 387 1036 eill'ent
404 967 446 1036 de
465 963 565 1050 alliis,
591 965 787 1038 rcChritlut
803 967 878 1056 ipsis
893 961 1076 1056 respondis·
1099 968 1172 1038 dem
1195 963 1410 1062 interroguffe
1427 967 1466 1039 dr
1490 965 1671 1064 dimiffiane
1690 963 1801 1057 quoad
1821 963 1897 1036 vire-

267 1053 381 1132 secde
404 1064 528 1150 coepie,
560 1069 650 1149 quod
675 1071 717 1134 de
732 1064 787 1136 ille
809 1067 947 1138 caelestis
970 1069 1073 1137 Patris
1098 1063 1233 1146 culum,
1273 1059 1439 1163 Christum
1459 1088 1535 1137 veru
1556 1067 1595 1137 de
1618 1062 1729 1136 eadent
1748 1085 1815 1134 nan
1844 1084 1897 1137 re·

266 1151 426 1244 sepientis
448 1163 595 1250 cogitare
625 1158 813 1236 absurdum.
865 1166 967 1248 tltqui
989 1161 1073 1250 pliu-
1088 1159 1268 1259 spundiffe.
1337 1169 1412 1234 Hoc
1433 1188 1514 1234 vero
1538 1186 1697 1252 perquem
1718 1156 1897 1232 absurdunt

268 1249 352 1327 risei
387 1257 634 1348 interrogarunt
667 1263 710 1329 de
743 1263 916 1345 divortio,
962 1262 1072 1348 quord
1095 1265 1158 1344 etl,
1191 1270 1233 1332 de
1254 1262 1314 1332 alia
1335 1287 1370 1332 re
1400 1257 1573 1348 phariseus
1592 1263 1822 1348 interrogare,
1852 1259 1895 1330 de

267 1349 453 1428 vinculum.
504 1359 583 1426 Non
602 1379 695 1427 erent
716 1355 765 1427 illi
784 1356 899 1429 soliciti
914 1363 957 1432 de
975 1355 1071 1430 ‹lislo-
1096 1357 1157 1430 eliu
1176 1359 1346 1432 Chrillum
1369 1355 1585 1446 respondere!
1627 1358 1811 1454 Quomodo
1831 1355 1897 1446 igi·

268 1451 521 1540 lotionequerd
537 1451 684 1539 titanum,
709 1452 761 1526 sed
776 1459 986 1544 questionem
1000 1481 1073 1527 nro·
1097 1477 1152 1528 tur
1175 1457 1298 1544 probet
1327 1456 1543 1530 Bellurminut
1574 1451 1667 1525 lirum
1698 1449 1894 1528 somnium?

249 1549 402 1646 nebunt
421 1555 462 1623 de
484 1547 643 1624 solutione
664 1559 772 1640 quoud
787 1555 974 1639 vinculum,
1000 1579 1073 1642 que
1101 1551 1205 1634 Cum,
1229 1557 1356 1642 inquit,
1380 1557 1416 1626 in
1431 1551 1611 1651 dimr'ffiom
1624 1547 1902 1648 perfetiaquoad.

267 1647 450 1738 in'populo
466 1645 641 1722 israelitico
657 1673 729 1723 erut
742 1651 865 1726 usitate.
903 1659 1003 1744 Ergo.
1024 1659 1072 1738 4.)
1096 1653 1265 1725 uinculum
1287 1653 1351 1725 duo
1376 1655 1609 1726 contineantur
1628 1648 1771 1748 dimtffio
1795 1649 1895 1722 unias

266 1749 323 1819 De
340 1771 409 1832 quo
424 1750 568 1819 diuortio
583 1747 734 1836 loquitur
748 1749 802 1822 lex
818 1747 954 1823 mosaice
969 1755 1070 1823 Deut.
1099 1749 1142 1824 (5
1159 1753 1303 1850 'potestas
1325 1752 1464 1824 ducendi
1483 1750 1611 1836 aliam,
1640 1744 1809 1821 Dominus
1829 1745 1900 1820 iraec
1957 1751 1960 1760 '

267 1841 403 1914 xxiv.
423 1866 451 1918 t.
472 1849 514 1916 de
538 1849 655 1916 eodem
673 1847 886 1938 intelligendu
908 1845 980 1922 sunt
997 1873 1071 1918 ver·
1095 1850 1161 1920 duo
1175 1848 1368 1944 separavit,
1394 1876 1434 1922 ac
1458 1875 1557 1923 unum
1582 1848 1710 1944 quidem
1729 1843 1894 1942 cancrfflt‚

267 1937 311 2012 be
333 1939 459 2014 Chrilli
484 1944 604 2022 Motth.
621 1949 661 2016 V.
684 1969 736 2032 32.
788 1953 888 2018 Rusio
904 1952 968 2026 eli,
996 1947 1072 2031 quin
1095 1949 1182 2020 dimi
1206 1973 1310 2020 eonem
1336 1949 1492 2021 videlicet
1521 1973 1593 2019 auen
1626 1946 1826 2046 restriiiione
1846 1941 1894 2014 ad

265 2037 423 2114 Chritlue
440 2039 509 2111 hee
526 2043 629 2113 verbe
648 2046 790 2129 opponit
810 2047 966 2116 doterinae
990 2043 1069 2130 phe·
1095 2069 1156 2118 cau
1174 2071 1228 2116 arn
1248 2045 1517 2138 fornicationis,
1553 2047 1694 2120 alterum
1720 2066 1797 2116 uero
1821 2065 1892 2114 om·

268 2131 461 2218 riszoeum,
484 2163 583 2224 quem
600 2166 639 2213 ex
657 2141 738 2231 lege,
752 2140 889 2214 mosaica
904 2146 946 2216 de
956 2141 1072 2214 libello
1095 2145 1174 2217 nina
1188 2142 1346 2244 sajluiits
1381 2147 1423 2230 fit
1440 2143 1508 2216 inec
1527 2148 1573 2313 ppt
1595 2141 1715 2236 causa,
1744 2165 1803 2214 eur
1815 2139 1892 2234 fere

266 2237 403 2324 repudii
435 2233 494 2324 ips
528 2236 739 2328 colligebant.
811 2247 881 2312 turn
910 2263 991 2312 vero
1018 2239 1071 2310 lex
1087 2245 1218 2339 semper
1243 2241 1412 2316 Dominus
1440 2242 1500 2315 iila
1550 2266 1593 2314 uo
1612 2239 1760 2338 dt'jlintie
1775 2236 1893 2336 posue·

265 2327 409 2406 mosaice
433 2333 580 2422 loquitur
608 2341 650 2406 de
679 2338 736 2426 toli
769 2340 937 2422 divortio,
982 2339 1068 2424 quod
1095 2343 1159 2414 rit:
1185 2342 1388 2433 Quicunque
1406 2338 1563 2412 dimiserit
1580 2349 1612 2412 δι
1628 2341 1724 2410 ulium
1745 2340 1892 2421 duxerit,

265 2431 316 2504 eu
337 2441 471 2522 vere&
493 2437 631 2522 proprie
650 2432 692 2504 se
717 2437 844 2508 ditium
865 2439 1071 2520 divortium,
1095 2439 1313 2512 ninimirum
1338 2438 1525 2533 explicaret
1551 2437 1723 2532 repudium
1754 2437 1791 2508 in
1819 2434 1893 2528 iege

268 2551 339 2616 quo
356 2525 462 2618 ipsum
483 2537 630 2622 coniugii
650 2533 817 2604 vinculum
839 2531 984 2605 solvitur.
1012 2537 1072 2602 Pu·
1096 2533 1302 2632 permistum,
1327 2535 1367 2610 st
1380 2539 1505 2632 partim
1518 2535 1738 2630 adprobaret,
1759 2534 1892 2629 partim

271 2647 328 2730 ιιι(
337 2623 402 2726 hoc
415 2653 454 2700 ex
479 2627 553 2718 ipsis
574 2631 682 2700 verbis
702 2627 788 2701 illius
805 2633 887 2720 legis
906 2661 935 2702 v.
954 2659 983 2702 2.
1000 2655 1070 2700 cunr
1097 2633 1310 2732 improbaret.
1364 2632 1461 2721 Resp.
1484 2637 1532 2724 t.)
1547 2641 1599 2706 De
1614 2655 1682 2704 tote
1695 2634 1828 2720 repudii
1843 2630 1893 2704 le·

270 2719 400 2836 egrqffu
421 2730 614 2814 (repudiata
633 2759 638 2786 ι
660 2729 803 2800 osterum
829 2732 987 2800 nsnritum
1010 2727 1071 2800 du·
1096 2759 1163 2824 ge,
1205 2759 1278 2820 quae
1296 2757 1362 2802 non
1390 2731 1492 2803 solum
1522 2727 1740 2803 dimissionem
1768 2730 1893 2812 unius,

265 2833 394 2906 ¹ureret,
433 2845 464 2895 u.
491 2851 524 2910 3.
557 2821 598 2897 &l
620 2823 675 2896 iile
698 2851 821 2922 quoque
845 2832 953 2900 oderit
976 2850 1070 2913 earn,
1096 2831 1148 2902 sed
1177 2834 1275 2904 etiem
1305 2831 1496 2914 potestatem
1515 2829 1656 2900 ducendi
1675 2827 1771 2900 eliam
1802 2849 1894 2902 corrr-¹

271 2919 464 3016 dederitque
484 2921 516 2992 ei
536 2921 682 2996 libellum
701 2927 851 3021 repudii,
882 2923 922 2998 Θ
940 2925 1071 3018 dimise·
1096 2927 1273 3018 plectitur,
1300 2930 1345 2998 etl
1366 2927 1411 2996 ibi
1428 2922 1624 3011 disputatio,-
1650 2927 1693 2998 de
1707 2946 1776 2999 tote
1793 2947 1894 3011 eepu·
1967 2985 1989 3020 ,

272 3019 326 3094 rit
345 3019 385 3092 de
410 3019 508 3093 danto
527 3019 612 3116 suo,
648 3023 701 3095 vel
724 3039 808 3098 csrte
831 3035 978 3096 nrortuus
994 3023 1073 3117 sue·
1096 3029 1141 3096 dii
1166 3026 1240 3116 lege
1267 3045 1417 3112 querunt
1438 3022 1608 3116 pherisei,
1642 3025 1683 3097 de
1706 3045 1774 3095 tute
1792 3020 1894 3096 Chri·

270 3120 343 3204 rit,
375 3145 408 3190 v.
423 3142 457 3204 4.
479 3143 544 3191 nun
558 3123 685 3216 poterit
704 3125 801 3218 prior
823 3125 965 3195 maritus
987 3124 1073 3195 reci·
1099 3129 1161 3194 llus
1184 3121 1260 3209 ipso
1282 3119 1478 3211 respondet,
1501 3120 1579 3192 rlirr
1598 3116 1763 3210 responso
1785 3115 1894 3192 suisset

266 3241 349 3316 pere
366 3239 438 3288 earn
455 3219 490 3290 in
510 3242 664 3306 uxorem,
688 3221 862 3306 exquibus
881 3222 1070 3294 uerbisnra·
1095 3211 1370 3312 u‘rseordse'uuaoe.
1459 3217 1616 3290 Clemens
1652 3219 1894 3289 Alextndrinur

271 3313 390 3388 niselle
409 3315 599 3408 colligitur,
626 3318 736 3410 legem
754 3318 844 3389 illem
865 3344 932 3390 nen
953 3321 1072 3406 punire
1096 3318 1154 3388 leb.
1178 3315 1237 3387 ill.
1265 3320 1410 3388 llromrt.
1430 3312 1560 3399 scribit,
1588 3314 1648 3388 irae
1661 3312 1783 3411 setiffl,
1806 3310 1894 3407 quoti

258 3415 406 3502 nuptitr
423 3417 671 3502 repudiaturum
687 3441 763 3487 cunr
779 3417 848 3488 aliis
865 3417 961 3495 viris,
984 3421 1072 3503 quod
1096 3424 1255 3508 rogantes
1273 3412 1364 3509 seire
1394 3411 1565 3497 valebant,
1590 3409 1628 3508 st
1643 3411 1755 3484 liceret
1783 3412 1892 3483 aliam

272 3508 385 3591 aitte
413 3513 536 3602 nuptie
559 3539 636 3584 cunt
660 3515 832 3600 repudiato
859 3513 988 3585 fuissent
1010 3537 1073 3600 pro
1096 3513 1221 3584 duem.
1273 3509 1327 3608 2.)
1342 3512 1506 3610 Quemvis
1521 3511 1554 3580 in
1571 3508 1680 3582 verbis
1695 3511 1817 3585 Christi
1833 3531 1893 3582 ex·

231 3677 233 3684 .
259 3607 448 3692 ¹edulteriis
462 3657 465 3662 -
481 3607 600 3682 hebitae
615 3660 654 3708 ,f
665 3609 716 3684 ler
749 3607 911 3682 tolerrss'et
942 3611 1073 3700 publicu
1097 3611 1203 3707 ceptio
1217 3606 1350 3704 eausam
1361 3607 1606 3702 fornicationis
1617 3611 1804 3698 expriment
1818 3603 1894 3679 sub·

274 3717 311 3782 dt
332 3707 487 3780 continue
506 3708 678 3781 edulcesie.
743 3714 900 3781 Praeterea
920 3709 972 3780 let
994 3733 1074 3797 pru·
1097 3713 1256 3800 iungetur
1278 3728 1404 3778 tuntum
1429 3705 1628 3804 dintifflani,
1665 3729 1774 3780 temen
1794 3709 1836 3780 de
1855 3729 1894 3780 ee

237 3823 242 3848 ²·
274 3801 390 3890 hibet,
422 3830 464 3879 ne
486 3807 658 3894 repudiato
680 3809 752 3893 pull
774 3831 917 3877 mortem
943 3804 1073 3880 secundi
1098 3803 1163 3876 sole
1183 3806 1313 3876 nonest
1333 3802 1568 3895 intelligendu,
1591 3804 1678 3892 quefi
1699 3803 1822 3877 scilieet
1842 3803 1893 3876 hie

271 3902 387 3976 meriti
404 3929 423 3974 e
440 3904 555 4004 pripre
572 3907 605 3974 in
626 3901 762 3975 thorum
784 3907 982 3992 recipiatur:
1011 3913 1071 3975 ter.
1098 3903 1221 3976 Clrrilli
1238 3901 1346 3972 verbis
1371 3905 1600 3974 tentummodo
1620 3905 1760 3990 poteslas
1779 3904 1893 3974 dimit·

275 3997 339 4074 lll.
365 4021 394 4071 t.
457 3995 501 4073 Si
528 3998 696 4096 dimiserit
718 4001 774 4073 uir
794 4025 932 4073 uxorem
948 4000 1070 4096 fitam,
1097 4002 1188 4072 tendi
1210 3997 1393 4069 adulterum
1419 4001 1539 4071 merito
1565 4005 1638 4070 deta
1664 3997 1788 4078 suerit,
1825 4021 1893 4070 uon

252 4093 321 4174 'fs
342 4093 489 4172 recedens
515 4097 560 4172 ab
589 4123 625 4171 ea
649 4099 787 4172 desuerit
811 4102 920 4173 virum
947 4093 1071 4182 ulitien,
1095 4121 1206 4168 nutent
1225 4093 1322 4166 ulium
1344 4100 1496 4171 ducendi.
1562 4101 1650 4168 Narn
1672 4097 1727 4168 ille
1749 4091 1817 4182 ipse
1839 4098 1892 4166 di-

272 4193 436 4292 flttnrqttid
468 4207 647 4270 revertetur
671 4197 718 4270 ud
753 4223 824 4282 eunt
858 4198 978 4270 ultrar
1029 4205 1073 4270 tlt
1097 4190 1203 4266 millio
1225 4199 1313 4282 rpud
1337 4197 1463 4266 ludens
1486 4193 1675 4266 includebat
1700 4197 1894 4282 potestatem

258 4293 297 4368 ,Ε
323 4319 386 4384 per
411 4297 588 4386 repudiusn
609 4321 676 4368 nun
701 4294 808 4366 suisset
830 4293 971 4368 solutum
992 4321 1073 4368 eun·
1098 4287 1285 4364 transeundi
1317 4293 1357 4362 ed
1386 4291 1462 4362 ulier
1492 4296 1648 4379 nuptias3
1683 4295 1894 4383 distinguitur

254 4393 358 4488 rugii
374 4393 565 4474 uinculum,
586 4419 653 4466 nun
669 4388 776 4465 suisset
793 4417 987 4482 peccatum,
1011 4417 1073 4464 nee
1097 4393 1231 4478 quidem
1254 4386 1395 4460 dimiffio
1416 4389 1572 4460 adultere
1592 4415 1610 4460 r
1634 4393 1789 4462 ductione
1813 4411 1895 4462 uro·

236 4561 241 4566 .
271 4487 541 4584 prohibendum,
574 4495 781 4576 repudiatum
801 4519 819 4562 u
840 4496 953 4580 priore
974 4493 1070 4561 nturi·
1097 4491 1141 4558 ris
1174 4512 1293 4564 nove,
1335 4509 1402 4556 non
1431 4509 1541 4559 nutent
1572 4482 1768 4575 seprrutur,
1805 4481 1893 4575 quod

269 4611 308 4664 to
329 4592 460 4682 reperi,
482 4588 767 4684 tevit.xxt.14.
807 4589 1070 4661 Ezech.Xl.1V.
1098 4581 1219 4654 scilioet
1252 4581 1341 4653 illum
1376 4605 1531 4664 tuntum,
1570 4608 1635 4655 non
1664 4607 1774 4657 eutem
1810 4584 1895 4656 hene

271 4711 333 4766 αα.
362 4683 561 4777 prohibetur
594 4683 742 4759 sacerdos
768 4689 891 4758 ducere
922 4685 1072 4774 repudiu-
1098 4681 1248 4754 Clitillus
1270 4685 1462 4780 tuomet,
1493 4705 1600 4768 neque
1629 4681 1718 4753 enirn
1745 4705 1816 4769 que
1841 4678 1897 4756 di·

266 4805 353 4876 tem.
421 4787 466 4857 dt
487 4783 547 4856 niti
575 4783 644 4856 aliis
665 4785 792 4857 licitum
814 4780 922 4856 suitlet
942 4810 1004 4874 per
1029 4783 1074 4855 le·
1095 4778 1210 4878 stistte
1234 4801 1489 4865 proponuntur,
1524 4803 1588 4868 pro
1602 4776 1775 4876 separatis
1803 4781 1897 4868 peni·

231 4907 351 4980 ...geor
383 4879 549 4958 sorensem
576 4879 749 4958 mosaicum
773 4886 896 4955 ducere
925 4885 1078 4972 repudie-
1102 4901 1155 4948 tus
1173 4873 1245 4948 sunt
1261 4875 1419 4956 hubende.
1473 4880 1550 4948 ideo
1564 4902 1644 4950 vero
1657 4880 1807 4967 exceptio
1821 4903 1899 4952 ceu·

245 5003 369 5076 :teon
400 4977 534 5076 ,trunco
565 4979 748 5072 specialiter
773 4983 806 5054 id
841 4981 1081 5071 prohiberetur
1105 4973 1171 5048 sum
1193 4973 1416 5046 fornicationis
1431 4977 1618 5062 exprimens
1638 4976 1832 5048 nominetim
1850 4981 1902 5050 di·

246 5075 448 5156 secerdoti.
620 5115 656 5166 g
1106 5071 1249 5148 missioni
1271 5067 1461 5162 subiicitur,
1500 5076 1575 5162 quia
1603 5094 1742 5166 propter
1761 5073 1905 5152 seruire·

246 5233 279 5274 r..
322 5173 432 5270 ,Toou
453 5173 576 5254 XVL'
1154 5175 1189 5244 R
1842 5176 1910 5254 tie·
