4884 5984
360 509 472 583 174,
598 555 603 566 ,
705 481 1696 567 locvsxxrl.CAP.V.MEMB.1.ART.-1.

236 661 244 670 θ
354 708 472 762 natura
493 686 556 761 lint
569 688 715 773 eaedem,
742 690 809 764 five
823 689 949 767 clerici,
969 681 1035 758 stre
1044 682 1118 755 laici
1133 704 1188 752 ear
1212 687 1370 775 quodque
1395 682 1462 760 stne
1481 708 1620 777 peccato
1643 684 1797 768 adhiberi
1819 689 1950 778 potest,
1971 699 2042 766 uo'u

358 790 583 875 contrahant,
626 789 830 877 consequens
860 788 991 865 suerit,
1032 780 1188 856 secundas
1212 781 1287 858 sunt
1303 790 1449 860 arcendi.
1502 808 1549 874 ς.)
1576 791 1709 860 Deduci
1729 790 1837 879 potest
1858 793 1901 863 ud
1921 788 2043 890 uisus.
2078 833 2081 840 .

230 921 233 926 ·
358 891 492 982 nuptias
510 883 915 979 continere-suspicionem
938 882 1187 957 incontinenti:
1212 881 1270 958 da.
1322 889 1354 959 Si
1375 889 1465 958 enim
1484 881 1632 961 secunda
1662 890 1787 978 nuptiae
1810 881 1885 960 sunt
1906 890 2041 985 lignum

360 990 469 1082 magis
484 990 650 1064 diuturnae
668 985 860 1080 firmiusque
877 985 1079 1067 innatantia,
1088 1004 1188 1069 quam
1213 986 1396 1075 majoris&
1418 989 1634 1060 diuturnioris
1656 988 1923 1080 iooootioeutiae„
1936 1014 2041 1081 qum

280 1157 285 1168 ‚
359 1087 636 1176 concubinatum,
662 1089 947 1179 aquibuscunque
961 1088 1095 1156 tandem
1109 1103 1188 1152 con·
1213 1086 1485 1169 concubinatus,
1527 1084 1630 1160 fuerit
1660 1088 1898 1175 consequeus,
1941 1093 2042 1168 oum

237 1239 240 1248 ·
358 1187 554 1269 trahantur,
578 1213 620 1261 ex
648 1214 715 1279 quo
736 1210 871 1280 promte
901 1184 1019 1274 aliquis
1045 1178 1190 1263 inseret,
1213 1190 1338 1274 primas
1362 1190 1494 1278 nuptias
1517 1183 1581 1261 else
1601 1187 1734 1277 maioris
1760 1197 1795 1264 δι
1823 1183 2041 1264 diuturnioris
2088 1191 2091 1268 J

280 1369 287 1378 ,
362 1286 524 1363 honestati
541 1313 581 1359 ac
596 1288 692 1361 bonis
707 1289 855 1361 moribus
871 1289 1002 1358 easdem
1017 1303 1191 1372 repugna·
1213 1286 1461 1359 incontinentia
1481 1286 1623 1381 fignum.
1675 1288 1861 1373 Ratioell,
1878 1293 1955 1377 quia
1969 1291 2041 1382 pri·

360 1411 410 1462 re.
461 1389 524 1461 Sed
539 1387 790 1461 Bellarminiana
810 1388 869 1461 illa
887 1381 1027 1457 adsertio
1060 1380 1190 1471 a.)Ni·
1214 1410 1276 1456 ma
1303 1390 1428 1477 nuptia
1457 1394 1658 1477 quandoque
1687 1391 1809 1459 durant
1836 1412 1909 1477 pet.
1936 1413 2041 1464 mnne

263 1573 270 1580 ,
363 1489 448 1561 titur
468 1485 637 1589 hypotiefi
653 1486 781 1587 suisa,
817 1490 905 1578 quod
933 1481 1056 1555 scilicet
1074 1498 1190 1592 ontnea
1214 1488 1455 1580 quinquaginta
1469 1537 1482 1572 ,
1504 1482 1672 1582 sexaginta
1693 1484 1747 1560 ael
1766 1488 1903 1576 plures,
1924 1512 2043 1566 cuma
2086 1555 2092 1570 ,

363 1587 489 1677 nuptie
509 1612 529 1658 a
548 1590 671 1678 prioris
686 1591 839 1683 conjugis
856 1606 965 1658 morte
979 1581 1067 1653 inltae
1082 1601 1123 1650 tx
1139 1600 1190 1646 ¹¹²*
1214 1587 1457 1660 concubinariis
1480 1587 1673 1661 concubine
1695 1588 1792 1660 cinus
1818 1588 2042 1668 dimittantur.
2090 1641 2091 1660 ,

364 1687 568 1761 continentia
583 1691 672 1764 &fid
685 1690 957 1783 restinguendum
972 1678 1116 1752 ltbtdtors
1128 1678 1191 1747 lm·
1217 1690 1263 1757 At
1283 1683 1484 1776 consequens
1501 1689 1629 1777 oppido
1652 1683 1850 1774 absurdum,
1873 1712 1951 1762 cum
1970 1690 2044 1784 spi.
2090 1693 2091 1718 ³

261 1787 300 1794 ”
364 1806 483 1879 petum
511 1787 783 1869 contrahantur,
820 1811 899 1859 cum
925 1805 1037 1855 tamen
1070 1772 1193 1867 P⁰ffil¹t
1216 1783 2044 1887 ritussanduspiisconiugibussantiificationm,

274 1941 283 1951 -
364 1881 430 1960 else
447 1884 503 1958 alii
520 1884 621 1969 fines,
640 1909 783 1981 propter
802 1910 883 1977 quos
907 1879 1193 1956 matrimoniuma
1217 1889 1421 1987 castitatem,
1446 1883 1627 1971 honorem,
1657 1881 1726 1959 &a
1753 1884 1902 1971 tribuat3
1927 1910 2044 1962 coum
2073 1963 2087 1982 ..

246 1983 252 1994 “
360 1987 476 2080 yiduir
502 2005 695 2079 expetatur,
720 1988 920 2079 propagatio
947 1980 1070 2052 scilicet
1092 1998 1195 2070 gene·
1219 2012 1301 2061 vero
1326 1982 1558 2059 scortationem
1584 1996 1618 2060 dt
1635 1983 1908 2072 concubinatum,
1918 1986 2046 2062 etiamst

368 2087 468 2159 ricae
484 2109 637 2161 mutuum
659 2086 872 2185 adjutorium.
924 2086 978 2154 De
1001 2077 1194 2152 Abrahamo
1218 2089 1339 2178 exiguo
1369 2091 1467 2157 duret
1493 2109 1673 2174 tempore,
1707 2089 1748 2158 ad
1772 2110 1890 2159 orcum
1913 2091 2046 2178 penitae

250 2269 254 2276 ¹
369 2185 513 2277 cogitari
533 2189 666 2277 nequit,
692 2190 781 2276 quod
798 2212 839 2258 ex
859 2179 1101 2257 incontinentia
1119 2174 1195 2266 post
1219 2189 1364 2259 damnet,
1436 2182 1676 2259 concludimus
1702 2209 1786 2278 gogo
1822 2184 1890 2260 hoo
1915 2191 2045 2263 modo:

241 2287 246 2312 '
369 2306 514 2357 mortem
525 2292 609 2361 Sarac
621 2290 753 2358 duxerit
761 2274 1194 2360 Chethutam.Gen.XXV.
1221 2285 1299 2366 lili,
1324 2287 1381 2374 qui
1398 2308 1466 2355 noo
1479 2280 1715 2365 secontiuuot,
1740 2283 1761 2356 ii
1779 2284 1954 2360 confilium
1967 2309 2049 2383 opo,

369 2405 405 2459 ¹·
431 2379 552 2487 Alfi&
578 2388 686 2476 inquit
710 2387 910 2478 Augustinus
937 2381 1128 2455 libb-XVI·
1153 2376 1195 2446 ‘le
1221 2383 1372 2458 stolicunt
1405 2379 1508 2457 secuti
1533 2365 1785 2457 matrimonium
1815 2385 2048 2470 contrahunt,

370 2485 513 2562 civitate·
526 2489 603 2558 Dei.
623 2510 695 2578 cap.
715 2485 880 2561 XXXIV.
906 2484 940 2552 in
961 2479 1140 2570 principio,
1160 2483 1200 2547 ul
1222 2508 1280 2557 aut
1295 2490 1436 2556 durante
1455 2486 1613 2576 conjugio
1633 2485 1891 2560 manentadhuc
1906 2487 2049 2561 incocti·
2072 2570 2076 2578 ,

369 2580 648 2659 incontinentiam
670 2584 730 2660 tric
754 2582 963 2684 suspicemur
980 2633 990 2666 ,
999 2573 1197 2750 prestetisse
1221 2608 1361 2667 nentes,
1385 2605 1441 2655 aut
1463 2582 1543 2657 tales
1570 2583 1633 2657 elle
1655 2580 1817 2656 desinunt.
1868 2589 1901 2661 si
1932 2590 2049 2679 prius,

370 2682 410 2756 in
427 2684 487 2759 illa
501 2687 578 2783 jam
598 2695 724 2772 man,
754 2683 794 2761 st
819 2685 860 2757 in
886 2680 945 2755 illa
965 2680 998 2779 fi
1022 2678 1052 2750 ei
1068 2674 1198 2774 sentit-¹
1221 2687 1320 2756 etiam
1337 2684 1589 2773 primanuptiae
1602 2685 1942 2757 eruntcuncubinatui
1959 2688 2051 2776 post.-

371 2794 453 2859 tate.
504 2791 543 2856 ln
564 2809 644 2879 rege
662 2787 792 2858 Davide
815 2777 937 2873 Abisag
957 2779 1196 2852 Sunamitidem
1221 2787 1407 2873 ponende,
1439 2786 1513 2874 quia
1539 2802 1633 2854 tanto
1659 2783 1783 2854 diutius
1803 2786 2050 2862 incontinentiae
2087 2839 2089 2844 -

371 2886 408 2957 in
425 2886 597 2973 decrepita
617 2878 785 2958 senedlute
812 2880 871 2953 sibi
891 2881 1069 2970 copulante
1094 2882 1197 2964 majo·
1221 2887 1257 2954 io
1278 2885 1435 2973 conjugio
1456 2880 1550 2955 frena
1571 2882 1701 2964 laxant,
1725 2906 1853 2971 quanto
1870 2887 1997 2958 diutius
2015 2890 2053 2960 iu

246 3011 252 3021 ·
371 2986 418 3058 tis
440 2986 685 3058 incontinentia
708 2979 847 3075 suspicio
867 2982 971 3052 itdent
992 2978 1102 3049 locum
1128 2999 1196 3048 non
1223 2983 1436 3055 matrimonio
1452 2985 1590 3070 vivunt,
1616 3006 1692 3053 cum
1708 2980 1938 3057 concubinarii
1952 2987 2052 3058 eitius
2088 3037 2092 3048 .

372 3081 502 3166 habet,
533 3088 647 3177 tReg.
674 3083 699 3156 Ι.
725 3107 756 3168 3.
781 3107 860 3154 cum
884 3074 1031 3169 expresse
1056 3097 1199 3167 negetur
1222 3083 1378 3172 abjiciant
1403 3080 1632 3162 concubinas,
1666 3079 1776 3171 sicque
1807 3108 1847 3156 ex
1875 3074 2081 3176 hypotheti-

373 3207 448 3256 eam
466 3180 670 3283 cognmesp,
698 3210 730 3254 ν.
750 3209 784 3281 4.
839 3186 889 3273 a.)
914 3178 1056 3251 Laborat
1082 3174 1200 3251 α’συλ·
1222 3181 1411 3255 Bellarntini
1436 3180 1498 3254 fint
1517 3183 1622 3276 magis
1644 3186 1863 3259 continentes.
1927 3186 1961 3259 si
1991 3177 2091 3277 pou*¹

228 3319 233 3326 ¹
294 3363 297 3368 ,
374 3282 524 3381 >coniciet
544 3278 730 3384 manifesta.
783 3286 912 3354 Demus
938 3277 1054 3359 enim,
1085 3272 1199 3347 secun·
1223 3282 1356 3359 sterius,
1391 3284 1507 3368 utique
1535 3283 1691 3351 eumdem
1721 3277 1882 3356 effetittm
1915 3281 2054 3357 habebit

375 3386 432 3456 das
460 3387 590 3471 nuptias
614 3406 780 3476 arguere,
805 3375 986 3469 personas,
1025 3398 1097 3463 quae
1128 3374 1198 3444 illas
1219 3380 1418 3471 'coniugium
1439 3382 1474 3451 in
1496 3381 1626 3463 viduis,
1652 3403 1754 3469 quem
1782 3381 1882 3456 habet
1903 3384 2066 3474 primum

348 3567 351 3572 .
375 3504 562 3574 expetunt,
589 3478 651 3556 elle
675 3481 942 3563 incontinentes,
965 3476 1030 3548 hoc
1045 3475 1110 3560 est,
1130 3499 1199 3545 non
1224 3480 1472 3550 matrimonium
1489 3481 1524 3552 in
1541 3472 1712 3576 α’γᾶμοις,
1730 3489 1835 3571 &per
1852 3478 2056 3572 consequens

375 3580 440 3657 esse
465 3581 628 3674 peculiari
652 3581 712 3652 illo
736 3580 946 3650 continentie
968 3578 1057 3647 dono
1081 3574 1199 3643 insttu·
1222 3604 1291 3652 non
1311 3580 1357 3649 est
1376 3599 1438 3667 pro
1457 3576 1550 3669 signo
1567 3580 1833 3657 diuturnioris&
1861 3579 2059 3656 firmiusad·

255 3753 258 3757 .
377 3688 466 3768 diam
494 3707 529 3756 at
544 3707 583 3756 ex
601 3705 642 3755 eo
656 3705 726 3752 non
740 3680 847 3769 potest
867 3675 1007 3761 inferri,
1034 3675 1124 3764 quod
1152 3666 1200 3743 se-
1221 3678 1632 3751 haerentisincontinentiae
1649 3674 1854 3764 habendum,
1866 3704 2059 3771 quamcun-

377 3786 493 3856 eunde
525 3782 648 3872 nuptia
672 3778 717 3852 ob
739 3781 901 3851 rationem
923 3775 1068 3862 aliquam
1091 3795 1199 3842 mora·
1223 3776 1408 3850 cubinatns.
1460 3782 1500 3847 Et
1523 3802 1595 3864 qua
1615 3802 1678 3867 per
1695 3781 1808 3852 Deum
1831 3778 2060 3855 immortalem

376 3880 446 3954 lem
467 3879 522 3953 vel
542 3881 682 3959 clericis,
703 3874 757 3951 vel
780 3877 871 3950 laicis
892 3872 952 3947 sint
968 3869 1199 3965 prohibenda,
1224 3874 1349 3949 adferri
1367 3878 1476 3966 potest
1493 3880 1596 3957 ratio,
1615 3879 1705 3965 quod
1723 3882 1973 3953 incontinentia
1988 3903 2060 3953 ma·

377 3984 455 4071 quia
479 3977 542 4051 hac
572 3980 698 4051 ratione
725 3988 860 4075 propter
884 3970 1035 4047 morbum
1060 3970 1202 4044 ranma·
1224 3979 1304 4065 iotis
1319 3973 1521 4048 adcusandur
1546 3975 1604 4058 stt,
1629 3977 1687 4065 qui
1709 3978 1745 4050 in
1766 3983 1881 4070 priore
1896 3982 2058 4072 conjugio

290 4075 294 4082 ’
377 4090 472 4156 retur
491 4076 672 4153 remedium
692 4073 859 4151 divinitus
882 4074 1069 4176 institutum
1089 4068 1130 4145 εἰ
1148 4079 1203 4144 o'r·
1225 4102 1288 4166 per
1304 4100 1427 4148 annunt
1443 4072 1530 4148 forte
1550 4100 1654 4147 unum
1676 4100 1775 4168 atque
1798 4082 1942 4153 alterum
1962 4081 2058 4160 vixit,

379 4179 544 4255 dinatum.
596 4179 796 4252 lnvertitnus
818 4177 927 4269 potius
951 4193 1200 4266 argumentum.
1226 4202 1264 4249 ac
1277 4176 1350 4266 post
1365 4176 1492 4265 aliquot
1516 4199 1682 4248 annornm
1703 4177 1879 4254 decursum
1905 4183 1940 4250 iu
1959 4180 2062 4252 timo·

285 4363 297 4372 ἢ
381 4282 588 4373 conjuginm
615 4274 839 4367 prascribitur
860 4274 951 4354 illis,
989 4273 1048 4363 qui
1072 4270 1111 4369 se
1137 4293 1203 4343 non
1227 4301 1264 4349 te
1288 4278 1354 4347 Dei
1376 4281 1417 4346 ad
1442 4275 1532 4347 aliud
1554 4279 1807 4362 matrimonium
1825 4277 2062 4367 transitquam

380 4381 572 4465 continent,
595 4373 648 4452 sed
674 4377 815 4449 ulliones
837 4376 1024 4467 patiuntur,
1047 4392 1204 4461 tanquam
1229 4379 1275 4461 is,
1296 4377 1353 4463 qui
1373 4400 1434 4463 per
1447 4377 1587 4446 totidem
1606 4401 1729 4457 anuos,
1745 4380 1866 4468 quibus
1882 4380 2061 4451 matrinea

237 4458 242 4466 ¹
317 4545 321 4550 .
378 4483 593 4557 remedium,
621 4474 790 4567 quodtine
808 4470 1204 4565 peccatoadhibetipot·
1229 4477 1322 4547 niutn
1342 4478 1454 4562 prius,
1481 4494 1613 4566 tempus
1634 4480 1855 4554 viduitatis&
1875 4474 2061 4562 secundum

282 4573 287 4589 ’
305 4639 321 4664 -.
379 4583 440 4657 est.
467 4583 574 4654 tCot.
590 4574 668 4647 Vll.
685 4591 716 4661 8.
770 4570 862 4648 Dico
881 4596 948 4647 non
967 4571 1081 4669 nuptis
1100 4566 1141 4645 st’
1153 4570 1206 4643 ui·
1230 4576 1425 4665 coniugium
1442 4572 1577 4647 alterius
1593 4580 1714 4663 durat,
1741 4584 1774 4650 in
1789 4604 1857 4652 uno
1872 4581 2065 4668 eodemque·

379 4678 474 4766 duis,
500 4676 620 4753 bonnm
637 4678 680 4777 efl
696 4673 783 4762 iltis,
798 4676 832 4778 st
847 4670 1108 4773 permanserint,
1118 4672 1206 4770 stent
1230 4676 1443 4756 matrimonio
1464 4672 1689 4753 consenescit?
1715 4677 1770 4751 vel
1794 4701 1830 4750 ut
1852 4680 1996 4772 propius
2018 4679 2061 4753 ad

385 4777 427 4855 85
441 4803 514 4878 ego.
536 4807 567 4852 v.
588 4804 624 4868 9,
684 4772 784 4874 Quod
798 4777 831 4878 st
851 4799 917 4849 non
943 4773 1132 4859 continent,
1146 4795 1207 4845 nn·
1230 4774 1423 4849 Bellarmini
1444 4769 1623 4847 absurdum
1644 4783 1901 4865 pronunciatum
1924 4779 2061 4851 acceda-

381 4877 482 4967 bant,
519 4875 637 4953 melius
668 4877 754 4951 enim
776 4880 820 4977 est
841 4874 980 4962 nubere,
1005 4899 1104 4973 quam
1139 4871 1204 4945 nri.
1232 4902 1324 4955 mus,
1346 4900 1447 4964 quam
1463 4879 1598 4947 tandem
1611 4882 1679 4948 anti
1694 4918 1708 4932 -
1726 4881 1902 4952 christiana
1922 4875 2064 4972 synago·-

281 5065 287 5075 ,
387 4985 506 5060 tTim.
526 4981 573 5053 V.
602 5002 653 5067 14.
715 4977 806 5053 Volo
823 4978 976 5075 juniores
1005 4975 1126 5051 viduas
1147 4997 1208 5048 nn·
1232 5003 1276 5069 ga
1300 4974 1493 5066 confingere
1517 4976 1625 5066 potest
1647 4975 1857 5052 verisimilem
1875 4984 2063 5071 rationem,

382 5080 464 5158 bere.
512 5084 603 5173 Ergo
632 5078 674 5152 ab
698 5078 761 5152 hoc
786 5077 1034 5152 incontinentia
1054 5087 1088 5153 δι
1108 5073 1209 5150 ustio·
1234 5082 1323 5167 quod
1352 5104 1372 5148 a
1406 5073 1502 5147 sacris
1526 5078 1698 5151 ordinibus
1724 5106 1867 5172 propter
1900 5091 2064 5171 majorem

384 5185 436 5260 ais
461 5183 612 5262 remedio
632 5182 790 5261 divinitus
810 5183 959 5257 instituto
977 5187 1012 5258 tt
1030 5181 1209 5266 ordinata,
1233 5179 1509 5259 incontinentiam
1533 5199 1694 5270 arcetur,
1726 5184 1785 5274 qui
1813 5186 2067 5258 matrimonium

2020 5316 2075 5374 te·
