4884 5984
735 541 743 549 .
877 485 947 560 na
999 447 1380 575 saonrarrnvs.
1634 535 1636 540 -
1757 523 1759 528 -
1886 490 1955 602 raa

272 685 433 763 consensu
450 683 623 779 despondit
635 685 694 760 srbi
707 682 882 759 mulierem
896 679 1102 760 Philistaeam,
1130 702 1239 752 autem
1258 673 1417 772 sponsalia
1432 681 1466 754 in
1487 682 1745 764 matrimonium,
1768 688 1859 771 cujus
1874 705 1953 772 pro·

231 777 233 782 ’
276 786 409 864 locntrra
428 794 471 892 efl
495 788 630 861 mulieri
642 839 652 873 ,
684 807 755 882 que
771 784 906 880 placuit
931 781 966 853 in
1001 780 1107 853 anilis
1129 777 1312 852 miffionem
1331 781 1519 868 continent,
1545 806 1614 854 tum
1629 779 1888 878 persequentem
1916 785 1953 857 in

276 889 370 981 ejus,
395 915 429 961 v.
451 901 481 970 8.
513 885 553 959 δ’
565 890 638 986 eofl
660 885 793 981 aliquot
814 883 886 956 dics
915 890 1105 959 reuertens,
1129 879 1266 974 nuptias
1285 876 1489 976 consensum,
1521 906 1591 956 turn
1610 879 1851 979 percopalam
1877 905 1953 958 car.

277 996 317 1056 stt
340 989 508 1084 acciperet
531 1009 631 1070 eain,
657 982 866 1067 declinavit,
895 975 963 1052 &a
1015 983 1105 1069 Ergo
1129 976 1249 1049 realem.
1302 980 1466 1072 Quamvis
1490 982 1578 1052 enini
1597 1003 1663 1054 noa
1682 978 1953 1080 concubitus,scd

277 1085 365 1156 inter
382 1081 540 1174 sponsalia
561 1094 595 1159 &
616 1080 749 1171 iiuptias
771 1082 841 1154 dies
860 1077 985 1164 aliquot
1013 1073 1105 1148 fuere
1129 1073 1300 1172 consensus
1312 1075 1430 1170 saciat
1450 1080 1603 1177 nuptias,
1633 1103 1742 1152 tamen
1768 1106 1829 1171 per
1850 1087 1953 1158 intor-

277 1183 454 1271 interjecti.
489 1188 609 1258 rSam.
628 1187 751 1255 xvttt.
782 1200 835 1267 17.
891 1176 965 1248 siut
1002 1172 1103 1245 filiam
1130 1197 1268 1246 ventum
1295 1176 1434 1248 carnalis
1460 1178 1587 1266 copulae
1610 1173 1782 1250 consensus
1808 1178 1863 1255 ille
1889 1212 1970 1262 ηιμ,
2070 1209 2072 1213 ·

279 1273 370 1351 suom
399 1303 477 1354 natu
503 1290 663 1370 majorem
689 1275 813 1351 Merit
832 1271 1014 1365 despondet
1036 1277 1105 1343 Da·
1128 1271 1238 1363 ptiolis
1262 1276 1404 1363 exprimi
1433 1273 1610 1365 censetur3
1634 1274 1842 1366 praesumitur
1862 1287 1952 1358 eninr
2038 1307 2040 1312 ·

279 1380 366 1463 vidi,
390 1377 444 1452 sed
472 1401 545 1452 cam
573 1378 701 1452 ueniret
719 1389 866 1472 temptas,
900 1382 938 1445 ut
966 1369 1104 1443 claretur
1128 1376 1169 1444 de
1188 1366 1327 1462 sponso,
1353 1378 1441 1461 quod
1458 1372 1709 1466 promissionem
1733 1381 1775 1450 od
1796 1378 1955 1457 effaetum

247 1539 251 1544 .
281 1472 442 1559 Doridi,
466 1475 549 1549 data
565 1479 608 1579 est
631 1474 783 1550 Jttrieti.
836 1479 925 1563 Ergo
948 1470 1036 1542 aliud
1058 1471 1103 1541 cll
1127 1471 1238 1560 potius
1256 1472 1440 1555 deducere,
1470 1498 1569 1564 quam
1593 1476 1742 1563 stuprum
1767 1484 1954 1556 committo·

276 1571 350 1645 lilia
383 1571 615 1665 desponsatio,
646 1576 735 1647 aliud
761 1576 910 1661 ejusdem
932 1572 964 1639 in
994 1569 1105 1639 mariti
1127 1594 1165 1640 re
1187 1563 1353 1651 voluerit,
1383 1594 1456 1667 cap.
1485 1573 1524 1646 is.
1547 1574 1605 1672 qui
1623 1574 1671 1646 ii.
1696 1574 1735 1646 de
1749 1573 1782 1671 s
1796 1577 1901 1675 ensal.
1926 1579 1951 1655 l.

276 1675 470 1761 potestatem
485 1678 631 1746 traditio,
655 1670 814 1746 Matth.l.
836 1686 887 1754 ig.
916 1672 995 1738 Luc.
1008 1663 1033 1737 Ι.
1047 1686 1102 1756 27.
1129 1667 1257 1738 attrita.
1274 1665 1319 1762 ff.
1332 1692 1397 1765 pro
1405 1667 1513 1765 socio.
1533 1683 1569 1747 δι
1593 1668 1746 1744 adversus
1764 1601 1850 1757 lane
1868 1705 1954 1769 prae·

278 1761 661 1872 Mariamatffoseplro
678 1772 942 1861 μνκςευθεὶσα,
968 1762 1105 1861 diseat·
1127 1760 1344 1848 sumtionem,
1371 1792 1447 1839 cum
1471 1769 1508 1840 fit
1527 1775 1660 1858 juris&
1689 1776 1730 1843 de
1757 1780 1858 1860 iure,
1884 1804 1953 1854 nou
1999 1807 2020 1866 ,·
2084 1783 2092 1796 ’

271 1867 372 1965 sata,
403 1881 581 1968 numquam
601 1871 845 1962 convcrritcat..
875 1867 915 1936 Et
934 1886 972 1935 ut
1000 1861 1104 1934 verbo
1127 1865 1313 1936 admittitur
1331 1865 1485 1954 probatio
1505 1871 1540 1939 in
1559 1873 1782 1958 contrarium,
1807 1900 1870 1948 nee
1892 1878 1954 1950 eli.

278 1972 388 2042 amnia
410 1969 634 2060 completior,
649 1972 684 2040 in
693 1963 826 2041 ecclesia
839 1962 1012 2034 christiana
1022 1984 1100 2032 rror.
1126 1961 1176 2032 dit
1192 1979 1265 2034 ea'm
1282 1967 1480 2065 protestatio
1502 1967 1713 2057 interpone,
1738 1995 1814 2044 cum
1843 1972 1882 2046 st
1905 1974 1954 2051 fr·

277 2069 347 2138 test.
372 2091 538 2158 perpetuo
565 2066 718 2139 usitatum
739 2063 803 2135 fuit
828 2062 951 2150 nuptiis
974 2054 1104 2147 sponsa·
1127 2062 1185 2132 ao
1197 2064 1372 2135 contraria.
1397 2063 1421 2136 i.
1443 2067 1600 2162 antiqua.
1630 2062 1671 2138 C.
1691 2066 1738 2138 ad
1758 2065 1834 2144 Sea.
1871 2059 1970 2147 ltel-¹

277 2163 320 2235 lia
344 2170 531 2254 promitti,
562 2167 596 2237 id
610 2169 703 2252 qood
724 2187 764 2236 ex
785 2158 992 2250 singulorum
1014 2155 1105 2228 secu·
1128 2155 1184 2245 lei.
1206 2158 1391 2251 Hilligetus
1404 2164 1439 2233 in
1463 2163 1595 2236 Donell.
1623 2165 1730 2238 enucl.
1755 2167 1831 2242 libr.
1854 2169 1952 2248 Xlll.
2035 2181 2042 2194 ''

278 2261 388 2340 lorum
411 2264 546 2337 historia
565 2266 681 2335 ordine
700 2257 890 2333 confirmari
909 2250 1026 2347 pollet.
1049 2258 1105 2351 ll·
1128 2262 1300 2329 c..XVlll.
1327 2260 1376 2333 lit.
1398 2267 1441 2337 X.
1468 2264 1653 2336 Canonislae
1685 2286 1795 2338 tamen
1827 2272 1953 2346 addunt

278 2358 411 2438 letand,
426 2367 638 2451 comnenus,
665 2358 801 2431 orientis
816 2359 1020 2445 imperator,
1046 2377 1106 2441 pe·
1128 2350 1387 2437 limitationem,
1415 2359 1478 2457 nist
1489 2361 1539 2458 stt
1561 2359 1739 2457 prolatio,
1763 2385 1835 2459 quae
1863 2368 1953 2444 insti.
2011 2375 2019 2384 ·

277 2460 397 2533 tuliari
425 2463 655 2534 constitutione
681 2458 792 2539 cavit,
830 2477 873 2525 ne
906 2455 1023 2524 eodem
1050 2452 1103 2522 die
1129 2450 1209 2524 ratic
1230 2448 1271 2524 il
1287 2480 1349 2549 per
1372 2455 1443 2529 obli
1465 2483 1540 2532 aum
1567 2461 1630 2555 ipfi
1646 2457 1881 2556 praesumtioni
1895 2464 1971 2543 ob-'

277 2553 490 2647 sponsalia&
505 2560 629 2648 nuptia
646 2555 903 2631 contrahantur,
929 2560 964 2624 δι
980 2554 1021 2622 ad
1037 2550 1100 2622 exi
1117 2552 1221 2630 'uiam
1246 2574 1282 2621 ut
1304 2553 1325 2624 si
1347 2482 1479 2643 spontis
1497 2555 1642 2646 probare
1664 2558 1770 2640 velit,
1796 2558 1955 2650 sponsalia

252 2679 353 2729 tum
377 2661 623 2749 perducantur,
646 2665 710 2728 dte.
755 2728 758 2734 ,
1128 2647 1183 2720 illa
1202 2670 1278 2720 ante
1298 2653 1451 2740 copulam
1480 2652 1645 2728 carnalem
1680 2655 1773 2732 fuisse
1802 2659 1954 2752 legitime
2003 2685 2006 2692 ’

610 2764 644 2846 §-
671 2754 774 2822 Clll.
801 2743 952 2842 Effllias
977 2739 1105 2834 sponsa·
1128 2743 1254 2828 soluta,
1280 2748 1332 2819 rel
1356 2750 1447 2822 fuist:
1469 2735 1557 2834 trulla
1576 2777 1715 2842 propter
1736 2757 1868 2846 aliquod
1887 2765 1951 2835 im·

278 2845 373 2924 Vll.)
397 2839 484 2936 Effi·
532 2851 653 2923 liorum
679 2845 867 2936 spectantur
895 2845 948 2915 vel
979 2847 1106 2913 ratione
1129 2848 1382 2934 pedimentum,
1407 2852 1440 2918 in
1464 2839 1504 2920 eb
1519 2853 1605 2921 enim
1627 2850 1701 2923 casu
1719 2856 1950 2943 probationem

280 2927 482 3034 ffi‘islm'lla'
531 2943 812 3026 contrahentium,
832 2942 885 3014 vel
904 2943 1031 3013 rarione
1050 2963 1104 3011 ca·
1128 2944 1365 3015 admittendam
1386 2943 1477 3030 else,
1510 2945 1596 3018 haud
1619 2951 1787 3024 immerito
1807 2956 1949 3033 censent.

279 3009 480 3162 Liffiijm
526 3058 718 3146 gnatorum.
781 3037 954 3130 Respecto
972 3049 1105 3109 coatra-
1126 3046 1201 3112 Nec
1219 3037 1324 3113 solum
1346 3038 1502 3143 sponsalia
1529 3071 1636 3133 pura,
1666 3045 1720 3119 sed
1747 3054 1846 3141 etiam
1873 3080 1953 3130 con·
2078 3075 2083 3086 '

292 3166 467 3230 warinum.
529 3147 675 3220 lientium
702 3137 841 3215 affatius
867 3132 1102 3229 sponsaliorum
1127 3142 1285 3210 ditionata
1298 3165 1357 3227 per
1372 3137 1526 3229 copulam
1541 3146 1573 3214 in
1590 3147 1836 3222 matrimonium
1850 3150 1954 3227 trans·

341 3250 430 3310 n'am·
535 3249 582 3320 est
613 3241 784 3338 obligatio
814 3237 860 3310 ad
880 3237 1022 3331 ficturos
1044 3259 1104 3310 rra·
1127 3257 1226 3322 eunt,
1254 3239 1329 3325 quia
1352 3264 1413 3326 per
1434 3239 1587 3330 copulam
1611 3245 1742 3316 videtur
1774 3243 1907 3337 sponsus
1933 3279 1954 3326 o

288 3346 291 3350 ’
502 3371 509 3380 ·
530 3345 648 3442 prinu
676 3342 731 3429 qui
752 3337 841 3428 enim
855 3336 1103 3407 matrimonium
1128 3337 1317 3430 conditione
1337 3339 1465 3424 adjecta
1485 3335 1664 3421 rece'ffirle,
1694 3345 1817 3416 etiarnfi
1838 3362 1954 3444 prote.

277 3446 314 3516 in
336 3437 538 3533 sponsalibus
564 3438 742 3532 promisit,
769 3435 852 3507 illud
880 3429 1108 3507 consummare
1125 3435 1254 3531 stetur,
1269 3430 1309 3528 se
1329 3435 1414 3506 crolle
1433 3435 1576 3517 recedere
1598 3458 1620 3508 a
1642 3443 1840 3517 corrditioae.
1858 3452 1951 3524 ldem
2010 3483 2012 3488 ·

279 3539 438 3627 tenetur,¹
457 3544 546 3632 quod
570 3544 613 3612 de
634 3537 749 3626 juratis
773 3529 972 3621 sponsalibus
999 3532 1108 3604 statori·
1132 3533 1337 3604 statuendum
1355 3528 1610 3622 desponsalibus
1629 3537 1786 3621 incertis,
1811 3569 1883 3630 quae
1907 3551 1953 3621 ira

277 3662 347 3716 tur.
365 3635 449 3740 Cap.
467 3639 533 3715 Ex
549 3625 1109 3729 literisSpluarriaiaesponsali·
1132 3650 1262 3712 vocant.
1308 3629 1411 3700 verbi
1427 3634 1553 3724 gratia,
1587 3631 1608 3705 fi
1637 3639 1710 3724 quis
1739 3637 1898 3726 jurasset,
1920 3640 1953 3719 se

278 3738 352 3812 bas.
416 3745 508 3812 ldem
539 3760 621 3810 vero
657 3738 692 3804 in
732 3724 932 3819 sponsalibus
957 3729 1108 3813 irrjurirtis
1131 3729 1310 3801 duellorum
1331 3753 1429 3800 unarn
1448 3755 1492 3820 ex¹
1515 3730 1623 3804 tribus
1648 3732 1775 3808 filiabus
1797 3744 1952 3832 Sempro-
2022 3795 2029 3804 .

277 3839 379 3911 eueni
402 3835 514 3910 locum
533 3835 676 3920 habere,
704 3834 903 3922 interpretes
916 3829 1050 3897 tradunt
1067 3851 1107 3898 err
1132 3827 1204 3910 aii,
1233 3836 1267 3899 tt
1294 3828 1404 3915 pastea
1431 3850 1529 3898 unam
1552 3855 1665 3902 earum
1700 3836 1874 3912 carnaliter
1895 3865 1952 3914 to·

279 3958 355 4033 cap.
375 3934 415 4006 dc
439 3935 507 4009 iliis
529 3933 568 4006 dc
589 3927 679 4026 desp.
708 3924 832 4024 impul.
860 3949 935 3997 cunr
958 3927 992 3994 in
1008 3922 1107 3996 rebus
1130 3919 1340 4016 gnosceret,
1379 3925 1629 3999 verificarentur
1658 3923 1845 4028 sponsalia,
1879 3963 1953 4028 quae

280 4034 433 4108 humanis
452 4033 518 4106 lide
534 4056 572 4103 ac
593 4024 828 4118 promissorum
854 4025 1032 4094 constantia
1057 4024 1107 4093 ni·
1129 4046 1226 4095 antea
1245 4045 1337 4094 erant
1353 4022 1496 4103 incerta,
1526 4021 1754 4101 &transirent
1779 4033 1813 4104 in
1839 4041 1953 4111 matti.

278 4132 328 4204 lril
348 4136 513 4221 antiquius
533 4123 658 4202 censeri
674 4115 803 4197 debeat.
853 4123 995 4194 Proinde
1010 4117 1108 4210 spon.
1130 4122 1303 4201 monium,
1327 4117 1348 4190 si
1373 4143 1528 4208 parentes
1550 4125 1700 4213 stuprate
1718 4127 1952 4214 consentirent.

280 4229 352 4301 sum
367 4242 402 4305 dc
424 4224 576 4318 sponsam¹
594 4225 696 4297 altera
718 4215 929 4311 parteinvita
946 4245 1012 4291 non
1032 4209 1106 4307 pos·
1130 4221 1216 4316 Qua
1237 4220 1475 4298 canonistarum
1492 4218 1610 4294 decifi'o
1627 4219 1805 4298 conformis
1821 4234 1867 4303 est
1887 4238 1954 4322 J'uri
2044 4310 2048 4314 ,

279 4327 313 4401 se
332 4355 408 4402 cum
424 4327 488 4401 alio
501 4321 698 4399 contrahere
716 4320 860 4410 expediti
874 4318 957 4412 juris
973 4321 1040 4408 isti
1062 4344 1103 4388 an
1130 4319 1391 4403 divinoAErod.
1406 4325 1515 4391 XXll.
1540 4324 1591 4392 16.
1616 4326 1718 4396 Deut.
1737 4331 1849 4406 XX11.
1872 4357 1928 4420 ¹9·
2060 4335 2066 4348 ’·
2094 4359 2121 4372 ··

280 4454 368 4501 veto
383 4450 501 4499 mutuo
522 4421 790 4496 contrabentium
812 4410 952 4486 disle'rr'su
976 4412 1115 4516 dissolri¹
1214 4425 1242 4508 ς.
1270 4417 1390 4490 CLlll.
1442 4419 1615 4516 Queritur
1635 4417 1697 4492 hoc
1788 4411 1795 4434 ¹
1876 4507 1878 4512 Ι
1973 4485 1978 4498 .
2033 4447 2042 4460 ·

279 4521 437 4614 sponsalia
456 4527 576 4596 iterum
586 4516 727 4612 peslint,
749 4509 942 4604 dispiciatur
957 4512 1103 4585 iiile'rius.
1131 4513 1226 4587 loco:
1256 4514 1303 4605 l.)
1327 4507 1369 4586 Si
1385 4513 1555 4604 alteruter,
1582 4515 1636 4589 uel
1658 4543 1695 4590 rt·
1766 4513 1934 4598 Quaeritis·
1973 4507 1978 4526 ⁸

280 4627 384 4719 Quod
404 4621 425 4695 si
448 4647 532 4714 ergo
547 4620 704 4692 alterutra
719 4641 793 4704 pars
811 4613 1012 4684 matrimonii
1026 4633 1105 4699 pro·
1131 4623 1240 4708 terque
1265 4613 1531 4686 contrahentium
1558 4611 1702 4714 obstina-
1749 4593 1974 4744 {lgfflglff

1741 4752 1848 4838 sorites
1859 4759 1955 4845 span-

279 4721 467 4795 mislionenr
498 4717 682 4807 adimplere
709 4714 924 4802 pertinaciter
950 4705 1107 4790 recuset,
1132 4724 1163 4784 te
1192 4720 1375 4879 reperisset,
1403 4737 1461 4786 acc
1488 4715 1698 4802 aronitionc,

279 4847 341 4894 nec
365 4818 570 4894 sufficientes.
584 4813 794 4888 recusationis
822 4808 930 4882 causas
953 4808 1105 4888 adierat,
1129 4835 1185 4886 uec
1211 4811 1335 4902 arins,
1371 4836 1429 4883 nec
1456 4810 1601 4897 ncultia,
1637 4840 1695 4886 nec
1741 4834 1893 4917 saltos-um

277 4924 486 5010 magistratus
510 4920 550 4988 ad
567 4913 884 4992 consummationmn
916 4936 988 4982 eam
1015 4932 1107 4980 com·
1129 4932 1266 5003 carcerc,
1289 4911 1472 5000 persuasuri
1504 4911 1625 5008 posit,
1661 4924 1700 4985 at
1746 4913 1949 5008 camurana--
1973 4919 1976 4926 '

276 5019 397 5110 pellat,
423 5013 495 5105 qiiae
521 5012 703 5101 compulsio
726 5035 897 5096 quartaque
919 5011 1107 5094 precedere
1122 5008 1229 5108 fidens
1254 5009 1467 5108 niatrimauii
1491 5009 1607 5086 datam
1624 5008 1698 5106 scr·
1748 5000 1898 5088 ‘militm
1979 5083 1982 5092 ¹

274 5120 415 5199 debeat,
437 5114 539 5207 paulo
562 5115 635 5205 post
656 5112 889 5204 explicabitur.
920 5099 1109 5189 Traiiseuut
1130 5118 1211 5279 vell,
1233 5109 1330 5200 atq'rrt
1360 5108 1472 5180 ultimo
1486 5111 1534 5210 stt
1555 5132 1578 5183 a
1601 5121 1701 5285 qm„
1734 5075 1928 5168 aemiliani

1238 5229 1256 5296 3
1593 5220 1704 5285 atera
