4884 5984
367 517 434 590 no
456 459 493 570 ἦ
657 507 838 604 tocra
860 501 1009 590 xxvt
1057 508 1176 608 utta
1196 509 1261 590 tv.
1310 511 1455 586 ster.
1481 516 1532 587 ιι
1568 511 1761 616 ,tart
1852 487 1856 496 “

296 777 303 792 ,
360 701 509 806 stains!
531 713 614 799 Jure
644 706 738 781 civili
762 729 984 802 cognatorum
1002 728 1103 798 atqua
1121 705 1203 780 adli·
1224 706 1317 780 rlbos
1337 709 1447 789 idem,
1472 711 1563 799 quod
1594 712 1636 782 de
1659 708 1819 800 proximis
1841 712 2058 803 ignorans»

361 808 462 886 nium
484 810 671 892 autioritas
689 804 744 880 vel
759 802 930 880 consensus
952 810 988 880 io
1008 806 1198 880 adultorum
1225 813 1404 889 tuendum3
1429 823 1544 880 e'orom
1572 811 1663 880 roim
1686 803 1878 882 consensum
1903 833 1969 880 non
1990 805 2057 886 esse

369 906 497 994 nuptiis
520 930 589 977 non
609 906 811 995 requiritur,
839 931 879 980 ac
896 906 1110 985 certumest,
1131 931 1199 978 non
1222 905 1355 995 penitus
1380 904 1643 997 negligendum,
1665 901 1849 997 presertim
1875 903 1986 986 finti.
2009 903 2055 990 de

367 998 433 1078 else
470 1027 589 1096 patrm
617 1007 850 1079 auuonorem
869 999 1042 1098 consensus
1066 1005 1198 1094 paterni
1222 1028 1364 1093 quorum
1389 1007 1513 1093 nuptiis
1531 1006 1663 1096 agitur,
1689 1005 1752 1077 srnt
1771 1007 2002 1090 minorennes.
2016 1013 2055 1080 de

367 1110 406 1176 ὅ(
435 1125 680 1194 cognatorum
711 1106 857 1184 interint¹
878 1124 989 1176 umen
1020 1098 1197 1176 testisstme
1220 1098 1289 1192 ipsa
1303 1100 1452 1175 honestas
1480 1104 1681 1195 &conjugii
1700 1105 1843 1196 dignitas
1865 1113 1900 1178 d:
1920 1105 2053 1191 jureni⁴

367 1197 469 1273 rebus
491 1195 555 1273 suis
577 1211 612 1276 dr
633 1198 840 1276 tortscientiae
865 1201 1096 1289 tranquillitati
1117 1225 1198 1273 coo·
1220 1199 1260 1274 lis
1284 1205 1386 1274 etatis
1408 1197 1532 1277 inscitia
1548 1228 1586 1273 ac
1605 1199 1777 1275 infirmitas
1793 1199 2024 1291 comprobant.

368 1295 502 1385 salunt,
528 1301 586 1391 qui
608 1299 802 1392 parentibus
826 1303 972 1374 destituti
994 1297 1135 1372 fratrum
1160 1308 1196 1378 dc
1269 1312 1297 1394 ς.
1312 1302 1453 1374 xcvtt.
1503 1301 1792 1399 Quaerirurxtt.)

365 1400 598 1489 proximorum
622 1420 842 1493 cognatorum
858 1393 1050 1473 musensuot
1070 1399 1107 1469 in
1127 1424 1194 1471 ma·
1220 1393 1282 1472 Aa
1299 1400 1336 1471 in
1359 1398 1489 1495 nuptiis
1509 1409 1662 1495 nepotum
1684 1400 1793 1496 requi·
1861 1388 1953 1483 xu.)
1973 1389 2031 1455 Α·

366 1499 525 1572 trimonio
554 1500 700 1571 ineundo
718 1519 896 1590 expetunt.
956 1499 1007 1590 a.)
1032 1497 1125 1599 Quia
1146 1493 1196 1568 illi
1220 1508 1319 1571 ratur
1357 1499 1460 1572 etiarn
1497 1496 1670 1595 consensus
1699 1494 1791 1572 uvi?
1833 1469 2053 1634 ff'w'ff

367 1595 549 1671 succedunt
568 1595 657 1688 quast
686 1597 721 1670 in
751 1596 861 1670 locum
887 1619 1093 1688 parentumt
1145 1603 1194 1686 a.)
1219 1602 1279 1692 Jus
1294 1595 1393 1670 civile
1408 1593 1792 1688 consensumparentum
1883 1636 1952 1696 ,ιω

369 1697 462 1791 Quin
476 1696 585 1787 praxis
598 1697 749 1769 omnium
764 1691 836 1769 sere
848 1698 1002 1788 gentium
1015 1692 1194 1767 illudcom-
1220 1699 1254 1767 in
1283 1698 1408 1787 nuptiis
1435 1694 1619 1771 liberorum
1652 1722 1722 1768 non
1753 1720 1793 1769 ex

367 1794 501 1885 probat.
551 1795 638 1871 Vide
657 1797 838 1886 Crpraeuna
856 1797 899 1867 de
923 1790 1096 1885 sponsalib.
1122 1816 1197 1882 cap.
1221 1790 1288 1867 sola
1305 1797 1492 1872 reverentia
1512 1805 1547 1869 dt
1566 1793 1778 1876 obedientia,
1804 1819 1902 1885 quarn
1913 1796 2054 1884 jared.

238 1955 243 1962 .
370 1893 437 1966 Vl.
461 1905 496 1981 ᾗ.
522 1913 558 1984 9.
628 1895 681 1991 3.)
708 1895 801 1991 Quia
827 1889 939 1982 puella
964 1888 996 1965 se
1014 1885 1118 1981 ipsam
1139 1894 1198 1962 de.
1222 1898 1301 1966 aino
1327 1904 1361 1967 dr
1391 1890 1534 1968 naturali
1559 1891 1752 1982 parentibus
1777 1893 1900 1970 debent
1923 1889 2051 1977 liberi,

369 1986 533 2084 spondere
560 1993 696 2084 nequit,
721 1992 808 2064 hanc
829 2015 913 2084 ergo
933 2015 1071 2080 opernm
1085 1991 1197 2080 prori-
1220 1985 1277 2064 sed
1297 1993 1397 2064 etiam
1418 2002 1452 2067 δι
1479 1991 1533 2065 rel
1549 1994 1691 2065 maxime
1708 2018 1747 2064 ex
1764 1996 1923 2081 potestate
1942 1995 2052 2080 patrie

369 2093 433 2162 ntis
454 2092 604 2184 cognatis
624 2086 771 2171 deseror,
794 2087 912 2163 nullibi
933 2085 996 2164 suia
1019 2087 1130 2160 verbis
1143 2111 1197 2161 re·
1221 2098 1257 2165 oc
1275 2113 1316 2168 ex
1336 2089 1462 2164 ratione
1489 2089 1599 2172 civili,
1633 2116 1675 2163 ne
1702 2092 1809 2164 invito
1838 2087 1912 2164 suus
1945 2087 2051 2164 heres

368 2185 551 2281 proonfiffo
565 2186 685 2281 puella
700 2187 878 2282 leguntur,
892 2181 946 2261 sed
960 2209 1015 2260 aut
1029 2207 1195 2277 parentes,
1219 2184 1413 2279 agnoscatur
1427 2237 1438 2271 ,
1470 2191 1626 2274 deducit.
1655 2194 1742 2261 unde
1768 2190 1939 2282 distinguit
1958 2190 2052 2263 iuter

368 2306 426 2361 aut
442 2286 649 2375 fratrcs‚aut
665 2286 823 2380 sanguine
837 2288 993 2376 proximi,
1008 2286 1131 2358 Gratis
1146 2286 1197 2356 di·
1218 2308 1377 2376 nepotem
1400 2297 1436 2361 dt
1463 2288 1601 2376 neptim
1627 2283 1649 2358 l.
1674 2283 1837 2361 Oratione
1865 2297 1915 2364 16.
1938 2284 1974 2360 ff.
2002 2290 2070 2362 de'

368 2388 417 2461 ἂί
432 2385 536 2493 κύριοι
542 2439 556 2474 ,
581 2388 705 2461 Latinis
724 2389 893 2470 tutiores,
918 2406 1070 2464 tutores,
1093 2384 1128 2454 in
1144 2392 1196 2472 ju·
1219 2387 1274 2457 rit.
1294 2407 1388 2474 nupt.
1440 2382 1570 2480 Nepote
1589 2408 1728 2460 uxorem
1744 2386 1879 2460 amente
1900 2382 2051 2485 &fissus

367 2508 406 2559 re
426 2488 606 2579 canonico,
639 2485 697 2581 qni
717 2483 977 2559 dominationem
997 2479 1120 2556 labent
1135 2479 1195 2577 stt-
1218 2482 1401 2579 consentire
1414 2482 1523 2569 debet,
1549 2485 1658 2582 neptis
1683 2508 1759 2560 vero
1777 2488 1811 2585 st
1833 2482 1961 2570 nnbat,
1989 2507 2050 2560 vo·

363 2606 427 2682 per
439 2582 639 2678 foeminam.
702 2581 759 2680 4.)
791 2587 872 2654 lade
903 2583 1031 2670 antiqui
1054 2603 1196 2654 canones
1220 2582 1335 2657 luntas
1354 2579 1396 2657 &
1415 2582 1598 2658 aaronitas
1616 2584 1677 2656 avi
1685 2582 1823 2680 sufficit.
1875 2586 1976 2662 Ratio
1995 2585 2049 2660 di-¹

366 2681 504 2774 jubent,
530 2704 566 2755 ut
589 2707 672 2755 uror
693 2678 736 2753 ab
757 2679 846 2761 illis,
873 2677 1035 2778 aquibus
1055 2680 1197 2779 custoai-
1220 2680 1379 2755 versitatis
1402 2678 1471 2753 haec
1495 2684 1570 2763 est,
1603 2686 1694 2773 quod
1720 2687 1806 2773 patri
1838 2686 1942 2758 invito
1969 2677 2047 2758 suus

367 2791 443 2869 tur,
458 2803 613 2871 petatur,
629 2792 669 2857 ne
688 2777 912 2870 aparentibus
927 2789 964 2854 ει
977 2780 1194 2867 propinquio-
1219 2776 1588 2873 haeressgnasceretur‚
1614 2779 1636 2853 ti
1660 2777 1732 2872 ipso
1751 2807 1817 2854 non
1839 2778 2048 2856 consentien-

367 2879 461 2955 ribus
476 2876 728 2971 despondeatur.
743 2902 817 2967 cap.
835 2875 939 2952 aliter
956 2886 1022 2952 dcc.
1045 2878 1118 2949 dill.
1139 2902 1193 2965 30.
1218 2898 1251 2951 te
1273 2874 1371 2951 solius
1388 2882 1441 2951 avi
1456 2874 1613 2951 consensu
1629 2903 1732 2969 nepos
1754 2879 1966 2953 contraherer
1982 2905 2045 2954 nu·

368 2981 479 3071 quest.
500 3007 529 3066 ς.
566 2982 619 3075 5.)
630 2985 711 3070 Jure
730 2976 928 3066 provinciali
943 2976 1126 3049 multorum
1145 2974 1195 3046 lo.
1217 2980 1321 3067 ptiust
1345 2973 1398 3049 sed
1418 2978 1452 3048 in
1471 3002 1573 3068 nepte
1590 2981 1674 3053 ratio
1696 2979 1753 3050 illa
1776 2976 1893 3060 cessat,
1916 2981 2047 3070 quippe

286 3141 292 3164 ,
368 3103 486 3152 rorum
494 3079 583 3151 idem
594 3078 785 3165 requiritur.
836 3077 1191 3150 Ordinatmatrimon.
1216 3101 1289 3164 qua·
1307 3073 1465 3148 defundlo
1485 3102 1549 3148 avo
1570 3100 1636 3148 non
1656 3080 1773 3149 recidit
1796 3082 1830 3150 in
1846 3079 2044 3166 patestatem

327 3233 340 3246 ,.
368 3176 603 3268 Wirtenberg.
619 3199 691 3266 cap.
712 3179 737 3245 l.
755 3198 822 3246 non
843 3195 973 3245 tanturn
992 3173 1192 3260 pareatum,
1215 3176 1340 3261 patris,
1365 3171 1470 3247 sedin
1483 3176 1592 3246 mariti
1612 3177 1772 3265 potestate
1786 3198 1916 3263 manet,
1943 3178 2064 3268 eique-

261 3329 265 3336 .
367 3272 500 3347 sediliis
519 3271 800 3362 defundisetiaoa
824 3293 974 3366 tutorum
995 3281 1030 3345 dr
1052 3271 1190 3360 propin·
1213 3269 1337 3344 liberos
1354 3292 1519 3363 procreat.
1584 3275 1748 3370 Quamvis
1769 3278 1872 3365 igitur
1888 3271 2044 3363 respctlu

366 3398 511 3463 quorum
533 3365 723 3443 consensum
743 3371 894 3458 requirit.
955 3370 1062 3440 Exstat
1092 3373 1191 3441 llata-
1215 3373 1328 3458 patria
1349 3372 1516 3460 potestatis
1534 3374 1569 3443 in
1595 3375 1720 3460 nuptiis
1743 3377 1873 3461 nepotis
1898 3382 1972 3461 jure
1995 3374 2043 3444 ci·

357 3490 438 3544 uum
451 3468 689 3545 Lubecenfium
703 3465 761 3541 lib.
785 3473 812 3540 t.
836 3471 886 3541 tit.
908 3493 941 3544 2.
961 3488 1023 3538 art.
1044 3491 1078 3554 4.
1099 3470 1188 3557 quod
1214 3466 1272 3542 rili
1289 3492 1356 3541 nun
1371 3470 1558 3558 requiratur
1571 3466 1743 3543 consensus
1752 3474 1873 3559 patris,
1888 3468 1940 3544 sed
1955 3475 2041 3543 dun-

368 3573 477 3662 virgo‚
491 3571 547 3644 vel
564 3571 673 3655 sidua,
689 3566 954 3659 repugnantibus
969 3568 1098 3655 justaex
1112 3590 1187 3640 cau·
1212 3587 1300 3639 taxat
1318 3570 1399 3650 avi,
1429 3569 1505 3656 quia
1528 3572 1685 3658 quamdiu
1711 3596 1791 3641 avus
1810 3592 1967 3657 paternus
1987 3554 2040 3640 sir·

262 3755 266 3760 ¹
309 3709 313 3714 ·
364 3666 399 3742 sa
414 3670 562 3764 cognatis
580 3668 710 3741 nubens
722 3691 761 3739 ex
777 3670 867 3738 omni
882 3668 1083 3757 patrimonio
1101 3691 1187 3754 prr·
1211 3667 1342 3754 petest,
1369 3688 1505 3755 nepotes
1533 3692 1600 3739 non
1625 3663 1700 3738 sunt
1724 3670 1757 3738 in
1775 3671 1900 3760 patris,
1929 3664 2040 3740 sedin

365 3790 418 3843 ter
435 3772 538 3842 velles
558 3768 762 3858 quotidianas
777 3762 861 3838 nihil
882 3766 1046 3847 retineat3
1071 3786 1187 3836 notan·
1210 3766 1462 3853 inportune,
1487 3776 1523 3856 §.
1546 3763 1601 3838 fin.
1623 3767 1735 3864 instit.
1751 3765 1792 3839 de
1806 3779 1900 3863 potr.
1919 3767 2037 3864 potest.

363 3873 397 3940 te'
420 3866 608 3958 Hilligero‚
632 3884 808 3954 compatre
833 3864 943 3936 nollro
965 3860 1185 3941 honorando,
1209 3870 1277 3951 iam
1306 3886 1388 3935 vero
1415 3861 1549 3935 illorum
1577 3866 1931 3955 duntaxatparcntum
1959 3889 2039 3940 con·

362 3963 517 4057 longiore
540 3966 606 4036 vita
628 3958 842 4057 digniffimo,
871 3968 906 4034 in
931 3957 1078 4032 Donello
1105 3983 1189 4032 enu-
1210 3955 1320 4034 sensus
1341 3962 1377 4033 ln
1404 3962 1530 4051 nuptiis
1558 3960 1740 4054 liberorum
1767 3968 1972 4054 requiritur,
2002 3965 2037 4035 in

362 4061 470 4137 electo
492 4061 551 4134 lib.
569 4068 628 4135 tlt
650 4086 679 4136 c.
699 4084 754 4138 to.
771 4060 822 4136 lit.
840 4089 871 4136 z.
888 4057 985 4147 quale
1005 4059 1158 4131 statutum
1176 4112 1186 4144 ,
1209 4079 1347 4155 quanm
1359 4063 1517 4161 potestate
1524 4058 1609 4158 fitnt
1620 4059 1740 4140 liberis
1764 4065 1797 4133 io
1814 4089 1864 4155 pr.
1881 4064 1984 4164 instit.
1998 4060 2040 4134 aie

221 4237 227 4253 ,
278 4173 284 4190 ·
360 4164 517 4254 quamvis-
530 4160 676 4234 libertati
694 4161 898 4234 matrimonii
914 4181 1124 4250 repugnare,
1148 4168 1305 4256 aelnopr.
1326 4179 1439 4231 tamen
1454 4154 1605 4248 respetlu
1623 4161 1810 4252 posterioris
1827 4159 1940 4242 causae,
1955 4185 2038 4252 pro-

359 4264 504 4356 proinde
516 4262 655 4334 minime
671 4260 881 4351 probandum
901 4253 965 4331 offe
981 4258 1120 4330 llatuant
1133 4280 1187 4329 ea·
1209 4280 1287 4347 pter
1312 4281 1410 4347 quatu
1432 4253 1603 4332 consensus
1624 4281 1800 4349 parantum
1811 4261 2037 4350 aequiritur,

359 4361 514 4442 norrillz,
539 4361 810 4438 panormitanus,
834 4353 961 4429 selinus
979 4362 1012 4430 &
1027 4378 1084 4428 eos
1096 4348 1186 4427 secu-
1210 4353 1366 4430 videlicet
1380 4380 1422 4426 ne
1441 4357 1546 4428 invito
1563 4355 1667 4431 heres
1683 4352 1895 4450 agnoscatur,
1922 4361 1956 4432 in
1972 4383 2036 4431 nu·

355 4461 395 4536 ti
420 4461 567 4536 &ullius
584 4484 619 4549 p.
641 4477 697 4547 ιι.
722 4451 1091 4542 Mauserostenuprp.
1103 4477 1117 4540 3
1130 4479 1184 4545 50.
1208 4456 1287 4544 ptiis
1302 4456 1435 4544 nepotis
1450 4477 1573 4544 preter
1588 4451 1778 4529 consensum
1791 4460 1846 4530 avi
1863 4458 1964 4530 etism
1978 4482 2038 4550 pa·

353 4553 524 4654 ¹Ararisreus
540 4561 582 4632 de
602 4564 677 4646 jure
697 4556 933 4654 connub.,cap.
954 4555 1013 4623 ltl.
1039 4576 1073 4642 p.
1099 4576 1183 4643 24¹·
1207 4554 1310 4626 rearis
1330 4549 1502 4627 consensus
1522 4555 1569 4627 est
1586 4551 1806 4637 necessarius,
1832 4551 1888 4628 sed
1909 4557 1944 4627 in
1972 4583 2036 4630 nu·

356 4657 414 4738 alii
432 4682 545 4732 tamen
577 4651 798 4744 jurisconsulti
828 4653 1026 4727 contrariom
1056 4643 1184 4722 senten
1205 4655 1285 4742 ptiis
1300 4653 1408 4741 neptis
1429 4674 1567 4741 utraque
1584 4648 1676 4726 causa
1692 4649 1806 4741 cellar,
1833 4658 1920 4727 unde
1937 4651 2035 4728 solius

358 4759 439 4834 riam
465 4753 740 4847 amplctimur,
773 4777 812 4827 ac
836 4749 985 4824 firmitati
1008 4757 1044 4823 dt
1069 4746 1182 4820 decori
1205 4753 1260 4824 ari
1276 4745 1446 4826 consensus
1460 4750 1495 4821 in
1514 4751 1582 4841 ejus
1606 4754 1731 4840 nuptiis
1750 4748 1878 4825 sufficit.
1907 4755 2034 4826 Distin-

357 4853 508 4954 eonjugii
528 4879 589 4944 per
606 4853 688 4925 illud
707 4847 850 4934 consuli,
877 4849 1085 4922 temerarium
1100 4869 1181 4921 vero
1203 4852 1424 4944 gauntetiant
1439 4852 1526 4923 inter
1539 4847 1624 4922 filios
1643 4855 1883 4942 emancipatos,
1910 4860 1944 4925 &
1958 4876 2035 4935 eos,

358 4953 528 5032 balteum
548 4956 693 5027 coerceri
715 4955 834 5026 tostius
847 4944 996 5026 censent,
1021 4949 1181 5035 cypraeus
1205 4950 1263 5039 qui
1295 4949 1443 5022 nondum
1468 4951 1574 5038 patria
1604 4952 1764 5041 potestate
1794 4955 1970 5030 exierunt,
1996 4956 2031 5027 in

361 5057 404 5130 de
422 5049 526 5146 spons.
547 5078 621 5138 top.
644 5047 709 5122 Vl.
733 5057 760 5138 q.
787 5078 821 5145 4.
884 5051 1034 5135 Mejerus
1056 5047 1097 5117 nd
1121 5041 1180 5115 lib.
1206 5046 1257 5119 hir
1275 5044 1467 5121 consensum
1484 5050 1586 5137 patris
1607 5043 1775 5131 sufficere,
1799 5048 1911 5121 inillis
1928 5055 2030 5124 ctiam

361 5147 835 5250 uulpurronem
861 5172 916 5228 12.
978 5149 1034 5222 De
1051 5162 1184 5220 currto·
1203 5149 1261 5226 ari
1289 5140 1482 5223 consensum
1510 5148 1636 5239 requiri
1665 5147 1791 5221 dirum.
1853 5147 2031 5222 Albericus

546 5309 561 5322 .
1944 5251 2036 5326 Gen·
