4884 5984
416 543 487 624 478
924 524 1074 599 locvs
1098 522 1225 596 XXVl.
1274 523 1426 604 CAPVT
1450 525 1510 596 lx.

419 721 743 815 &reelisexplicotio
755 719 891 796 illorum
899 722 1099 796 verborum:
1120 715 1220 793 Mn-
1242 743 1304 794 nec
1325 743 1403 794 eum
1424 721 1496 794 viro
1517 717 1589 794 satis
1609 722 1787 795 commode
1809 723 1926 798 vivere
1947 741 2047 816 pote·

421 821 609 922 tiplicando
632 819 865 918 multiplicabo
889 820 1038 896 dotorem
1059 830 1151 892 tuum
1178 813 1220 892 si
1243 823 1305 902 tis3
1337 816 1481 910 subjecte
1499 824 1563 894 eris
1583 823 1632 906 ei,
1657 845 1756 909 quem
1777 817 1894 898 misere
1915 818 2044 898 seduxi·

422 932 610 1018 conceptum
630 931 740 998 tnnmt
767 917 831 994 hoc
846 921 908 1006 eu,
924 921 1032 992 stetim
1049 919 1122 1008 pust
1140 941 1221 989 con·
1244 919 1309 1004 sti,
1338 928 1372 994 tc
1389 921 1464 1006 quie
1487 920 1547 992 tibi
1568 928 1603 994 dt
1620 918 1777 992 creaturis
1793 925 1884 996 reue
1899 923 2044 1012 imperu-

424 1023 613 1111 ceptionem
636 1016 737 1094 scetus
756 1021 932 1108 conceptio
951 1031 985 1092 dt
1007 1020 1105 1106 origo
1126 1013 1220 1088 dolo-
1244 1042 1282 1091 re
1301 1012 1487 1104 nescivisti,
1523 1027 1589 1107 jam
1621 1013 1724 1100 disere
1748 1025 1820 1110 regi
1850 1044 1889 1090 ec
1917 1015 2043 1110 subjici.

423 1143 501 1190 rum
529 1114 694 1207 sequetur.
760 1121 815 1206 2.)
840 1115 968 1191 Partus
993 1113 1219 1210 difficultates.
1246 1121 1335 1194 Ante
1347 1110 1474 1204 lapsum
1487 1121 1635 1206 quedem
1651 1113 1761 1212 ἰξοχιῖ
1774 1119 2044 1210 prerogativa&

425 1223 466 1288 ln
481 1217 565 1289 stetu
577 1219 777 1308 integritatis
790 1214 913 1305 ubsque
928 1214 1078 1288 molestia
1092 1214 1222 1287 &citro
1245 1215 1424 1286 eminentie
1446 1215 1519 1288 viro
1539 1236 1608 1302 prae
1632 1214 1771 1288 muliere
1794 1213 1902 1290 suisset
1916 1209 2045 1290 nuces·

426 1317 614 1387 omneuitae
627 1315 815 1406 periculum
830 1313 975 1386 soemine
991 1307 1138 1384 sobolem
1150 1311 1222 1383 edi·
1248 1309 1306 1397 se,
1336 1304 1390 1383 sed
1410 1335 1450 1384 eo
1475 1310 1558 1382 nihil
1582 1310 1736 1384 molestie
1762 1335 1820 1386 eut
1844 1310 2049 1388 difficultetit

425 1409 563 1495 dissent5
593 1413 692 1485 hodie
712 1437 792 1484 vero
815 1409 949 1484 summis
970 1435 1047 1483 cum
1071 1409 1223 1483 cruciati·
1248 1411 1465 1496 conjunoum
1485 1405 1665 1496 habuisset,
1689 1397 1767 1498 quia
1783 1435 1892 1500 neque
1910 1415 2051 1486 meriton·

426 1512 489 1586 bao
507 1521 543 1586 dc
563 1505 809 1601 prasentiffimo
830 1513 906 1582 vitre
925 1502 1112 1583 discrimine
1141 1504 1225 1576 illud
1249 1507 1430 1597 quidquem
1446 1511 1638 1598 importune
1653 1507 1708 1582 vel
1726 1509 1884 1586 iracunde
1902 1507 2051 1594 fecisset,

427 1614 643 1698 conjunctam
664 1611 721 1681 est.
772 1605 910 1682 Matres
941 1608 1070 1708 nostros
1093 1605 1225 1700 uipereo
1248 1629 1357 1694 neque
1373 1627 1457 1678 uxor
1476 1607 1512 1678 iu
1534 1601 1602 1678 ulle
1615 1626 1653 1680 re
1669 1599 1733 1679 sese
1749 1603 1983 1702 resrederiem‘
1994 1633 2050 1684 ex·

427 1727 518 1781 more
536 1705 740 1792 laceramur,
770 1708 878 1798 inquit
909 1705 1120 1780 bernhardus
1140 1749 1154 1782 ‚
1185 1723 1225 1774 ec
1248 1699 1422 1784 hibuilset,
1442 1697 1498 1777 sed
1517 1705 1590 1793 poll
1611 1697 1740 1794 lapsam
1756 1703 1814 1778 ille
1828 1703 2050 1792 harmonia&

429 1827 559 1878 tentum
573 1830 640 1878 non
657 1801 857 1878 moribunde
876 1815 912 1880 de
935 1799 1098 1877 exanimis
1118 1820 1226 1882 mutet
1248 1798 1400 1900 ἐυταξία
1420 1803 1467 1875 est
1485 1798 1633 1891 disrupte
1655 1856 1666 1887 ,
1690 1827 1729 1874 ac
1745 1803 1895 1877 mulieris
1908 1831 1993 1900 erge
2007 1807 2053 1880 ri·

426 1901 587 1977 insontem
600 1906 680 1976 edit.
720 1905 867 1996 sicergo
878 1901 1135 1990 conceptionem
1146 1921 1226 1989 pec·
1248 1927 1326 1975 rum
1350 1897 1513 1990 subjeltio
1539 1903 1586 1974 ell
1608 1896 1668 1992 ipsr
1693 1901 1854 1986 molesta,
1872 1903 2050 1980 'ecerbedt

427 2005 494 2076 eati
513 2001 586 2076 lube
602 1997 759 2076 infestam
780 2001 926 2092 sequitur
944 1995 1104 2072 laboriose
1119 1999 1226 2090 geste·
1249 1995 1395 2074 adverso.

429 2103 479 2173 tio
495 2111 531 2176 ot
545 2097 698 2174 doloroso
717 2102 881 2174 nativitus.
919 2095 1058 2172 Mulier
1070 2105 1226 2172 cuntur·
1299 2102 1334 2186 ς.
1349 2096 1617 2174 eccetxxx.
1648 2101 1707 2186 ll.)
1729 2095 1797 2172 Co·
1844 2120 2052 2202 mentm.
2092 2175 2093 2182 ἵ

426 2199 584 2299 pitndine
612 2198 786 2297 concipit,
808 2199 854 2270 eit
878 2196 912 2269 b.
935 2195 1129 2275 lutherus,
1154 2217 1227 2268 cunt
1251 2195 1422 2274 sumitates
1445 2216 1492 2267 nc
1523 2194 1698 2295 miseric.
1722 2223 1818 2296 que²
1846 2210 1927 2266 tuter
1946 2201 2052 2296 ocul·

431 2298 548 2373 dolore
563 2299 732 2384 enititur,
757 2321 830 2370 cunr
849 2296 1008 2372 arumnis
1022 2291 1173 2392 sobolem
1196 2316 1230 2366 e·
1251 2297 1450 2386 conjugibus
1474 2295 1509 2366 in
1527 2293 1589 2368 bec
1609 2297 1675 2369 vito
1694 2295 1800 2370 obve-
1885 2278 2003 2366 smal-

335 2419 339 2426 ·
430 2396 542 2472 docnt.
593 2400 627 2470 si
644 2394 767 2483 absque
782 2394 1014 2466 moledittione
1029 2391 1129 2476 soret,
1144 2416 1231 2482 opus
1257 2398 1353 2468 niunt
1375 2391 1482 2464 ferme
1499 2394 1692 2469 innumerae.
1724 2399 1799 2470 No·

428 2497 655 2591 generationis
667 2489 746 2566 ess'et
761 2489 1042 2578 honestissimum,
1060 2516 1174 2582 portur
1186 2487 1235 2562 fe·
1258 2495 1347 2565 mine
1365 2495 1454 2564 enim
1472 2485 1598 2566 sudoris
1614 2495 1761 2578 merito,
1786 2503 1822 2569 tt
1837 2493 1966 2584 doloris
1979 2515 2054 2566 coo·
2080 2555 2093 2566 ,t

433 2596 581 2676 cilimur,
605 2590 725 2665 sobolis
742 2592 895 2666 educatio
922 2587 1001 2664 esset
1021 2586 1149 2664 summe
1175 2613 1234 2662 vo-
1256 2595 1327 2684 jugi
1343 2587 1487 2680 impofiti
1502 2585 1748 2684 onradoxniic
1764 2593 2055 2684 comprehendun-
2092 2591 2093 2682 j

434 2693 562 2783 luptass
586 2689 641 2765 sed
659 2687 734 2782 post
748 2683 876 2780 lepsum
891 2690 1003 2762 omnio
1020 2683 1093 2760 sunt
1113 2690 1234 2760 imma·
1257 2711 1312 2762 tur
1326 2713 1441 2761 omues
1453 2686 1657 2776 molelliae&
1678 2685 1834 2776 miseriae,
1861 2715 1935 2780 quc
1955 2691 2054 2764 vitm

435 2813 514 2867 tete.
562 2794 645 2864 lnde
663 2791 794 2878 quoties
807 2783 969 2879 scripturo
980 2789 1145 2878 angustius
1155 2809 1234 2877 pru·
1257 2785 1467 2878 conjugalem
1491 2785 2055 2878 comitariconsueverent,deoui·
2081 2841 2093 2884 3

437 2889 582 2966 viffimee
612 2885 789 2970 describit,
820 2910 899 2958 cum
923 2883 1094 2957 doloribus
1118 2905 1233 2974 pertu-
1258 2885 1319 2958 bus
1345 2888 1379 2957 in
1400 2909 1526 2978 genere
1547 2888 1744 2972 pronunciet
1760 2889 1927 2980 apostolus
1949 2889 2055 2964 ocor.

438 2991 597 3062 cientium
618 2987 751 3062 enodem
764 3003 939 3075 comperet
959 2979 1185 3072 zutpxlx.
1201 3003 1235 3064 ι.
1260 2990 1334 3057 Vll.
1361 2993 1416 3064 28.
1445 2978 1577 3078 θλίψιν
1593 2979 1780 3082 τῇσαρκῒ,
1804 2984 2055 3074 tribulationem

439 3083 724 3174 Psel·xlvlll.7.
738 3079 820 3170 Elei.
829 3089 925 3155 x111.
936 3093 970 3166 8.
983 3085 1075 3152 XXl.
1089 3101 1119 3172 3.
1133 3083 1238 3154 xtn.
1260 3080 1397 3168 cornis,
1429 3077 1495 3154 five
1509 3086 1543 3154 in
1560 3105 1659 3156 earne
1675 3081 1840 3159 iubebunt
1855 3081 2055 3186 hujusmodi·
2092 3113 2093 3120 ¹

443 3209 501 3278 ι4.
516 3189 639 3274 Jerem.
653 3185 710 3250 lv.
725 3199 784 3268 pt.
799 3185 858 3252 Vl.
873 3203 933 3270 ιι.
949 3183 1237 3254 xul.2r.xx11.
1262 3182 1525 3274 Quemvisenim
1542 3183 1581 3252 ud
1591 3182 1815 3257 conditionem
1831 3183 1968 3258 illorum
1978 3197 2056 3259 tem·

443 3303 501 3372 23.
527 3279 639 3352 XXX.
659 3292 691 3350 6.
724 3283 874 3348 XLVIII.
890 3300 951 3363 4¹·
973 3280 1095 3348 xtrx.
1115 3300 1171 3350 ιι.
1199 3279 1238 3347 Ι..
1262 3303 1385 3370 porum
1406 3276 1574 3367 aposlolus
1592 3277 1798 3367 potissimum
1818 3283 1998 3373 respiciet,
2026 3284 2057 3354 in

441 3405 503 3475 43.
536 3373 631 3450 Ol'eae
652 3380 744 3450 Xlll.
767 3398 822 3464 ¹3·
851 3373 957 3446 Mich.
978 3381 1037 3448 IV.
1057 3397 1095 3465 9.
1129 3379 1240 3448 Marc.
1264 3375 1383 3466 quibus
1401 3399 1541 3464 propter
1567 3377 1702 3451 crebras
1724 3389 1758 3454 δι
1782 3383 1991 3470 quotidianas
2010 3405 2058 3455 ec·

442 3485 609 3563 Xlll.17.
649 3472 855 3544 Bernhardus
884 3475 1012 3544 tractat.
1034 3475 1077 3542 de
1101 3468 1239 3561 palston.
1265 3474 1365 3547 clefiae
1386 3471 1628 3562 persecutiones
1651 3482 1834 3573 conjugatis
1853 3480 2059 3556 edverl‘rtetet

443 3574 594 3647 Domin-
610 3595 684 3660 cap.
712 3568 823 3642 XXX.
846 3569 910 3643 col.
939 3581 1003 3656 163
1011 3595 1043 3660 5.
1103 3577 1143 3642 ln
1164 3565 1242 3640 scti-
1264 3570 1545 3660 duplicabuntur,
1583 3576 1663 3646 dum
1686 3578 1720 3647 in
1748 3577 1896 3652 exfilium
1923 3601 2059 3672 propter

442 3673 551 3762 pruris
566 3667 690 3742 doloris
707 3667 803 3756 hujus
814 3669 1036 3740 testimonium
1049 3665 1242 3758 frequenter
1265 3669 1344 3743 srdei
1365 3667 1601 3744 conseffionem
1618 3698 1695 3746 cum
1711 3701 1812 3751 uxore
1827 3687 1862 3754 &
1881 3679 1998 3754 liberis
2009 3703 2059 3754 tx·

444 3768 652 3848 invenimus,
677 3768 753 3855 quia
769 3790 847 3838 cum
865 3767 1129 3858 magnitudinem
1141 3763 1243 3838 alicu-
1267 3767 1496 3858 pellebantur,
1518 3791 1629 3845 tamen
1645 3772 1850 3862 aphorismus
1863 3775 1924 3852 ille
1938 3773 2061 3870 apollo·

441 3868 495 3958 jus
510 3863 806 3938 dolorievolumus
820 3866 1029 3954 exprimere,
1045 3861 1152 3954 ipsum
1169 3889 1243 3936 mu·
1267 3867 1349 3939 licus
1374 3866 1576 3959 generaliter
1599 3875 1704 3960 accipi
1729 3878 1836 3962 potest
1864 3880 1907 3950 de
1930 3873 2060 3950 miseriie

447 3965 522 4038 lieri
545 3965 743 4056 parturienti
762 3985 956 4052 comparare
981 3959 1130 4036 solemus.
1194 3967 1244 4037 Ac
1268 3975 1302 4042 ac
1319 3963 1485 4048 adversus,
1507 3993 1580 4056 quae
1600 3967 1678 4041 huic
1694 3971 1769 4043 vite
1785 3978 1882 4046 stetui
1899 3985 1936 4052 δι
1955 3963 2060 4048 ordini

446 4085 566 4140 notum
587 4067 635 4137 est
651 4062 734 4134 illud
754 4059 902 4134 Hecubae
921 4063 1010 4149 apud
1026 4062 1245 4148 Euripidem,
1266 4061 1448 4138 adhaerent.
1494 4071 1618 4138 Eorum
1636 4067 1772 4160 infignis
1789 4075 1923 4162 pitture
1937 4097 2060 4166 propo·

448 4163 546 4240 malle
555 4159 594 4260 se
617 4159 723 4236 decies
746 4160 781 4232 in
802 4160 876 4232 acie
892 4161 1006 4259 flare,
1029 4181 1126 4255 quoto
1139 4155 1245 4254 semel
1268 4164 1361 4235 nitur
1384 4166 1419 4234 in
1444 4163 1578 4236 historio
1604 4170 1796 4256 nuptiarum
1823 4173 2059 4246 Cenanaeerum

443 4285 576 4365 parere.
626 4261 725 4335 Ratio
738 4260 848 4330 nollra
869 4282 909 4332 er
933 4253 965 4331 se
985 4266 1021 4330 dt
1040 4255 1105 4330 suis
1121 4260 1246 4347 princi·
1268 4259 1344 4351 Joh.
1360 4258 1407 4332 11.
1431 4283 1463 4351 3.
1493 4264 1605 4351 primo
1622 4267 1712 4336 enim
1739 4270 1848 4341 statim
1872 4275 2060 4362 nuptierum

449 4367 514 4455 piis
534 4385 603 4433 non
626 4357 733 4448 potest
752 4358 930 4437 invenire,
960 4355 1017 4445 qui
1042 4353 1124 4439 fiat,
1155 4358 1245 4445 quod
1268 4362 1323 4429 die
1345 4355 1493 4430 defectus
1510 4363 1576 4431 vini
1592 4365 1888 4452 animadvertitur3
1921 4369 2061 4464 sicergo

451 4459 555 4535 arbor
580 4453 711 4528 fraihn
739 4450 812 4527 suot
838 4450 955 4544 sponte
984 4451 1158 4542 proferat,
1188 4456 1337 4542 quinon
1351 4456 1386 4526 in
1406 4454 1580 4548 progressu
1601 4464 1737 4535 demum
1761 4453 1930 4562 conjugii,
1953 4463 2061 4542 sedin

452 4551 707 4632 maturescentes
721 4551 786 4626 stne
803 4552 952 4626 molestia
968 4554 1146 4631 decidunt,
1157 4555 1246 4641 quod
1271 4554 1382 4644 primo
1399 4561 1470 4642 ejus
1491 4555 1636 4648 ingressu
1657 4585 1737 4632 crux
1758 4566 1937 4640 domesticu
1954 4572 2062 4656 conju·

453 4659 552 4731 bruta
575 4657 610 4726 in
635 4674 734 4744 porto
759 4652 893 4725 dolores
912 4651 1050 4740 quidem
1077 4646 1246 4734 sentiunt,
1270 4675 1331 4744 ges
1352 4656 1553 4740 comitetur,
1582 4682 1621 4729 ac
1648 4657 1765 4749 hospes
1790 4659 1847 4735 ille
1873 4667 1976 4738 etiarn
2000 4688 2063 4739 non

454 4755 598 4831 sednon
624 4749 708 4826 tolet
731 4773 771 4822 uc
798 4773 929 4836 tantos,
955 4745 1068 4838 quales
1090 4758 1125 4824 dt
1145 4773 1249 4837 quen·
1271 4752 1429 4824 invitatus
1444 4776 1634 4842 comparet,
1655 4781 1693 4829 ac
1714 4779 1786 4831 toto
1807 4755 1961 4856 conjugii
1984 4785 2064 4838 tem·

455 4878 507 4929 toa
524 4852 628 4924 bomo
646 4851 844 4942 experitur,
875 4841 985 4920 Moses
1010 4871 1090 4920 vero
1119 4844 1249 4920 eruum
1275 4872 1357 4937 pore
1369 4873 1446 4921 eum
1459 4850 1780 4939 ipsrscomnroratur,
1791 4863 1942 4950 adeoque
1954 4884 2064 4936 omues

454 4953 551 5027 nobis
565 4951 728 5040 adperuit.
782 4949 835 5039 3.)
852 4942 1166 5041 Snbjellioniscrgn
1178 4968 1249 5018 mn·
1272 4949 1393 5020 tedium
1410 4946 1549 5040 angulos
1570 4975 1722 5040 occupat.
1771 4959 1942 5032 Ceterum
1957 4980 1995 5034 ut
2007 4964 2064 5034 triu

450 5055 557 5128 ritant
571 5047 798 5146 aduerfitnter.
845 5043 909 5118 Aa
928 5047 1037 5118 uirum
1052 5043 1247 5142 institoriam
1270 5039 1344 5116 sunt
1361 5044 1526 5119 bonorum
1543 5073 1685 5141 genere,
1713 5053 1822 5126 animi
1834 5053 1978 5146 scilicet,
1998 5083 2066 5135 cor·

451 5165 569 5239 turn,
596 5143 638 5223 li
655 5143 723 5246 ipse
738 5143 971 5222 dominabitur
990 5139 1084 5226 tibi,·
1114 5145 1150 5219 id
1166 5145 1216 5224 est
1231 5193 1246 5230 ,
1262 5144 1362 5243 poris
1380 5141 1421 5222 8
1430 5143 1607 5242 fortuna:
1627 5151 1673 5224 itu
1690 5175 1824 5248 quoque
1843 5155 1934 5234 male
1953 5167 1989 5234 tt
2013 5161 2065 5232 ed.

1955 5251 2068 5338 rori,
