4884 5984
733 533 738 542 ·
857 501 928 574 oa
976 501 1352 578 srousutmvs.
1565 451 1650 590 :l
1881 491 2004 594 14a''

264 696 360 776 xlx.
381 722 435 790 ις.
456 701 551 776 duos,
571 693 624 770 vel
644 715 710 766 tres
729 687 891 776 sufficere,
919 699 1010 771 redte
1027 695 1096 767 col·
1119 699 1205 772 dicia
1218 696 1279 770 srnt
1299 721 1362 786 pro
1381 690 1613 781 matrimonio,
1639 694 1758 786 quibus
1776 718 1851 768 reus
1871 721 1949 787 gm-

264 797 407 891 ligitue,
430 821 507 869 cum
525 819 589 881 qua
608 790 774 865 sanstione
794 797 905 868 divina
928 799 1094 882 congruit,
1120 817 1239 877 vatur,
1265 799 1323 883 qui
1347 790 1505 884 sponsalia
1521 798 1603 866 inita
1625 791 1687 866 else
1704 815 1829 885 negat,
1851 820 1892 865 eo
1912 798 1948 866 in

265 894 287 966 l.
311 896 371 968 ubi
384 919 554 970 numerus.
578 916 632 966 ιι.
652 888 689 961 ff.
703 894 745 962 rle
765 891 915 964 tellibus:
953 890 1022 965 Ubi
1036 916 1096 963 uu·
1120 891 1213 972 casu,
1238 892 1262 966 st
1284 898 1375 965 attor
1392 896 1611 968 intentionem
1628 890 1718 964 suam
1738 914 1805 964 non
1827 891 1950 980 proba,-

265 1017 375 1068 merua
390 996 518 1094 testium
535 985 601 1063 uou
617 989 801 1083 adjicitur,
827 992 930 1064 etiam
945 987 1096 1085 duosus·
1121 994 1225 1074 ve'tit,
1254 991 1306 1064 vel
1330 1018 1396 1062 uon
1415 991 1514 1083 plene
1536 992 1754 1082 probaverit,
1787 1016 1863 1062 reus
1882 1015 1950 1062 non

260 1093 404 1192 ficiunt,
428 1087 578 1189 plttralir
596 1091 684 1160 enim
709 1085 851 1160 elocutio
871 1090 1011 1164 duorum
1033 1114 1094 1161 uu·
1119 1087 1322 1173 absolvitur,
1348 1088 1404 1160 nist
1428 1095 1642 1179 jurejurando
1663 1092 1885 1162 innocentiam
1913 1099 1951 1178 dc¹

529 1210 616 1262 mero
637 1197 789 1260 contrata
816 1189 868 1286 est.
921 1190 1094 1281 Quaritur
1118 1185 1351 1261 conscientiam
1375 1184 1463 1261 suam
1485 1190 1735 1279 purgaverit&
1759 1184 1953 1270 declarave·¹

268 1279 330 1374 11.)
346 1280 403 1344 An
423 1301 482 1376 ⁰¹⁴¹.
530 1295 586 1376 11.)
613 1281 655 1360 Si
676 1286 750 1384 quis
763 1284 945 1380 fateatur,
987 1310 1095 1358 econ·
1119 1291 1182 1370 riu
1213 1311 1240 1357 c.
1258 1284 1361 1385 final.
1387 1292 1414 1374 §.
1431 1285 1517 1383 saue
1538 1287 1578 1359 de
1590 1285 1822 1383 jurejurando.
1885 1289 1950 1360 Sed

268 1361 482 1521 glr'eualjtesrqul
526 1387 661 1481 jugium
694 1384 781 1456 clam
809 1386 948 1482 proruiſj
974 1409 1016 1467 a,
1054 1379 1094 1456 Ei
1119 1386 1234 1457 bacin
1258 1412 1294 1457 re
1314 1389 1473 1473 providos
1497 1395 1531 1459 dr
1554 1384 1810 1475 circumspettos
1834 1388 1949 1458 admo·

270 1461 482 1604 gssffsffss,
533 1479 694 1578 tamense
710 1506 776 1555 riou
802 1484 905 1556 teucri
925 1481 1024 1556 dicat
1048 1481 1096 1555 ari
1120 1488 1199 1555 dum
1216 1504 1353 1574 oportet
1374 1480 1438 1556 else
1461 1483 1631 1558 causarum
1654 1483 1948 1556 matrimonialium

348 1599 433 1663 tur?
528 1581 754 1683 promrffiouis
777 1581 1023 1678 impletionem,
1057 1603 1094 1653 ro
1118 1585 1261 1671 jndices,
1288 1609 1331 1655 ne
1344 1581 1388 1653 ob
1402 1580 1560 1656 leviculas
1579 1577 1825 1674 presumtiones
1843 1585 1948 1674 statim

525 1682 614 1777 quod
627 1680 715 1752 clam
726 1678 939 1776 promiserit,
962 1677 1004 1754 si
1017 1704 1095 1776 poe·
1116 1692 1341 1770 juramentum
1362 1705 1420 1753 reo
1435 1680 1604 1761 deferant,
1632 1706 1715 1753 neve
1732 1687 1771 1754 ad
1785 1690 1950 1772 jusjuran-¹

269 1786 415 1862 nitentia
433 1782 594 1865 taratra,
620 1804 697 1851 rcum
720 1777 974 1852 isauriieudur?
991 1774 1094 1866 Resp.
1119 1787 1198 1850 dum
1218 1802 1359 1872 cogant,
1386 1803 1485 1865 quem
1499 1783 1685 1869 perjurium
1701 1777 1951 1854 commissurum

267 1885 291 1957 li
309 1883 348 1956 fit
363 1880 409 1956 sui
424 1884 532 1971 juris,
559 1883 592 1950 id
616 1879 688 1958 est,
713 1903 780 1949 non
807 1880 1001 1950 constitutus
1033 1875 1093 1946 sub
1118 1875 1181 1949 else
1196 1874 1367 1949 maniselle
1386 1882 1533 1967 adparet.
1589 1880 1621 1949 Si
1635 1881 1723 1949 enim
1742 1880 1949 1951 clandestine

268 1985 432 2074 potellate
453 1979 580 2068 patria,
613 2002 680 2047 non
709 1974 808 2046 debet
843 1975 912 2046 haec
942 1977 1095 2063 exceptio
1120 1971 1383 2066 desponsationes
1412 1974 1486 2047 sunt
1516 1973 1640 2046 illicita
1671 2001 1709 2047 ac
1742 1975 1949 2065 prohibite,

268 2081 421 2163 admitti,
445 2073 497 2151 sed
519 2078 656 2166 propria
674 2069 832 2144 confessio
852 2075 963 2164 potius
980 2075 1094 2144 adten·
1120 2099 1180 2145 cut
1193 2081 1418 2166 iuramentum
1438 2071 1562 2145 deferti
1579 2072 1718 2146 deberet
1729 2085 1742 2159 ,'
1769 2073 1822 2148 vel
1841 2079 1950 2148 attoti

269 2182 316 2254 di.
367 2184 419 2250 Ut
444 2179 532 2248 enim
554 2168 777 2260 jurisconsulti
807 2175 847 2242 de
869 2169 981 2260 priore
1004 2170 1094 2250 clan-
1120 2197 1173 2243 eas
1190 2170 1369 2255 adserenti,
1394 2169 1448 2242 vel
1466 2197 1526 2244 reo
1551 2196 1604 2242 eas
1620 2176 1774 2265 neganti?
1827 2177 1879 2245 Ad
1897 2175 1950 2244 ia·

268 2277 472 2356 dellinorum
486 2267 722 2362 sponsaliorum
739 2264 846 2356 specie
866 2272 956 2340 tede
970 2270 1095 2340 dicunt:
1121 2272 1204 2341 dicia
1227 2294 1293 2359 pro
1314 2272 1532 2342 matrimonio
1556 2272 1656 2342 etiam
1683 2269 1749 2341 boc
1770 2269 1948 2353 referunt,

275 2368 627 2473 Claudeflr'uitarsolo
641 2391 706 2438 uon
720 2366 1095 2443 uitiatmotrimouiumr
1113 2369 1147 2466 st
1158 2369 1233 2462 quir
1240 2369 1392 2467 stuprum
1412 2390 1433 2436 u
1447 2364 1486 2463 se
1506 2367 1636 2440 illatum
1645 2368 1805 2460 fateatur
1817 2419 1828 2452 ,
1840 2370 1949 2469 fidem

270 2477 432 2562 Cyproeus
448 2477 490 2542 de
505 2463 610 2567 spons.
626 2491 698 2555 cap.
724 2463 766 2536 X.
785 2480 873 2556 §,..4.
903 2467 947 2535 ita
974 2472 1015 2535 de
1036 2487 1096 2552 po·
1122 2477 1231 2537 autern
1256 2466 1299 2538 tle
1323 2466 1539 2538 matrimonio
1562 2463 1679 2539 datam
1701 2479 1826 2564 ueget,·
1867 2493 1954 2558 tunc¹

267 2569 407 2645 lleriore
427 2569 703 2642 clandestinorum
717 2558 955 2650 sponsaliorum
976 2559 1096 2651 specie,
1119 2565 1208 2636 enim
1226 2567 1324 2636 etiam
1346 2561 1443 2636 nullis
1461 2563 1530 2636 aliis
1553 2568 1681 2636 indiciis
1705 2564 1947 2655 presentibus,
2030 2590 2032 2594 ·

267 2695 343 2761 quae
366 2665 490 2740 scilicet
505 2663 571 2736 fine
591 2684 767 2751 pareutum
788 2656 945 2731 consensu
963 2683 1079 2729 contra
1119 2659 1240 2752 quibus
1260 2687 1334 2733 reus
1352 2685 1537 2753 gravetur,
1570 2664 1754 2736 indistincte
1781 2675 1952 2752 juranum

414 2823 418 2832 .
528 2763 581 2833 &a
601 2756 1096 2844 sunt,'contrariumadl'ercn-
1121 2783 1191 2829 tum
1228 2763 1437 2852 purgationis
1467 2765 1573 2832 eidem
1602 2765 1845 2849 imponendum
1871 2789 1950 2835 cen·
1983 2810 1985 2813 -

266 2857 417 2952 111.)‘Au
429 2875 480 2920 ue-
532 2863 623 2931 dum.
672 2859 844 2950 Quaritur
870 2861 948 2944 111.)
967 2852 1030 2926 An
1044 2876 1098 2925 ue·
1121 2853 1200 2929 sent.
1225 2861 1386 2945 Crpreeus
1404 2866 1475 2947 cap.
1499 2858 1596 2931 xlv,
1623 2876 1650 2948 ς.
1678 2881 1734 2949 23.
1763 2887 1838 2951 pag.
1867 2874 1947 2952 635.

268 2948 361 3084 5⁰²²st
397 2939 478 3000 ‘¹⁰³²‘
529 2956 629 3053 gautr'
641 2953 846 3053 claudestina
851 2950 1031 3048 sponsalia
1039 2954 1097 3047 ju·
1123 2959 1186 3027 Sed
1207 2965 1239 3028 δι
1265 2955 1318 3026 hic
1340 2952 1464 3028 surnma
1486 2957 1672 3029 adhibenda
1695 2961 1740 3030 est
1768 2958 1949 3043 cautio,st

260 3013 481 3184 sffisswglpzn'
531 3065 715 3129 ramentum
725 3051 852 3146 deferri
858 3051 976 3148 pofflt?
995 3046 1095 3140 Resp.
1122 3056 1211 3125 euim
1236 3048 1374 3141 persona
1395 3054 1432 3124 sat
1451 3056 1522 3126 vilis
1544 3066 1578 3128 &
1598 3054 1789 3137 inhonesta,
1813 3061 1864 3130 cui
1888 3061 1950 3128 llu-
1980 3115 1996 3134 t

269 3175 401 3242 rumam
425 3177 481 3256 ju-
531 3156 690 3242 Cvpraeus
708 3156 748 3222 de
774 3140 946 3237 sponsalib.
965 3171 1038 3240 cap.
1055 3147 1096 3220 X.
1124 3175 1222 3242 prum
1249 3178 1266 3221 a
1293 3149 1322 3220 se
1351 3151 1479 3236 illatum
1508 3178 1582 3222 reus
1614 3151 1772 3241 fateatur,
1800 3157 1952 3247 conjugii
2077 3155 2110 3242 Ι.

269 3249 481 3321 ranreutitm?
531 3257 559 3340 ς.
575 3261 608 3325 6.
626 3278 658 3323 n.
678 3274 709 3320 2.
728 3258 760 3321 dr
784 3273 856 3336 cap.
878 3247 977 3317 xlv,
995 3256 1022 3338 §.
1042 3269 1096 3318 22.
1123 3273 1232 3321 autem
1244 3243 1499 3338 promiffionem
1515 3249 1633 3322 lostam
1648 3251 1832 3342 elleuegeu
1844 3254 1951 3326 haud·

539 3347 647 3422 Video
673 3347 882 3442 jurisperitis
910 3341 951 3416 si
976 3344 1100 3417 tlreolo·
1125 3373 1288 3435 qtraquam
1316 3350 1593 3432 existimaverim,
1617 3357 1842 3436 juramentum
1870 3377 1952 3440 pur.
2002 3389 2005 3400 ·

269 3452 330 3548 gis
354 3447 473 3620 mystis
488 3448 574 3519 staua
592 3440 754 3543 placuiffe
773 3441 1037 3544 distinliionem,
1063 3453 1102 3514 ut
1124 3445 1269 3536 gationis
1298 3448 1405 3516 eidem
1424 3448 1554 3532 imponi
1580 3447 1725 3528 debere,
1758 3475 1834 3519 cum
1865 3470 1952 3539 prm.

262 3550 380 3652 fiqui
401 3572 450 3619 ent
475 3545 570 3619 atior
591 3548 697 3645 tulero
712 3542 832 3616 lrabeat
845 3544 1032 3634 terminent,
1047 3565 1101 3613 ue·
1125 3542 1245 3625 suartio
1274 3539 1312 3616 fit
1338 3546 1373 3614 ia
1398 3545 1630 3625 contrarium,
1662 3552 1753 3632 qttod
1783 3572 1951 3633 nunquam

273 3673 339 3746 que
349 3646 568 3746 scripturam,
584 3642 729 3717 autulio
744 3641 958 3726 documenta,
983 3638 1101 3736 quibus
1125 3639 1183 3731 ipss
1220 3638 1323 3712 fuerit
1353 3643 1480 3712 animus
1504 3666 1575 3713 eam
1606 3645 1759 3716 ducendi.
1812 3649 1844 3716 Si
1876 3640 1984 3714 reus'
2112 3648 2118 3660 '

242 3797 248 3802 ,
270 3745 493 3822 intentionem
501 3741 600 3840 suam
612 3739 743 3841 probet,
757 3765 814 3812 uec
825 3737 1033 3838 profanatio,
1047 3738 1102 3812 vel
1124 3761 1302 3826 utrumque
1320 3736 1483 3839 inficietur
1497 3751 1530 3812 dr
1548 3741 1714 3826 stuprum,
1727 3752 1760 3814 δι
1777 3742 1953 3814 aratrimo·

258 3842 420 3946 firspicio
445 3842 563 3938 aliqua
593 3844 642 3941 stt
670 3863 735 3938 pro
770 3839 1008 3926 matrimonio,
1035 3847 1099 3933 qua
1123 3841 1171 3909 nii
1188 3836 1467 3928 promilironem,
1493 3863 1554 3909 nec
1576 3837 1650 3910 ulla
1667 3839 1770 3911 adsmt
1794 3838 1948 3930 praesum-

267 3968 351 4022 nur
366 3952 542 4039 gravetur,
566 3965 656 4013 reum
675 3937 910 4034 absolutorium
927 3934 1098 4033 effectione
1124 3937 1232 4009 tioaes
1261 3945 1294 4009 dr
1325 3935 1572 4026 probationes,
1609 3937 1728 4026 quibus
1763 3959 1952 4029 gravetur,

254 4041 367 4118 ,ωηο
393 4042 583 4136 juramento
611 4039 771 4137 praestito.
842 4043 889 4130 ι.)
913 4034 983 4109 Per
1003 4037 1024 4112 l.
1043 4037 1100 4122 qui
1124 4032 1232 4105 nihilo
1248 4055 1358 4105 tamen
1375 4038 1482 4108 minus
1500 4038 1541 4107 ad
1560 4039 1951 4126 jusjurandumajudite
2064 4050 2067 4054 ’

268 4136 438 4218 ,causare
454 4143 496 4210 de
512 4140 651 4209 edendo.
671 4137 728 4206 ubi
744 4139 895 4221 additur,
909 4160 998 4209 reum
1011 4133 1100 4207 aaa.
1124 4158 1200 4206 eum
1222 4134 1302 4223 cogi
1319 4130 1429 4220 posse,
1456 4137 1614 4221 Cypraeus
1635 4133 1744 4206 “ns“
1761 4137 1794 4208 d·
1809 4160 1838 4208 ⁶·
1855 4142 1953 4230 §.24
2017 4131 2019 4146 Ι

267 4265 311 4317 η
339 4261 405 4310 nou
427 4233 591 4334 probante
610 4231 844 4330 absolvendum
868 4231 954 4331 effe,
972 4234 1107 4332 etiamst
1125 4258 1158 4302 n.
1184 4258 1212 4316 3.
1231 4255 1272 4304 eo
1291 4233 1381 4316 quod
1402 4233 1436 4305 iu
1456 4231 1612 4303 onuribus
1633 4232 1828 4305 criminibus
1845 4234 1952 4321 isqui

267 4335 368 4414 nihii
387 4335 602 4436 praestiterit,
629 4336 693 4404 hoc
717 4329 767 4404 cll
779 4385 790 4420 ,
825 4353 862 4403 ut
892 4330 1025 4423 supplet
1052 4335 1103 4401 in·
1126 4325 1317 4405 adcausator,
1339 4331 1554 4413 jurejurando
1577 4325 1608 4401 se
1628 4352 1774 4422 purgate
1792 4335 1953 4424 cogitur,

269 4461 434 4525 uepres,
457 4434 586 4528 etiamst
604 4455 670 4504 uou
687 4432 866 4526 juraverit.
909 4440 954 4517 2.)
981 4425 1037 4501 De
1051 4451 1103 4502 oc·
1126 4429 1213 4498 idem
1236 4449 1321 4515 ergo
1338 4419 1551 4510 servandum,
1577 4453 1652 4499 cunt
1668 4431 1740 4516 quis
1756 4431 1860 4521 llupti
1878 4429 1953 4506 iuss·

269 4535 380 4613 mltis
399 4556 464 4606 non
479 4523 617 4628 judicat
635 4530 783 4630 ecclefia,
807 4555 879 4617 cap.
905 4528 926 4599 sr
947 4531 1018 4616 quis
1034 4530 1101 4600 diu.
1127 4521 1296 4604 mulatur,
1320 4523 1409 4628 quod
1428 4524 1474 4593 est
1492 4525 1617 4595 crimen
1633 4523 1871 4616 graviffimum.
1888 4531 1952 4605 Sed

271 4657 336 4730 50,
356 4660 388 4721 q.
412 4659 443 4726 5.
463 4642 497 4706 dr
513 4631 617 4730 paria
632 4627 741 4727 scrut,
766 4651 831 4699 uorr
851 4624 934 4724 effe,
974 4623 1015 4698 si
1038 4650 1102 4698 uon
1126 4618 1333 4718 preferenda
1347 4623 1393 4690 est
1410 4619 1596 4692 communis
1622 4626 1799 4698 dodiorum
1823 4624 1953 4700 senten·

272 4733 449 4832 adparere,
506 4736 558 4819 3.)
588 4733 675 4804 Cum
703 4728 787 4798 clam
819 4730 905 4796 iuter
925 4721 956 4796 se
975 4745 1101 4796 contra.
1128 4723 1195 4803 tia,
1220 4744 1292 4806 quae
1309 4744 1351 4789 eo
1370 4720 1403 4788 in
1421 4718 1494 4788 casu
1523 4719 1631 4793 ociore
1655 4721 1744 4794 rtisril
1758 4724 1950 4821 probitate..
1994 4795 1997 4802 .

270 4837 408 4910 wint,
433 4840 467 4905 ἃ
487 4832 534 4899 rei
554 4826 674 4898 mim
697 4837 730 4900 &
755 4828 862 4897 vem
890 4850 1025 4911 operm„
1045 4826 1101 4893 de.
1126 4843 1249 4896 reum,
1274 4813 1397 4886 etiamst
1417 4815 1501 4886 nihil
1529 4820 1746 4905 prestiteris,
1776 4819 1951 4896 absolven-

270 4935 405 5014 dgrint,
429 4952 560 5016 aequum
580 4952 644 4997 non
668 4927 740 5003 cll,
771 4948 807 4995 ut
828 4933 898 5010 ejus
916 4926 964 4992 rei
981 4924 1100 4992 veritas
1124 4921 1203 4993 dum
1225 4913 1352 4992 cerrset,
1379 4939 1478 5000 quarn
1498 4919 1595 4986 etiarn
1618 4919 1651 4985 in
1673 4921 1766 5005 praxi
1782 4947 1950 5011 receptam

267 5031 490 5124 jurejurando
505 5045 747 5112 extorqueatur.
801 5026 861 5094 sed
878 5020 897 5091 fi
914 5023 1026 5089 [estem
1042 5018 1098 5087 ha.
1122 5009 1202 5091 else,
1218 5015 1378 5099 Cyptaus
1394 5010 1515 5083 ibidem
1532 5011 1703 5104 agnoscit.¹
1741 5015 1847 5090 Posset
1861 5024 1951 5093 enim

268 5133 349 5211 beat
362 5133 456 5205 auor
472 5150 599 5215 uuum,
619 5119 673 5222 vel
688 5118 966 5215 praesumtionem,
981 5113 1036 5192 vel
1047 5117 1098 5191 ia·
1121 5110 1264 5192 honesto
1280 5111 1395 5199 juveni
1413 5137 1432 5185 a
1446 5108 1603 5193 vilissimo
1619 5109 1727 5191 scorto
1744 5118 1785 5190 de
1798 5112 1863 5195 lide
1882 5145 1952 5191 ma.

1893 5239 1953 5291 trl·
