4884 5984
532 509 608 588 254
657 489 807 566 tocvs
833 491 962 566 iotvt.
990 487 1090 566 cnr.
1115 489 1160 564 x.
1188 491 1316 568 sacr.
1334 490 1395 567 tu.
1421 488 1532 563 nar.
1560 488 1604 567 u.
1624 457 1793 566 'tisim
1810 491 1854 565 u.
1880 490 2043 572 ruant.
2070 489 2130 569 ttt.

536 694 672 748 naturae
704 674 893 773 coniugii,
921 676 1054 772 quippe
1070 675 1168 769 quod
1183 698 1229 746 ex
1252 675 1342 748 divi·
1443 681 1474 759 §.
1499 669 1704 758 uctxxv.
1753 673 1810 746 Ad
1829 661 2041 772 posteriorem*
2060 687 2178 774 excep-

537 774 809 849 nainstitutione
826 773 874 845 est
889 775 1077 846 vinculum
1091 767 1340 870 indissolubile,
1375 773 1512 844 tionem
1525 775 1597 842 liaec
1614 769 1849 868 tegetim'us',
1865 777 1943 867 ἰ.)
1965 779 2064 846 exeo
2094 759 2178 872 ibiti-

537 875 598 968 2.)
627 875 663 945 Si
679 875 833 945 conditio
850 875 910 945 illa
925 874 961 943 in
981 873 1142 968 coniugii
1157 871 1341 945 contradlu
1376 872 1532 942 matione
1546 872 1769 962 matrimonii
1782 875 1848 944 rati
1865 867 2008 948 nulltim'
2026 795 2179 972 sie'isritui

536 970 677 1066 semper
704 971 1001 1066 subintelligitur,
1032 969 1341 1066 consequensfue-
1375 968 1462 1039 boni
1501 963 1692 1063 spiritualis
1734 971 2012 1060 detrimentum,
2047 969 2179 1044 eunti

536 1071 611 1156 rit,
638 1073 778 1165 quoties
794 1070 838 1142 ob
848 1072 956 1143 talem
970 1069 1212 1142 conditionem
1223 1067 1341 1165 super·
1377 1067 1548 1162 coniugio
1571 1067 1680 1138 etiam
1701 1066 1739 1142 fit
1760 1092 1846 1141 vera
1866 1078 1898 1141 δε
1913 1069 1995 1142 Deo¹
2009 1083 2113 1168 'grata
2126 1083 2181 1142 'ca-

535 1172 742 1243 venientem
755 1171 1028 1242 matrimonium
1038 1167 1239 1254 dirimitur,
1268 1191 1340 1239 non
1374 1162 1482 1237 stitas.
1532 1166 1589 1259 2.)
1604 1166 1654 1256 'Si
1670 1168 1946 1238 matrimonium
1961 1168 2180 1242 consumma·

535 1266 625 1340 solvi
642 1271 916 1341 matrimonium
945 1289 1101 1353 ratum,
1119 1264 1175 1336 scd
1200 1286 1341 1338 tantum
1375 1283 1453 1336 tum
1470 1284 1554 1334 cum
1568 1265 1781 1354 detrimento
1794 1263 1987 1362 spiritualis
1998 1266 2084 1338 boni
2097 1259 2178 1362 sem,-

535 1370 767 1460 pronunciari
783 1369 948 1452 irritum,
972 1363 1273 1460 quodsuanatura
1287 1387 1340 1436 ra·
1374 1383 1440 1456 per
1457 1360 1504 1433 est
1521 1360 1774 1460 coniuntiuin3
1801 1365 2025 1458 consequens
2047 1363 2176 1452 fuerit,

535 1483 615 1535 tum
630 1488 806 1537 nouerat.
855 1466 903 1535 At
925 1463 1164 1534 Bellarminus
1212 1462 1340 1560 raesup·
1374 1461 1648 1532 matrimonium
1668 1457 1732 1552 esse
1754 1462 1839 1534 inse
1859 1483 1983 1557 acper
2013 1462 2046 1534 se
2072 1459 2190 1553 iunci·

534 1563 651 1656 potiit,
669 1563 941 1634 matrimonium
953 1562 1040 1633 illud
1054 1583 1134 1632 ante
1149 1486 1340 1634 dissolutio·
1374 1548 1491 1646 stopie
1506 1556 1649 1652 pietatis
1673 1566 1708 1630 &
1727 1559 1932 1647 virtutum,
1974 1563 2079 1656 atqul
2103 1575 2177 1633 coti·

535 1682 622 1732 nem
644 1659 744 1733 sitisse
764 1682 903 1748 ratum,
929 1683 995 1731 nec
1011 1663 1079 1731 lioe
1106 1660 1184 1731 loco
1201 1661 1277 1758 agit
1298 1664 1340 1732 de
1376 1659 1529 1729 trarium
1553 1655 1770 1732 ostendimus
1792 1657 1953 1753 superius
1970 1657 2176 1756 inquaestio·

534 1757 803 1853 impedimentis
833 1757 1117 1831 matrimonium
1132 1761 1341 1830 contrahen-
1377 1753 1668 1859 nedecoelibant.
1712 1755 1781 1850 3.)
1807 1755 1854 1829 Ut
1868 1758 1966 1829 aliud
1984 1756 2032 1830 est
2045 1758 2176 1831 bonum

538 1858 626 1929 dum
640 1856 912 1952 prohibentibus
937 1863 970 1929 &
988 1854 1210 1929 comiadum
1226 1852 1338 1930 dissol-
1375 1850 1503 1940 ἑπλως
1518 1901 1546 1948 .Ι
1566 1852 1664 1924 aliud
1692 1849 1775 1927 osii,
1799 1855 1848 1926 ita
1870 1875 2020 1951 quoque
2041 1854 2176 1928 bonum

535 1956 731 2043 ventibus,
758 1954 814 2027 sed
830 1956 871 2027 de
887 1955 985 2028 iussis
999 1955 1076 2025 veri
1087 1955 1256 2042 divortii,
1270 1955 1338 2027 hoc
1373 1952 1521 2046 aliquod
1544 1949 1735 2024 aeslimatur
1755 1954 1873 2025 maius
1897 1975 1939 2024 ac
1965 1951 2101 2026 melius
2124 1951 2176 2056 asel

536 2051 605 2139 est,
632 2053 816 2126 solutionis
831 2055 951 2149 quoad
971 2054 1132 2124 vineolam
1148 2051 1269 2124 causis.
1287 2054 1337 2146 3.)
1373 2049 1512 2143 absolute
1540 2051 1600 2120 vel
1616 2052 1726 2124 relate.
1775 2049 1975 2148 virginalis
1998 2053 2176 2140 contineri:

535 2152 608 2236 Qui
623 2153 864 2224 conditionem
884 2157 920 2224 iii
940 2149 1123 2226 contradu
1145 2150 1338 2244 adpositam
1366 2149 1422 2221 tia
1452 2145 1608 2220 absolute
1638 2148 1822 2246 &abrade
1851 2152 1897 2244 in,
1913 2148 2078 2246 personis
2108 2151 2174 2244 ido}

534 2243 636 2319 fuisse
653 2251 868 2344 protendit,
894 2259 927 2324 δι
948 2274 993 2323 ex
1014 2272 1055 2322 ea
1075 2245 1299 2322 comiadum
1316 2270 1338 2332 a
1372 2248 1449 2320 treis
1472 2245 1519 2318 est
1532 2247 1649 2318 maius
1668 2269 1708 2332 ac
1724 2250 1854 2320 melius
1877 2245 2045 2336 bonum,
2061 2267 2177 2344 'quant

535 2346 653 2419 iudice
669 2349 813 2420 irritum
825 2349 1055 2444 pronunciari
1068 2345 1336 2443 pullulat,con·
1373 2345 1589 2428 continentia
1618 2348 1845 2443 coniugalis3
1881 2344 1939 2446 sed
1954 2349 2031 2436 illi,
2059 2348 2124 2446 qui
2141 2345 2176 2420 fi.
2214 2421 2216 2438 ,

535 2443 709 2517 ditionem
727 2448 826 2519 illam
850 2448 1042 2543 adpositam
1063 2440 1163 2518 fuisse
1190 2445 1337 2534 demon·¹
1372 2444 1456 2516 dem
1486 2439 1789 2517 matrimonialem
1806 2447 1909 2517 alteri
1924 2433 2056 2534 dedit,
2084 2453 2118 2520 δι
2139 2447 2178 2520 in
2213 2481 2216 2530 i

533 2540 770 2617 straredebet.
821 2546 887 2618 Sed
908 2544 1337 2638 talequiddematrimo·
1371 2542 1602 2613 matrimonio
1620 2560 1696 2630 rato
1713 2544 1831 2631 vivit,
1858 2566 1929 2614 non
1946 2543 1995 2615 est
2009 2545 2128 2618 maius
2140 2537 2216 2648 aci

534 2641 596 2712 nio
620 2663 695 2715 rato
717 2643 920 2738 simpliciter
937 2642 1139 2716 &absolute
1154 2639 1334 2714 continete
1372 2641 1502 2710 melius
1524 2637 1688 2727 bonum,
1733 2644 1818 2736 quia
1841 2643 1885 2713 ad
1909 2641 2021 2713 fidem
2045 2641 2178 2718 servan·
2214 2663 2216 2672 ·

535 2739 769 2813 demonstrari
794 2744 931 2837 nequit.
981 2741 1039 2834 4.)
1061 2738 1160 2811 Deus
1172 2739 1336 2810 volunta·
1372 2739 1454 2808 dam
1474 2739 1555 2833 lege
1572 2738 1693 2809 divina
1712 2739 1969 2832 adstringitur,
1984 2737 2177 2826 ¹&indisso-

532 2855 607 2909 tem
626 2837 723 2911 suam
747 2841 786 2912 in
802 2839 913 2912 verbo
945 2838 988 2911 sic
1007 2838 1199 2920 revelavit,
1238 2837 1336 2929 quod
1372 2834 1475 2907 lubili
1497 2833 1721 2908 matrimonii
1743 2839 1889 2911 vinculo
1906 2837 2073 2910 iamdum
2097 2841 2175 2912 alte·

534 2937 706 3032 coniuges
725 2956 849 3034 utpote
861 2938 1032 3011 divinitus
1047 2932 1251 3006 indivisibili
1259 2936 1335 3005 vin·
1371 2934 1403 3004 ri
1416 2932 1609 3030 obligatur.
1658 2936 1710 3031 4.)
1723 2937 1897 3022 Adliucin
1909 2936 2104 3031 quastione
2120 2935 2173 3025 est,

532 3035 613 3104 culo
639 3035 820 3109 coniundli
851 3057 872 3109 a
898 3033 930 3109 se
964 3036 1121 3107 invicem
1158 3030 1334 3118 discedere
1371 3053 1415 3102 an
1431 3032 1469 3103 in
1488 3031 1696 3126 professione
1722 3032 1953 3124 monastices,
1986 3035 2104 3130 qualis
2118 3039 2173 3106 lio·

531 3132 682 3203 minime
706 3131 867 3207 debeant.
918 3137 1013 3226 Ergo
1031 3155 1103 3203 non
1126 3125 1265 3226 possunt
1283 3131 1335 3201 di·
1372 3130 1428 3201 die
1453 3128 1521 3217 est,
1561 3133 1677 3202 maius
1696 3130 1834 3203 bonum
1851 3131 2033 3230 spirituale
2055 3133 2172 3230 adqui·

532 3231 564 3301 ci
583 3231 755 3304 divinitus
780 3232 891 3316 solvis
918 3235 981 3328 qui
997 3252 1060 3324 per
1085 3221 1279 3325 ingressum
1297 3229 1334 3301 in
1371 3247 1494 3312 ratur,
1523 3243 1711 3322 quam'per
1734 3230 2081 3303 consummationem
2097 3255 2171 3303 con·

530 3331 746 3422 religionem
763 3333 1035 3403 matrimonium
1062 3326 1220 3412 solvunt,
1246 3328 1332 3398 alias
1372 3325 1577 3418 iiigtiratt,
1612 3326 1869 3420 praesertimab
1893 3332 1985 3416 illis,
2015 3331 2170 3425 quicon·
2214 3327 2217 3391 ἵ

529 3427 628 3498 Deus
661 3430 721 3500 sibi
750 3431 812 3523 ipsi
835 3429 1088 3500 adversaretur.
1144 3427 1199 3517 ς.)
1227 3424 1332 3496 Recie
1368 3425 1523 3496 tinentiae
1548 3429 1640 3494 dono
1669 3423 1735 3494 sese
1769 3426 1957 3499 iiisltueios
1988 3453 2059 3498 non
2086 3426 2168 3512 else,
2213 3426 2216 3462 ²

529 3528 643 3618 igitur
663 3526 819 3620 agnoscit
839 3527 1101 3609 Bellarininus,
1141 3525 1332 3618 senescendo·
1369 3522 1440 3614 ipso
1451 3523 1863 3595 ntattimoniicontraeiu
1877 3525 2169 3598 dentonslrarunt.

528 3626 875 3696 niensitmNi'coloinori
890 3623 1113 3721 effisosidom.
1138 3624 1332 3719 picothtts
1373 3621 1428 3712 5.)
1455 3619 1672 3708 Falsutttest,
1701 3624 1949 3694 tttatrt'tttottt'ttm
1970 3640 2083 3694 rotarii
2111 3627 2167 3722 dis-
2214 3621 2217 3661 ³

519 3722 630 3815 fhsuot
652 3727 916 3801 matrimonium,
943 3747 1013 3793 cum
1027 3724 1163 3815 aliquem
1183 3738 1275 3792 uocat
1293 3726 1336 3791 nd
1358 3719 1520 3814 siticissne
1540 3720 1602 3788 tillo
1621 3723 1808 3789 detrimento
1838 3724 1976 3795 alterius
2002 3728 2168 3823 roiiiitgitt

528 3823 718 3917 religionen.
769 3824 836 3893 Sed
861 3827 926 3894 hac
950 3823 1084 3893 ratione
1107 3823 1255 3914 propria
1282 3823 1334 3891 vi·
1370 3817 1455 3910 quia
1474 3816 1623 3911 insignis
1647 3842 1712 3910 per
1741 3818 1824 3890 fidei
1852 3824 2088 3894 violationem
2112 3822 2167 3917 ipsi
2214 3813 2217 3822 ’

529 3940 611 3992 neta
631 3921 690 3993 sua
707 3924 831 4006 caedit,
862 3930 894 3993 ἃ
917 3920 1080 3994 cruribus
1102 3917 1173 3991 suis
1196 3921 1332 4014 impru-
1369 3914 1521 3986 insertur
1549 3918 1729 3988 iniuria&
1756 3920 1981 4016 ignominia,
2010 3923 2166 4017 adeoque

529 4020 652 4091 denter
668 4020 795 4090 asciam
819 4022 947 4113 illidit3
972 4042 1054 4091 nam
1069 4017 1271 4112 hypothesin
1288 4019 1330 4089 de
1367 4013 1429 4084 nili
1456 4015 1678 4087 continentie
1703 4018 1795 4086 dono
1821 4017 2012 4092 insltuslus
2037 4017 2100 4107 fit,
2135 4022 2167 4090 in

527 4118 778 4188 infallibilitate
805 4123 942 4214 papalis
974 4118 1097 4190 iudicii
1121 4115 1329 4203 tabefattai,
1366 4114 1569 4205 periculum
1584 4111 1730 4184 ustionis
1751 4122 1783 4185 ἃ
1804 4113 2026 4190 s'coriationis
2051 4118 2166 4213 praeci·
2214 4116 2217 4156 l

527 4223 560 4285 a·
593 4214 876 4289 scholasticorum
908 4219 1154 4311 exceptionem
1183 4216 1227 4285 ad
1257 4215 1329 4308 pri·
1365 4212 1510 4305 pitatur.
1561 4211 1620 4303 6.)
1648 4210 2166 4312 Possemexeodentpiineipio
2214 4213 2218 4250 ²

528 4315 1126 4411 mamrationcmpeiiitussubruit.
1160 4313 1329 4405 6.)Num
1367 4310 1605 4397 concludere,
1633 4312 1740 4381 etiam
1773 4313 2064 4386 consummatum
2091 4339 2166 4386 cott-
2216 4309 2218 4316 ’

526 4435 612 4482 vero
638 4414 718 4486 illos
742 4414 860 4498 solos,
891 4418 954 4510 qui
974 4414 1188 4506 religionem
1212 4415 1330 4507 ingre·
1367 4407 1510 4500 iugiuin
1527 4432 1590 4499 per
1609 4407 1804 4500 ingressum
1822 4413 1855 4479 in
1872 4412 2092 4504 religionem
2109 4413 2165 4485 sol·
2215 4408 2218 4417 ’

524 4512 700 4600 diuntur,
728 4518 794 4583 lioc
813 4512 882 4600 est,
915 4511 1145 4585 monasticam
1163 4511 1330 4603 proliten-
1365 4507 1424 4590 vi,
1453 4508 1537 4597 quia
1559 4529 1630 4575 non
1650 4527 1790 4578 tenetur
1815 4510 1947 4579 coniux
1968 4514 2015 4581 ad
2036 4510 2167 4586 solven-

524 4630 603 4698 tur,
627 4606 1330 4707 adſjiiritoolesnuptiosvocaridicemus?
1367 4604 1454 4673 duni
1471 4605 1650 4675 eiusmodi
1673 4605 1835 4679 debitum
1850 4629 1934 4677 cum
1954 4610 2166 4683 detrimento

523 4710 625 4780 Num
650 4707 692 4780 ab
717 4712 788 4782 illis
822 4712 949 4782 exclusi
981 4729 1085 4783 erunt
1116 4705 1330 4800 coniugati?
1366 4697 1450 4770 boni
1469 4699 1659 4794 spiritualis
1681 4703 1752 4790 sui,
1781 4707 1977 4800 quandoid
2003 4710 2116 4803 potest
2134 4707 2167 4780 fi-

523 4807 625 4877 Num
662 4806 725 4878 soli
762 4809 903 4881 cmlib„
929 4808 1007 4881 sun,
1032 4804 1157 4875 Christi
1184 4802 1330 4898 sponsa?
1366 4799 1504 4868 crisme
1533 4803 1604 4871 ullo
1638 4803 1849 4900 detrimento
1879 4806 2029 4878 alterius
2051 4811 2167 4880 coniu·

520 4903 622 4973 Num
634 4902 822 5000 spiritualis
834 4906 1047 5003 desponsatio
1060 4901 1328 4997 perficiturmo-
1365 4896 1434 4991 gis.
1485 4897 1561 4969 lain
1578 4923 1664 4970 vero
1683 4923 1727 4971 ex
1757 4902 1934 4996 hypothesi
1957 4904 2165 4978 Bellarmini

521 5001 668 5076 nastices
697 5006 930 5101 professione,
959 5030 1028 5076 non
1052 5019 1174 5071 antem
1186 5022 1273 5074 vera
1289 5001 1327 5073 in
1364 4993 1685 5069 estmaiusbonuni
1699 4997 1901 5092 spirituale,
1931 5006 2165 5096 quandocun-

523 5097 701 5178 christum
727 5102 826 5180 fide?
849 5098 968 5186 ῃῆήῃ
993 5101 1122 5186 milii-1.
1358 5094 1463 5191 iuges
1494 5115 1626 5169 covent
1661 5104 2163 5196 perpetuantcotitinentiam,

2107 5219 2161 5276 nes
