4884 5984
398 523 473 597 κο
523 502 672 582 rocus
699 498 829 581 mou.
855 494 953 581 cm.
978 497 1025 581 tt.
1052 496 1182 582 sacr.
1206 496 1269 584 ru.
1291 482 1404 581 mr.
1429 462 1478 579 uss
1499 496 1667 581 manu.
1694 500 1742 581 n.
1764 496 1931 582 ruam.
1951 486 2005 583 'm

401 696 453 765 ios
465 676 1212 789 provincioeprimepn'iisdemdemonstra-
1249 686 2042 789 nesacerdotii&coniugiiaddudiavimean

405 796 439 865 ri
457 792 588 890 potest,
615 816 687 863 non
709 813 941 887 repugnare,
964 814 1006 866 ut
1027 791 1212 888 episcopus
1251 792 1335 861 dem
1368 791 1541 864 obtinere.
1593 794 1728 864 Sinon
1750 790 1870 863 obstat
1893 794 2045 867 decretur

405 892 562 967 stmullit
578 894 777 965 maritus&
795 891 956 965 ecclcsiae
971 892 1107 965 dolior.
1131 892 1214 963 Pro·
1252 888 1400 977 christi,
1427 915 1482 962 vos
1495 906 1605 962 notem
1619 892 1776 983 oonfir,
1805 910 1885 984 quo
1897 892 2044 967 minusso-

404 995 504 1067 ducit
521 994 767 1067 Bellarminus·
789 994 955 1087 exempla
978 993 1211 1086 tilelelu'sedtti,
1250 991 1451 1063 cerdotium
1469 999 1503 1064 dt
1518 992 1712 1087 politicum
1727 990 1940 1085 imperium
1954 994 2064 1064 inunt*

404 1092 553 1177 Nooebe‘,
581 1093 794 1168 Aureliani,
822 1093 951 1171 loeoli,
984 1094 1104 1190 Mofis,
1138 1092 1214 1163 Heli
1247 1090 2044 1188 homineconiungantur‚‚quantominusob-

402 1193 451 1271 θ’
472 1198 762 1278 Maccahaeorum,
783 1195 838 1289 qui
850 1191 1104 1291 stteronlſsmol
1118 1197 1214 1288 prin·
1247 1187 1349 1261 slabit
1366 1192 1551 1263 decretum
1566 1190 1752 1274 ecelesia,
1791 1210 1871 1283 quo
1890 1189 2043 1263 minutia·

403 1300 486 1392 eines
503 1294 551 1371 θ’
564 1293 741 1391 pontfiees.
793 1292 908 1385 Atqui
923 1294 973 1364 illi
992 1293 1081 1389 ips,
1108 1295 1214 1365 adeo·
1248 1291 1728 1388 cerdotium&coniugium
1756 1290 1798 1361 in
1825 1312 1905 1362 uno
1929 1291 2044 1365 homine

403 1418 475 1492 que
500 1418 626 1469 omnes
647 1416 719 1467 vet.
737 1390 811 1464 test.
834 1390 1030 1465 sacerdotes
1055 1394 1158 1464 fimul
1179 1399 1212 1464 δι
1247 1390 1473 1485 copulentur.

401 1493 480 1567 Deo
498 1497 535 1566 in
554 1492 778 1566 ecclesiastico
807 1486 921 1562 officio
944 1492 1212 1581 ministrarunt,

328 1620 332 1635 ·
403 1600 438 1667 δι
459 1587 1090 1687 liberosexconiugiosusceperunt.
1137 1592 1212 1663 Ad·
1320 1596 1352 1673 §-
1378 1584 1536 1675 DCLIV.
1583 1589 1660 1686 IX.)
1681 1594 1795 1691 Liga-

399 1693 834 1790 sertquatuorrationes,
863 1712 953 1784 quas
971 1694 1122 1764 totidem
1133 1714 1212 1763 ver-
1247 1710 1347 1774 meo,
1378 1710 1451 1781 quo
1475 1685 1605 1761 scilicet
1634 1696 1717 1785 quis
1735 1696 1791 1765 al·
1846 1689 2045 1776 121.)ng

400 1791 458 1867 bis
479 1797 523 1867 ad
539 1792 753 1888 coniugium
772 1787 994 1873 sacerdotum
1005 1793 1212 1863 adcommo·
1247 1788 1316 1858 teri
1337 1787 1409 1858 iam
1434 1807 1515 1859 ante
1537 1786 1723 1864 obstrictus
1751 1798 1790 1865 &

400 1893 485 1966 dare
515 1888 711 1990 possumus.
770 1890 886 1963 Primo
916 1887 1153 1962 sacerdotium
1179 1899 1213 1963 &
1247 1888 1438 1983 colligatus
1461 1884 1519 1958 est.
1572 1888 1662 1963 Tale
1677 1893 1851 1989 ligamen
1873 1889 2040 1987 duplexes·

399 1980 615 2090 coniugium
629 2016 692 2061 noo
694 1989 780 2084 sont
795 1991 988 2075 contrario,
1014 1988 1070 2061 sed
1084 2003 1212 2067 utcum-
1247 1983 1280 2057 se
1304 1983 1446 2083 potest:
1488 1986 1732 2082 sponsaliorum
1771 1991 1823 2067 85
1861 1992 2042 2063 oaotrimorit'.

398 2116 462 2187 que
481 2096 625 2166 stonum,
660 2103 876 2185 utrumqoro
902 2088 1000 2169 Deo,
1038 2103 1212 2186 utromque
1247 2086 1352 2171 Quod
1376 2090 1574 2157 matrimonii
1592 2090 1753 2186 ligamen
1775 2093 1942 2177 adtinet,
1979 2088 2041 2163 illul

397 2191 557 2262 laudabile
572 2188 620 2267 ὅ
634 2213 736 2260 onom
755 2186 971 2280 alteriseroit.
1020 2190 1115 2285 Ergo
1137 2214 1210 2261 non
1247 2186 1395 2256 omnino
1402 2186 1569 2281 prohibet
1583 2191 1768 2263 &dirimit
1786 2192 2040 2263 matrimonium

401 2310 568 2387 pugnant
582 2291 674 2361 inter
684 2288 738 2374 se,
766 2286 823 2359 sed
838 2286 984 2360 fimulin
996 2290 1123 2361 eodem
1133 2289 1210 2361 sub·
1245 2280 1409 2378 sequens.
1467 2287 1539 2373 Qui
1564 2290 1663 2361 enim
1685 2295 1790 2361 oxori
1813 2294 1966 2361 §amaon
1984 2292 2042 2361 aaa

397 2386 491 2461 iedlo
508 2383 571 2460 esse
595 2383 747 2483 possunt.
797 2390 939 2458 Secundo
956 2389 1075 2484 magis
1092 2389 1209 2460 diver·
1241 2382 1433 2482 galateis,
1471 2388 1653 2459 nonhabet
1677 2394 1830 2484 eorporis
1849 2391 1914 2486 soi
1935 2390 2042 2489 potrssa

397 2488 434 2562 sa
461 2488 621 2583 suntpax
636 2494 670 2559 δι
686 2485 848 2575 bellum,
874 2489 1210 2582 quamconiugium
1243 2494 1308 2554 lem
1323 2483 1385 2577 sed
1406 2508 1524 2568 exart
1559 2509 1591 2561 1.
1607 2486 1690 2560 Cor.
1705 2490 1788 2562 Vll.
1810 2513 1851 2585 4.
1880 2514 1968 2591 ergo
1989 2514 2042 2565 noo

397 2587 688 2662 &sacerdotium
711 2586 780 2656 Sed
797 2611 881 2657 onos
901 2585 949 2659 ss
964 2590 1045 2657 idem
1056 2589 1208 2683 princeps
1243 2580 1355 2678 potest
1372 2589 1534 2682 corporis
1559 2586 1612 2659 sui
1633 2588 1851 2683 potestatem
1875 2594 1977 2665 alteri
1993 2612 2040 2663 tm

389 2687 494 2786 potest
507 2683 647 2784 precelse
662 2684 798 2781 senatui
818 2685 866 2762 θ’
882 2689 1061 2767 exercitui,
1087 2692 1209 2785 togatis
1245 2683 1356 2770 dere,
1384 2692 1418 2756 δι
1431 2707 1515 2756 cum
1532 2688 1602 2758 alia
1620 2690 1911 2763 matrimonium
1931 2714 2040 2764 contra

398 2789 448 2866 Gy
470 2790 621 2861 armetis.
673 2786 768 2881 Ergo
798 2807 894 2858 unus
933 2787 1104 2883 idemque
1135 2789 1208 2883 epi·
1243 2784 1356 2873 here3
1395 2783 1445 2856 fin
1474 2789 1658 2861 contrahat
1683 2790 1727 2860 de
1752 2788 1887 2879 fatto,
1919 2792 2038 2869 irritum

395 2887 523 2985 scopus
550 2883 660 2982 potest
688 2879 829 2978 praesse
858 2884 1008 2957 ecclestae
1038 2893 1071 2958 δι
1102 2885 1206 2960 fami.
1242 2880 1516 2976 illudposterius
1528 2889 1883 2979 pronunciandum,
1912 2874 2039 2986 imoprt

394 2987 465 3060 liae.
516 2986 640 3057 Tertio
655 2983 759 3083 potest
774 2986 927 3081 pontifex
954 2986 1134 3079 universam
1158 3011 1206 3057 ee·
1241 2981 1418 3053 adulterio
1433 2983 1651 3056 habendum.
1702 2988 1823 3060 Potest
1844 2991 1993 3064 huores
2032 2988 2040 3007 ⁸

394 3086 516 3186 cleſsam
545 3108 656 3182 regere
682 3131 695 3161 ,
739 3082 788 3158 Es*
801 3085 895 3183 longe
918 3085 1040 3181 lateque
1054 3099 1206 3181 potentes
1242 3080 1452 3175 exemplum
1467 3082 1614 3154 Micholis
1627 3082 1710 3157 filiae
1730 3088 1883 3177 Saulis,
1914 3094 1973 3163 illa
1987 3091 2037 3187 pri·

283 3220 285 3227 ·
394 3188 543 3285 regiones
551 3187 685 3280 imperio
692 3185 826 3278 politico
831 3187 1044 3282 gubernare,
1068 3185 1116 3260 ss
1124 3187 1204 3258 citri.
1241 3201 1345 3251 mum
1361 3180 1441 3252 data
1467 3182 1536 3255 fuit
1561 3184 1689 3254 Doridi
1711 3190 1745 3257 in
1761 3212 1908 3262 uxorem
1927 3215 1955 3265 1.
1968 3193 2039 3262 san.

385 3286 508 3383 stianit
521 3286 722 3381 principibus
746 3284 831 3384 leges
854 3290 945 3355 dore.
1001 3287 1097 3382 Ergo
1112 3288 1206 3360 mul.
1239 3278 1437 3373 XVlll.27.
1459 3280 1517 3354 sed
1533 3305 1618 3354 cum
1630 3282 1749 3358 David
1767 3284 1857 3362 esset
1872 3292 2038 3375 mentitio,

393 3408 431 3461 to
457 3386 599 3465 facilius
622 3385 753 3480 poterit
777 3384 938 3457 sacerdos
962 3408 1116 3556 gropem
1144 3389 1205 3458 do·
1242 3398 1432 3474 aparente
1451 3386 1539 3480 rege
1562 3384 1643 3454 data
1661 3382 1731 3457 fuit
1752 3389 1857 3460 Pasti
1874 3390 1950 3463 filio
1961 3390 2039 3471 Lais,

393 3488 572 3561 minicum
605 3483 717 3556 verbo
749 3482 917 3578 pascere,
967 3493 1001 3558 dc
1046 3487 1207 3558 amiliam
1247 3480 1389 3550 1.Sam.
1410 3480 1523 3552 XXV.
1543 3505 1604 3576 44.
1625 3482 1827 3579 postquam
1839 3514 1934 3563 vero
1949 3488 2039 3562 llarid

393 3585 495 3659 suam
511 3583 727 3681 gubernare.
779 3585 911 3679 Quarto
935 3586 1000 3680 qui
1025 3587 1206 3657 duxerunt
1242 3575 1286 3647 ab
1303 3577 1423 3650 exsilio
1441 3581 1611 3654 rodullus
1628 3588 1795 3677 &regno
1814 3589 1995 3663 restitutus
2006 3584 2039 3661 es

392 3707 528 3758 uxores
547 3706 594 3754 ex
620 3681 792 3779 episcopis
823 3684 861 3755 in
882 3685 1070 3780 primitiva
1095 3685 1205 3757 eccle.
1241 3675 1310 3762 set,
1337 3678 1906 3778 eamdemlibirestituicuravit,
1924 3692 2036 3763 asam

394 3784 471 3871 fia,
498 3784 647 3856 suerunt
661 3785 713 3879 pii
729 3785 891 3864 homines,
927 3785 1001 3856 imo
1023 3785 1205 3880 propheta
1240 3775 1301 3846 Ill.
1334 3798 1390 3869 14.
1429 3780 1490 3849 An
1513 3802 1601 3851 vero
1632 3780 1801 3877 ligamen
1817 3788 2039 3885 sponsaliom

393 3890 430 3957 δι
456 3881 615 3981 aposloli.
669 3884 765 3981 Ergo
792 3907 864 3956 non
902 3881 950 3955 est
983 3883 1203 3969 verisimile,
1240 3875 1517 3950 matrimonium
1555 3902 1639 3951 cum
1669 3882 1740 3953 alio
1767 3886 1899 3980 postea
1927 3910 2037 3963 contre·

390 3982 483 4059 illud
492 3980 557 4057 esse
571 3985 725 4058 licitum.
777 3986 950 4055 Provocat
962 3980 1204 4054 Bellarminus
1241 3971 1342 4047 dium
1364 3979 1489 4051 reddat
1507 3981 1681 4068 irritum,
1709 3988 1833 4061 ardua
1852 3996 1891 4063 δι
1913 3986 2037 4063 difficili

392 4087 438 4159 ad
474 4085 771 4178 experientiam,
812 4104 892 4178 qua
920 4077 1040 4152 testata
1060 4080 1204 4168 fuerit,
1240 4073 1472 4170 esquelio,
1499 4080 1626 4175 inqua
1642 4103 1868 4183 exutraque
1892 4108 2038 4186 partem

387 4184 641 4256 eooiunliionem
666 4180 881 4279 illomsurnmi
889 4178 1071 4274 fiaeerdolit'
1086 4178 1135 4253 89'
1146 4184 1205 4250 im·
1240 4195 1415 4272 gumenta
1433 4176 1658 4253 adseruntur.
1710 4182 1814 4258 Paeti
1830 4187 1968 4285 species
1980 4200 2039 4287 prl-

385 4286 473 4380 perii
484 4279 586 4380 ftoffi
600 4282 738 4362 utilem,
771 4302 838 4353 nos
861 4281 986 4352 itidem
1008 4301 1205 4374 provocare
1239 4278 1388 4371 ponitur
1410 4278 1617 4350 eiusmodi:
1646 4279 1811 4357 Susanna
1832 4286 1938 4363 Titio
1953 4288 2039 4361 soleo

389 4381 575 4481 possumus
585 4382 629 4454 ad
643 4381 926 4476 experientiam,
955 4400 1035 4473 qua
1046 4375 1202 4466 testamr,
1240 4376 1334 4447 niter
1359 4376 1553 4470 &publice
1576 4377 1834 4475 desponsatur,
1869 4388 2039 4486 posispoo·

388 4483 650 4580 separationem
672 4482 833 4575 coniugii
854 4486 888 4552 ἃ
901 4477 1087 4551 sacerdotii
1099 4499 1204 4548 mun·
1239 4471 1323 4546 salia
1355 4474 1532 4551 celebrata
1553 4478 1591 4549 in
1612 4480 1721 4550 aliam
1741 4484 1989 4576 proficiscitur
2002 4506 2040 4560 rc·

390 4584 480 4657 dum
514 4581 727 4654 libidinibus
761 4588 794 4653 δι
823 4577 1004 4652 ecclesiam
1031 4576 1202 4649 scandalis
1238 4574 1412 4669 gionem‚
1442 4574 1614 4671 &sponso
1631 4576 1743 4650 inscio
1771 4584 1838 4658 dat
1865 4587 1976 4663 fidem
1987 4606 2041 4662 im.

391 4677 607 4779 replevisse,
631 4703 672 4752 ac
692 4680 843 4775 proinde
869 4700 942 4749 non
958 4677 1074 4750 solum
1094 4676 1203 4747 inuti·
1238 4673 1485 4746 trimonialem
1512 4677 1753 4773 Sempronio,
1800 4690 1897 4782 quin
1920 4697 1955 4762 δι
1972 4690 2039 4761 cele·

386 4780 495 4867 lem,
525 4779 705 4852 sedetiam
724 4778 847 4851 multis
861 4776 979 4849 modis
998 4778 1147 4870 noxiam
1159 4797 1201 4846 ac
1238 4770 1349 4846 bratis
1377 4774 1514 4869 nuptiis
1545 4778 1582 4849 in
1609 4779 1764 4855 domum
1797 4790 1929 4860 mariti
1952 4788 2038 4863 dedu·

388 4874 752 4977 perniciosamfuisse.
802 4875 982 4974 Agnoscat
994 4874 1198 4973 igiturBel-
1236 4872 1350 4961 citur,
1378 4878 1661 4973 &coniugaliter
1681 4880 1715 4951 ei
1738 4886 1962 4979 cohabitat3
1993 4886 2038 4961 si·

388 4980 597 5065 imminue,
637 4998 698 5050 aut
730 4997 946 5075 argumenta
964 4999 1030 5073 pro
1051 4976 1199 5047 eoniun-
1233 4972 1307 5043 tius
1334 4974 1377 5044 de
1399 4996 1441 5045 eo
1469 4978 1601 5048 certior
1626 4976 1745 5053 faetus
1775 4986 1959 5077 advolat,
1991 4988 2037 5059 Sa

386 5074 506 5151 &ione
530 5075 716 5150 sacerdotii
739 5083 772 5147 &
799 5076 945 5172 imperii
970 5076 1109 5169 politici
1126 5096 1199 5144 non
1236 5067 1384 5144 sannam
1405 5073 1620 5169 Sempronio
1642 5099 1802 5173 nuptam
1820 5088 1942 5161 eidem
1955 5084 2036 5181 eripi,

383 5172 450 5253 else
469 5173 649 5269 efficacia,
671 5196 733 5252 aut
745 5175 874 5253 eadem
892 5196 958 5273 pro
978 5171 1199 5250 coniunctio·
1236 5168 1373 5270 ibique
1390 5171 1528 5251 restitui
1547 5174 1728 5275 postulate
1754 5185 1911 5280 quaeffio
1924 5189 2034 5265 otim,

1966 5276 2032 5383 ul
