4884 5984
353 535 432 634 tn
635 529 823 623 nocis
845 549 993 622 xxvi.
1045 549 1163 624 cnr.
1190 553 1258 624 ιν.
1286 519 1455 626 'sion
1483 523 1534 624 ιἰ.
1586 519 1815 632 anunm

358 739 522 864 trimonio
537 749 540 754 '
557 739 786 843 adversatur,
829 743 926 846 pitis·
940 742 1194 920 osponsoliomm
1218 733 1357 832 sponsal.
1375 769 1449 837 cap.
1468 745 1562 821 Xlll.
1572 763 1600 838 ς.
1610 775 1668 850 44.
1685 777 1718 824 n.
1737 725 1770 843 Ι3.
1793 729 2052 834 Reusnemslib.

361 867 382 917 o
407 845 479 917 inio
495 867 560 918 non
576 848 704 924 ueritas
719 846 915 946 copulavit,
966 848 1193 944 isjnngontar.
1219 837 1287 915 lV.
1309 840 1407 919 decis.
1426 866 1457 934 5.
1484 845 1542 920 ubi
1564 853 1598 920 in
1619 851 1815 924 consistoriis
1837 855 1882 926 ita
1904 880 2057 947 pronun·

359 868 547 1042 {cromatio
576 947 664 1019 enisu
692 971 772 1023 uara
797 943 980 1046 sponsalia
1007 942 1121 1042 stunt,
1158 943 1196 1014 in
1219 941 1301 1012 clari
1320 941 1450 1020 adserit.
1476 948 1719 1022 Bidenbaehius
1733 953 1775 1022 de
1796 949 1880 1024 caus.
1903 959 2052 1033 matrim.

362 1042 483 1144 quibus
496 1041 587 1118 niltil
605 1069 718 1121 ouum
732 1071 831 1144 nequa
857 1048 1040 1146 genuinum
1064 1039 1194 1138 conspi-
1219 1035 1243 1109 f.
1267 1057 1325 1140 εγ.
1355 1046 1389 1115 in
1410 1045 1599 1120 consistorio
1627 1050 1903 1144 Wirtenbetgico
1926 1055 1974 1128 itu
1995 1059 2054 1132 de.

361 1147 467 1231 citur,
492 1141 551 1218 uti
568 1150 789 1222 rnerttticiam
802 1143 842 1246 se
866 1143 967 1244 offert
982 1141 1111 1242 scelus,
1136 1141 1195 1214 ubi
1219 1135 1322 1215 cisum
1343 1139 1436 1216 luill'e
1461 1169 1624 1220 memorat
1652 1159 1704 1221 16.
1720 1153 1837 1222 Martii
1851 1153 1928 1228 anni
1949 1179 1959 1228 ι
1970 1165 2051 1248 598.

361 1241 784 1348 causaesuntdiffldiornm
809 1243 851 1320 ii
872 1246 963 1330 odii,
985 1243 1044 1316 uti
1063 1245 1195 1316 antimo·
1220 1247 1256 1312 dt
1278 1269 1309 1315 2.
1326 1245 1496 1317 Novemb.
1520 1249 1669 1334 ejusdem
1697 1249 1786 1322 anni.
1816 1251 1984 1324 furnerius
2011 1255 2053 1328 'de

362 1369 437 1421 rum
456 1344 641 1432 alienatio,
667 1369 739 1446 qne
762 1346 856 1420 mala
875 1343 1059 1420 aceruatim
1079 1341 1193 1415 onznia
1213 1364 1314 1431 nupt.
1331 1364 1404 1429 cap.
1428 1343 1528 1416 Vlll.
1551 1341 1851 1438 pag.120.&seq.
1877 1353 2054 1426 Aramaua

355 1449 434 1518 uum
458 1447 639 1543 peregrino
665 1447 837 1544 alienoque
859 1443 988 1543 semine
1000 1438 1194 1541 suscipiun-
1218 1442 1355 1514 exercit.
1372 1438 1415 1512 ll.
1439 1445 1550 1532 quan.
1580 1469 1635 1539 15·
1663 1449 1819 1520 Hunuius
1844 1445 1979 1525 resolui.
1998 1459 2052 1544 ju·

361 1555 439 1635 tur,
462 1543 626 1642 quomodo
646 1544 696 1621 ibi
715 1543 982 1620 matrimonialis
1000 1541 1193 1621 concordia,
1218 1541 1263 1610 ris
1282 1541 1347 1612 cir.
1366 1539 1424 1614 lib.
1444 1541 1468 1615 l.
1490 1547 1586 1618 troii.
1611 1571 1644 1633 ι.
1660 1549 1771 1633 quan.
1795 1574 1849 1625 ιι.
1950 1541 1954 1568 ⁷
1975 1593 1978 1598 -

357 1645 525 1750 quomado
544 1670 650 1743 purus
661 1641 895 1746 sponsalisque
913 1647 956 1748 est
973 1639 1193 1739 amoriquiu
1292 1642 1383 1713 cxl.
1434 1645 1593 1715 Nostram
1615 1641 1809 1718 sententiam
1825 1647 2053 1724 curulium

362 1742 591 1844 utquispiam
615 1745 756 1820 alterius
770 1741 988 1920 sottumplti
1005 1738 1194 1838 sotijiciat,
1221 1739 1385 1811 trionibus
1406 1741 1637 1817 includemus:
1676 1747 1730 1838 a.)
1758 1749 1824 1818 Ant
1844 1748 1964 1820 vitium
1976 1745 2054 1828 illu.

361 1844 401 1919 id
416 1869 494 1918 vtro
517 1847 609 1919 ratio
626 1870 693 1920 non
709 1847 856 1945 patitur·
941 1841 1025 1940 Teque
1044 1843 1122 1914 item
1133 1843 1196 1936 ja·
1221 1858 1293 1908 tum
1310 1843 1355 1910 est
1368 1834 1491 1928 sponsa
1501 1845 1575 1942 post
1585 1841 1776 1940 sponsalia,
1791 1865 1847 1918 tut
1860 1857 1938 1920 ante
1946 1839 2053 1946 span·

250 1925 257 1949 ⁸
354 1947 444 2050 stum
469 1947 536 2120 apl,
560 1955 599 2036 nt
617 1945 747 2045 quispe
766 1943 906 2048 laneslae
922 1943 1003 2044 casti
1021 1943 1197 2014 ntatrimo·
1211 1931 1311 2032 solia
1328 1942 1506 2015 concrema.
1559 1941 1616 2033 t.)
1642 1946 1711 2014 Aut
1733 1947 1895 2036 qnaeritut
1915 1948 1958 2019 de
1981 1945 2053 2034 ea,¹

359 2045 416 2119 'nii
449 2041 683 2121 oleliationis
712 2031 875 2144 sponsam
915 2046 952 2118 in
983 2039 1194 2116 domicilium
1219 2061 1292 2125 qua
1307 2034 1487 2138 ronzpreffit
1504 2050 1636 2113 tantum
1653 2045 1840 2135 &vitiata,‘
1860 2067 1928 2118 nen
1942 2041 2054 2120 antem

353 2143 457 2244 sctum
474 2146 616 2243 recipere
634 2146 841 2248 cupitum
856 2202 866 2233 ‚
883 2147 917 2245 st
938 2139 999 2217 illa
1020 2141 1197 2215 matrimo-
1221 2139 1383 2227 gravida,
1410 2160 1468 2211 aut
1490 2141 1531 2213 de
1548 2167 1612 2220 ea,
1644 2166 1717 2232 que
1742 2151 1778 2218 oc
1807 2139 1994 2236 compreliu
2009 2147 2056 2220 est

362 2246 416 2319 nii
441 2242 573 2342 legibus
590 2245 749 2343 insultat‚'
774 2242 817 2319 m
832 2270 905 2318 crunt
919 2243 1004 2318 aliis
1020 2239 1197 2338 lascinierta
1226 2232 1266 2308 fi
1283 2236 1445 2340 grauido.
1493 2245 1537 2330 c.)
1554 2242 1620 2312 Aut
1636 2237 2055 2340 quaritnrseparatio'asi·

360 2346 407 2419 'do
423 2343 762 2442 ollcliatiouisspem
779 2344 956 2420 evanidam
977 2343 1039 2442 ipst
1055 2340 1196 2419 reddat,
1222 2345 1252 2407 te
1273 2339 1436 2433 nuptias,
1461 2360 1518 2411 rut
1532 2343 1604 2439 post
1618 2341 1766 2438 nuptias.
1817 2339 1873 2435 d.)
1892 2347 1963 2417 Ant
1984 2369 2058 2418 mn·

356 2441 402 2519 'in
420 2447 614 2518 nireretricia
640 2445 700 2519 illo
719 2444 899 2540 facilitate
920 2440 1031 2540 ipsum
1056 2463 1195 2514 uxorem
1221 2437 1303 2507 ritus
1322 2462 1396 2510 cont
1410 2460 1448 2509 ea
1469 2437 1687 2523 remlraiuit,
1712 2443 1885 2531 postquam
1904 2438 2056 2516 scinittb

365 2541 546 2641 agnoscere
562 2541 688 2636 debeat.
737 2550 832 2618 Hanc
852 2541 1062 2634 imperatoris
1078 2541 1195 2612 Leonis
1220 2532 1285 2604 alio
1301 2534 1539 2626 comprellama
1564 2561 1620 2612 aut
1638 2537 1682 2611 ab
1708 2561 1747 2614 ea
1768 2538 1944 2641 abstinuit,
1967 2533 2056 2635 poli·

358 2639 630 2732 'constitutionem
658 2646 693 2715 in
726 2645 897 2734 epitomen
936 2637 1027 2714 snum
1064 2640 1196 2728 redegit
1220 2653 1320 2722 quum
1340 2637 1459 2709 vitium
1483 2639 1515 2708 ei
1530 2635 1660 2710 illatum
1686 2633 1750 2715 elle
1774 2643 1929 2715 innotuit.
1955 2723 1957 2728 ,
1979 2635 2056 2714 ins-

359 2731 636 2834 Harmcnopolns
647 2740 708 2813 lib.
726 2739 790 2814 lv.
812 2743 863 2814 tit.
891 2767 918 2814 ι.
933 2765 1006 2828 cap.
1029 2741 1073 2810 de
1088 2731 1194 2826 spons.
1220 2758 1259 2805 ce
1277 2731 1447 2823 pramilfis
1464 2733 1506 2807 fic
1518 2741 1748 2826 procedimus:
1780 2744 1825 2826 ι.)
1845 2744 1878 2814 Si
1892 2743 2051 2834 postcun-

360 2833 507 2914 ⁵diliolut
569 2846 622 2931 6.)
646 2839 820 2914 Paritotis
850 2840 1026 2914 rationem.
1077 2840 1110 2909 Si
1137 2833 1196 2906 filii
1221 2838 1326 2905 tratti
1357 2829 1515 2924 sponsalia
1538 2837 1657 2909 vitium
1686 2837 1747 2910 subi
1781 2837 1898 2912 inferri
1922 2839 1965 2913 ab
1987 2837 2053 2940 alia

364 2965 433 3014 non
454 2942 577 3015 debent
597 2963 731 3031 portare
748 2939 854 3030 culpe
873 2962 1018 3027 paternae
1037 2959 1197 3026 poennm,
1221 2925 1337 3022 sponsa
1358 2930 1423 3004 fuit
1443 2928 1548 3024 palla,
1575 2941 1718 3010 necdum
1739 2935 1872 3027 sponsus
1894 2941 1974 3013 enm
1991 2941 2053 3040 do·

359 3041 481 3129 'utique
495 3063 556 3112 nec
569 3035 702 3129 sponsus
722 3035 960 3112 debet'delidio
978 3029 1099 3125 sponsu
1113 3058 1198 3122 ptu-
1222 3055 1316 3103 mum
1337 3034 1498 3114 deduxit,
1535 3059 1596 3107 nec
1628 3040 1878 3110 matrimonium
1892 3033 2053 3111 'corisum'-

359 3127 510 3232 ⁵gravari
563 3141 625 3212 Sed
646 3143 741 3229 prins
763 3139 888 3209 cotrstat
907 3161 947 3208 eu
969 3133 1196 3232 juredivino.
1223 3133 1340 3213 nnavit,
1365 3129 1455 3202 facili
1478 3135 1614 3226 negotio
1626 3128 1771 3207 obtineri
1789 3136 1888 3209 debet
1902 3164 1920 3209 a
1936 3129 2054 3228 sponso

360 3243 471 3309 'Dent
497 3225 630 3310 XXIV.
658 3245 709 3310 16.
739 3241 857 3329 2Re'g.
878 3229 980 3307 XlV.
1002 3235 1034 3304 6.
1060 3230 1195 3307 zl’atal.
1220 3227 2054 3326 ltapetenteseparatio‚fivefitcomptellatantum,

360 3333 479 3410 XXV.
498 3365 530 3418 u.
557 3341 625 3428 Jer.
636 3333 762 3406 XXXI.
778 3359 832 3424 30.
860 3329 980 3408 Ezeclt.
993 3327 1126 3403 XVlll.
1139 3353 1194 3404 20.
1221 3325 1628 3420 srvecompressilimul&
1644 3336 1803 3424 gravida,
1820 3338 2056 3430 quiapropter

363 3437 458 3527 'Ergo
487 3443 522 3507 dt
542 3435 713 3523 posterius.
779 3437 1051 3524 Praegrovaretut
1082 3450 1195 3501 autem
1220 3425 1963 3526 adulteriunmanimoniundissolvitur-‚jan
1974 3431 2056 3512 veto

366 3533 420 3606 vel
440 3535 606 3613 maxime,
631 3531 654 3604 li
673 3526 820 3622 sponsam
839 3532 880 3602 ab
898 3528 963 3601 alio
978 3523 1195 3621 comprelsom
1221 3521 1486 3620 insponlaetiam
1497 3526 1697 3603 adulterium
1708 3533 1980 3622 committitnr‚ut
1988 3533 2058 3608 col·

365 3635 510 3706 retinere
530 3652 733 3726 cogeretur,
769 3631 845 3719 quia
872 3630 991 3699 vitium
1016 3624 1100 3698 illud
1123 3651 1196 3698 eam
1219 3625 1337 3716 ligitur
1361 3651 1402 3698 ex
1425 3649 1550 3718 piena,
1575 3655 1647 3718 quae
1672 3633 1897 3724 constuprnnti
1913 3634 2057 3720 alienant

366 3731 411 3806 stc
426 3729 620 3812 deformat,
640 3751 677 3812 ut
700 3732 783 3801 citra
808 3729 999 3821 ignominia
1022 3722 1132 3826 labem
1159 3752 1197 3798 nc
1220 3719 1370 3816 sponsam
1387 3728 1568 3818 irrogatur.
1586 3733 1688 3802 Dent.
1708 3727 1819 3802 xxn.
1839 3753 1894 3822 23.
1914 3757 1971 3828 ²4·
1992 3741 2053 3825 ἰ.)

366 3831 503 3902 honoris
521 3829 775 3902 diminutionem
794 3829 840 3898 in'¹
854 3826 1067 3898 ittatrimonio
1091 3821 1196 3914 ipsam
1220 3827 1255 3916 S't
1278 3826 1350 3912 pon
1367 3831 1537 3914 contraiit
1566 3823 1724 3918 sponsalia
1746 3823 1871 3920 sponsu¹
1884 3827 1981 3904 alteri
2006 3821 2077 3924 sui-

366 3931 511 4002 retinere
531 3945 681 4016 nequent.
733 3931 780 3997 Ex
796 3933 870 4015 jure
885 3924 1099 3997 civili·etiam
1112 3924 1197 3996 banc
1220 3925 1352 4015 copiam
1374 3923 1479 4014 fecit,
1518 3933 1552 4000 dc
1573 3919 1708 4016 lpo'nsns
1729 3927 1827 4017 hujus
1848 3931 1899 4003 rei'
1919 3923 2056 4026 ignotus

365 4028 529 4099 rationem
546 4023 720 4098 adferunt:
750 4023 772 4095 st
793 4027 865 4114 quis
880 4025 1047 4114 virginem
1062 4017 1093 4096 le
1107 4050 1197 4102 eme·
1219 4024 1352 4112 nuptias
1370 4021 1447 4096 cum
1470 4051 1508 4096 ea
1526 4029 1723 4130 contgaxits'
1739 4031 1915 4118 'eidemque
1940 4021 2058 4104 carni·

364 4150 403 4198 re
420 4121 583 4215 putaliet,
608 4149 685 4196 cum
702 4121 822 4195 mnlicr
847 4119 1008 4208 venisset,
1038 4132 1073 4196 dt
1093 4119 1196 4194 sciens
1220 4123 1296 4193 liter
1313 4123 1542 4207 cohabitavit;
1563 4130 1719 4200 tentanda
1742 4130 1788 4199 eli
1804 4127 2055 4216 reconciliatio,

364 4249 477 4300 errare
496 4250 573 4297 cnm
589 4224 744 4296 venditor
756 4219 861 4312 pallus
876 4221 933 4304 iit,
949 4241 1094 4304 exemto
1106 4247 1197 4295 com·
1219 4218 1285 4293 hoc
1306 4223 1373 4304 est,
1399 4246 1436 4295 ut
1458 4225 1597 4297 maritus
1612 4224 1697 4298 hanc
1711 4228 1984 4319 noxmn'tonjugi
1999 4252 2057 4304 te.

357 4326 452 4417 'petit
477 4325 563 4398 nitio
588 4325 631 4396 ad
655 4319 883 4395 resolvendum
911 4319 1142 4404 emtionem,
1159 4342 1197 4393 ut
1219 4323 1355 4401 mittat,
1381 4331 1417 4400 ,δι
1438 4326 1472 4392 in
1492 4325 1651 4416 conjugio
1673 4329 1823 4397 eamdem
1837 4327 1987 4400 retineat.
2007 4335 2055 4403 Et

364 4426 518 4500 restituto
538 4424 647 4513 pretio
663 4419 785 4493 mulier
800 4426 969 4495 reddatur.
995 4419 1020 4492 l.
1042 4443 1087 4492 rx
1100 4431 1195 4492 antto
1221 4444 1302 4494 vero
1322 4420 1343 4492 st
1365 4420 1510 4493 obtineri
1535 4450 1553 4494 a
1575 4427 1695 4497 marito
1717 4448 1883 4512 nequeat,
1919 4437 1954 4502 dc
1983 4421 2056 4516 ipse

369 4547 424 4599 11.
444 4529 473 4613 ς.
491 4523 524 4621 st
546 4522 620 4618 quis
644 4520 821 4616 virginem.
852 4547 881 4612 5.
907 4517 946 4590 tle
973 4517 1092 4593 nilion.
1118 4530 1193 4592 erut.
1219 4520 1401 4593 divortium
1419 4543 1556 4612 urgeat3
1582 4549 1650 4596 nou
1667 4527 1774 4614 potest
1789 4527 1865 4618 cogi
1873 4573 1884 4606 ,
1904 4546 1940 4597 nt
1954 4523 2055 4598 foedi·

364 4624 467 4710 Apud
489 4626 660 4695 Romanos
679 4617 713 4691 id
727 4615 767 4691 ¹in
784 4613 842 4690 usn
858 4615 952 4691 fuisse
971 4615 1141 4709 colligitur
1155 4646 1196 4692 ex
1219 4615 1351 4712 fragam
1371 4623 1537 4706 retineat,
1571 4627 1672 4694 modo
1691 4621 1734 4694 ab
1752 4631 1823 4710 ejus
1844 4619 2057 4700 consuetudi·

365 4717 483 4793 Plauto
503 4721 536 4792 in
554 4715 640 4794 Pers.
656 4721 719 4790 an.
738 4715 799 4792 lli.
814 4716 900 4790 scen.
927 4744 955 4790 1.
974 4715 1140 4818 nbiyirgo
1154 4721 1196 4790 ad
1220 4744 1262 4790 ne
1282 4719 1448 4812 conjugali
1464 4717 1675 4808 abstinuerit,
1701 4747 1800 4812 quam
1814 4713 2077 4814 primumcum

364 4841 497 4910 patrem
522 4816 572 4890 his
597 4821 701 4890 utittn
730 4816 865 4890 verbis:
899 4811 1094 4916 Neceffitata
1117 4841 1195 4902 nte,
1219 4816 1333 4891 abalio
1350 4821 1537 4910 gravidam,
1554 4819 1607 4892 vel
1626 4818 1844 4912 comprell‘am
1869 4819 1933 4896 elie
1952 4820 2056 4898 tesci-
2083 4867 2094 4888 ι

365 4917 460 4993 mala
480 4927 519 4991 ut
529 4917 643 5018 fiam,
662 4915 769 5012 sacis.
828 4914 954 4992 Istrum
974 4914 1112 5006 videto,
1138 4914 1197 4989 ubi
1222 4917 1282 4988 vit.
1343 4920 1444 4991 Ratio
1471 4919 1517 4991 est
1541 4921 1680 5005 eadem,
1710 4923 1787 5009 quia
1809 4920 1890 4993 talis·
1909 4923 2053 4998 habetur

365 5019 457 5093 volas
474 5043 523 5092 rtur
544 5027 684 5116 nuptum
702 5013 804 5098 darc,
829 5039 868 5088 na
883 5013 953 5090 ltac
962 5015 1068 5111 samo
1077 5016 1198 5108 faciat
1220 5039 1284 5105 pto
1305 5015 1478 5099 adultera,
1499 5025 1567 5106 jam
1587 5043 1668 5090 uero
1690 5040 1832 5110 propter
1848 5021 2054 5099 adulterium

364 5115 560 5294 repuditpor
579 5116 726 5215 nuptias.
793 5121 843 5189 lta
876 5117 1032 5190 statuunt'
1053 5115 1195 5189 Gentilis
1219 5111 1404 5189 dillolvitur
1428 5119 1578 5214 ponjugii
1607 5120 1787 5191 uinculum.
1841 5125 1897 5210 ι.)
1921 5125 1953 5196 Si
1976 5143 2054 5200 onte

363 5212 422 5292 lib.
451 5217 486 5294 V
550 5221 593 5294 de
613 5237 710 5308 nupt.
735 5238 807 5308 cap.
834 5212 931 5292 Xlll.
964 5218 1125 5305 Cyprum
1153 5218 1197 5292 de
1219 5203 1379 5306 fundana
1393 5219 1561 5294 annuatia
1579 5211 1695 5313 sponse
1714 5217 2056 5318 viennenucspon.

2007 5319 2061 5400 sus
