4884 5984
643 525 789 634 Qash
837 541 921 616 stt
968 519 1328 616 conmanunt
1727 539 1730 548 '
1792 469 1840 635 a}

231 735 353 810 mm:
383 751 499 806 omnes
525 740 634 806 tamen
656 735 692 806 in
721 757 760 808 eo
776 737 975 816 sorsnmire,
999 732 1066 824 cit,
1089 729 1281 828 sacerdotes
1304 733 1456 808 arteria
1487 735 1700 810 matrimonii
1719 731 1844 833 sacra·
1943 781 1957 806 c

231 826 352 924 copula
370 851 438 902 aaa
446 832 591 933 stpars
603 829 794 930 essentialis,
807 861 848 910 ae
861 838 977 931 proin·
1000 831 1132 911 mento,
1156 857 1222 930 noa
1240 834 1370 932 quidem
1390 838 1523 909 ratione
1532 835 1763 933 sacramenti,
1785 831 1845 928 scd

233 939 441 1002 aramentum
469 933 680 1004 matrimonii
710 944 815 1008 totam
840 958 880 1007 ac
904 933 977 1030 ple·
999 932 1132 1003 ratione
1146 955 1269 1019 comm,
1285 955 1357 1028 qua
1366 931 1579 1029 soanntmto
1595 937 1729 1009 adnexa
1738 933 1843 1030 sunt:
1907 945 1911 956 ‘

231 1025 340 1121 moad
355 1039 474 1124 partes
496 1027 677 1128 csentiales
692 1034 838 1107 inumiri
851 1037 887 1106 in
900 1054 977 1104 con·
1000 1027 1148 1104 breviter
1164 1036 1339 1105 addimus:
1378 1035 1498 1123 copula
1519 1035 1701 1127 conjugalis
1719 1037 1845 1104 adnexa

231 1149 240 1196 ι
262 1125 448 1297 piscaria
465 1126 679 1297 dc‘praesenti.
697 1129 837 1222 Rispst
856 1133 976 1220 copula
1001 1129 1049 1199 est
1075 1132 1288 1203 unatrimonio
1308 1156 1346 1202 ex
1370 1131 1559 1204 Bellarmini
1581 1129 1750 1222 hypothes
1770 1179 1781 1209 ,
1807 1149 1845 1199 ut

231 1247 275 1313 ga
303 1249 361 1298 sc
407 1251 483 1314 pars

231 1325 318 1395 lotes
349 1349 554 1398 accensura
592 1331 750 1420 conjugio
772 1335 898 1400 ratione
924 1354 977 1399 co·
1003 1343 1153 1398 mentum
1170 1331 1215 1398 est
1233 1323 1480 1416 imperfectum.
1531 1335 1699 1419 Ergonon
1716 1353 1777 1417 per
1793 1349 1847 1398 ac·

231 1445 243 1502 3
266 1425 386 1508 utique
406 1431 506 1494 etiam
525 1433 682 1498 arcentu'r
706 1427 751 1498 ab
776 1453 816 1499 eu
839 1449 980 1516 propter
1002 1426 1133 1511 cidens,
1159 1421 1212 1497 sed
1234 1421 1295 1515 per
1316 1421 1345 1497 se
1362 1425 1408 1496 illi
1430 1430 1553 1499 adnexu
1576 1428 1642 1510 cst,
1677 1435 1744 1514 jam
1767 1447 1849 1496 vera

231 1543 264 1589 m
300 1519 447 1608 aliquam
478 1518 670 1596 sacramenti
691 1524 908 1617 integralem,
941 1547 980 1596 ac
1003 1543 1158 1596 arcentur
1180 1519 1361 1596 sacerdotes
1377 1551 1394 1594 a
1410 1527 1567 1615 conjugio
1587 1547 1727 1613 propter
1743 1547 1847 1612 copu-

231 1619 276 1689 de
296 1642 442 1707 propter
455 1618 586 1707 aliquod
608 1631 646 1694 ad
668 1622 775 1713 ipsum
798 1620 978 1695 sacramen·
1005 1619 1069 1691 lam
1083 1668 1091 1701 ,
1107 1647 1190 1714 ergo
1207 1646 1348 1712 propter
1361 1624 1513 1710 aliquod,
1541 1627 1628 1709 quod
1647 1617 1753 1711 perse
1769 1645 1850 1692 con-

231 1719 413 1803 pertinens.
462 1718 628 1818 Vicissim:
659 1725 691 1793 Si
707 1721 826 1812 copula
841 1720 980 1793 carnalis
1002 1722 1097 1810 jugio
1116 1745 1153 1790 ut
1167 1718 1369 1794 sacramento
1384 1723 1603 1793 cstadnerunt
1618 1769 1629 1799 ,
1643 1735 1675 1794 dt
1692 1744 1754 1808 per
1771 1743 1852 1788 cuna

235 1839 317 1904 pers
337 1810 529 1890 sacramenti
552 1821 750 1910 integralis,
782 1845 849 1893 non
877 1817 981 1909 posset
1005 1813 1140 1905 sequens
1160 1821 1259 1890 etiam
1282 1820 1324 1889 ab
1353 1815 1424 1906 ipso
1445 1814 1666 1899 sacramento,
1690 1839 1851 1905 qnatenus

233 1916 360 1983 icitra
389 1915 597 1990 violationem
628 1921 738 1991 totius.
804 1921 851 1991 At
877 1920 982 2007 potest
1004 1918 1051 1988 eli
1071 1917 1146 1988 tale.
1198 1921 1257 2011 4.)
1274 1915 1489 1989 bellarminus
1507 1913 1754 1987 fibimanifette
1771 1940 1854 1986 coa-

232 2015 264 2090 i,
291 2034 331 2081 ut
347 2013 414 2084 hoc
427 2013 503 2085 loco
516 2016 655 2106 disputat
671 2016 901 2092 Bellarminus.
925 2022 982 2087 Er·
1007 2017 1154 2098 tradicit,
1180 2020 1312 2108 quando
1340 2018 1373 2086 in
1400 2010 1608 2102 responsione
1631 2021 1670 2086 ad
1694 2016 1848 2101 quintum

231 2131 271 2181 ut
311 2136 389 2201 pars
422 2113 590 2202 integralis
624 2141 693 2188 uon
724 2120 811 2197 crit,
856 2138 911 2187 aut
938 2137 990 2185 to.
1011 2137 1246 2205 argumentum
1267 2109 1304 2213 ᾗ.
1330 2124 1384 2187 26.
1403 2108 1532 2184 scribit:
1567 2105 1636 2210 Qui
1655 2109 1853 2186 uxoresdu·

242 2233 315 2281 nou
355 2210 500 2298 amplius
536 2217 600 2287 erit
640 2217 810 2308 integrum
854 2239 894 2285 ac
930 2237 989 2286 re·
1011 2221 1153 2297 amant,
1184 2209 1225 2285 sd
1245 2237 1289 2284 ex
1311 2208 1464 2306 consensit
1482 2212 1850 2296 mutnocontincntiam

259 2304 518 2380 [ammentum.
603 2317 711 2399 Atque
745 2329 798 2384 'eo
840 2309 987 2401 speciant
1004 2323 1201 2406 perpetuam
1219 2311 1436 2409 profitentur,
1461 2307 1574 2404 sacris
1591 2308 1767 2383 ordinibus
1788 2308 1855 2380 inis

231 2432 282 2478 ses
326 2432 347 2478 a
397 2409 556 2480 Gratiano
589 2421 624 2484 δι
668 2413 857 2483 lombarda
895 2411 984 2482 adle·
1011 2411 1097 2482 tiari
1111 2407 1266 2507 pascat,
1296 2406 1337 2481 sd
1361 2418 1470 2480 tantm
1488 2407 1593 2508 smus
1612 2409 1684 2484 aeti
1698 2410 1854 2503 costjngcs

274 2505 495 2578 Bellarminus
518 2512 664 2600 regerit,
691 2509 765 2583 illos
795 2507 853 2612 esc
874 2533 987 2581 corra-
1014 2505 1055 2580 ἒ]
1069 2507 1260 2604 sacerdotes
1270 2504 1374 2604 scena·
1396 2517 1435 2580 ,δι
1452 2511 1563 2595 polica
1583 2515 1610 2600 §.
1629 2513 1683 2596 36.
1704 2499 1856 2595 subjicit:

231 2657 240 2690 ,
266 2627 342 2675 cum
362 2604 397 2676 in
413 2606 552 2705 epistola
568 2605 715 2695 Leonis,
739 2631 784 2682 esc
797 2631 862 2705 qsca
882 2608 989 2682 adda·
1011 2606 1182 2682 Arcentnr
1201 2607 1303 2704 plane
1317 2603 1509 2703 sacerdotes
1534 2630 1599 2679 non
1622 2629 1644 2680 a
1669 2606 1760 2678 coita
1781 2615 1856 2676 tart·

231 2713 305 2785 unt,
325 2700 442 2798 ancisa
456 2707 504 2805 st
521 2710 667 2801 negatio.
693 2705 795 2796 Resp.
815 2731 988 2798 corrupte·
1012 2721 1107 2788 tam,
1131 2706 1195 2806 ,sed
1219 2709 1322 2780 etiam
1346 2728 1368 2776 a
1383 2701 1598 2800 sacramento
1621 2703 1855 2789 matrimonii,

231 2827 250 2872 a
270 2802 379 2872 multis
393 2798 515 2875 'seculis
532 2830 666 2895 recepte
686 2807 842 2888 ostendit,
867 2831 931 2894 qua
952 2802 991 2876 fi·
1011 2832 1078 2882 noa
1093 2807 1223 2903 quiden
1246 2808 1377 2879 ratione
1391 2800 1623 2900 sacramenti,
1643 2800 1706 2901 sed
1724 2805 1857 2877 ratione

231 2901 386 2971 irutiatms
407 2898 527 2989 scripta
544 2927 694 2976 veterum
715 2909 928 2986 trattavcrits
953 2929 991 2975 ac
1012 2931 1146 2992 eorum,
1186 2927 1258 3002 quse
1276 2899 1489 3001 sacramento
1512 2900 1597 3000 sunt
1623 2901 1769 2976 adnexa.
1822 2902 1857 2973 Si
1904 2907 1913 2924 '

233 2997 245 3068 l
270 3000 414 3104 manime
434 3004 568 3091 negatio
582 3002 640 3074 illa
662 3005 859 3083 omittatur,
881 3027 991 3075 tamen
1013 3009 1102 3079 enim
1127 3004 1228 3092 aliqui
1249 2999 1380 3092 potsunt
1401 2999 1464 3073 else
1488 2999 1582 3074 simul
1605 3005 1676 3073 veri
1698 3009 1858 3090 coniuges
1926 3076 1929 3085 ,

231 3121 241 3166 s
273 3094 423 3178 sufficit,
459 3105 548 3184 quod
577 3100 794 3172 Bellarminus
817 3103 990 3184 concedit,
1015 3115 1050 3180 dt
1069 3099 1275 3186 sacerdotes,
1297 3105 1411 3189 utique
1430 3123 1495 3171 non
1515 3122 1669 3174 arcentur
1688 3099 1786 3191 plane
1800 3090 1859 3182 ¹sa·¹

231 3193 304 3266 sam
327 3197 536 3292 corsrtgalcm
565 3199 611 3271 ad
631 3201 860 3294 integritatem
873 3198 993 3295 sacra·
1014 3206 1165 3275 cerdotes
1180 3227 1200 3272 a
1217 3196 1420 3272 sacramento
1440 3201 1652 3271 matrimonii.
1706 3204 1745 3269 Et
1765 3188 1864 3268 sicis.

231 3296 443 3390 ipmtinerc.
498 3294 540 3371 Si
567 3298 647 3399 dest
673 3302 817 3394 (inquit)
845 3297 988 3394 copula,
1015 3299 1095 3375 srm':
1118 3295 1339 3372 sisacerdotes
1354 3295 1622 3386 plancarcentur
1645 3322 1663 3370 a
1688 3298 1863 3368 matrimo-

231 3394 354 3488 ficatio
371 3393 522 3490 quadam
537 3394 665 3484 deerit,
688 3408 774 3493 pata
792 3397 993 3494 consuntiio·
1015 3402 1062 3470 nii
1083 3391 1310 3480 stcramento,
1337 3420 1405 3467 non
1422 3417 1581 3483 poterunt
1596 3392 1689 3467 timul
1704 3389 1767 3466 etse
1781 3417 1862 3463 euu-

231 3490 359 3593 Christi
384 3519 458 3566 cam
478 3494 607 3596 ecclesa
629 3521 691 3594 per
713 3507 841 3570 notura
860 3497 995 3591 consor·
1016 3505 1111 3589 jnges
1125 3505 1160 3572 de
1181 3491 1382 3568 sacerdotes:
1425 3494 1520 3586 Quid
1534 3498 1575 3564 dc
1594 3517 1673 3563 voto
1691 3511 1861 3580 perpetua

232 3605 313 3679 tem,
327 3615 386 3664 rtec
404 3606 514 3666 tamen
529 3595 637 3684 omnir
655 3597 857 3691 fignificatio
872 3596 993 3678 deerit,
1017 3587 1227 3667 continentia
1250 3619 1269 3663 a
1290 3590 1489 3682 conjugibus
1517 3586 1631 3662 emissa
1659 3587 1696 3660 fit
1722 3592 1864 3659 statuen-

253 3693 475 3792 sgnificatur
509 3693 618 3768 addat
648 3687 837 3789 'coessendio
869 3691 995 3794 Circeslr'
1018 3697 1121 3773 dum,
1149 3689 1205 3762 stto
1223 3690 1297 3763 loca
1322 3690 1519 3765 uidebimus.
1572 3709 1615 3776 5.,·
1643 3684 1766 3757 Fultum
1792 3686 1863 3770 est,

239 3793 325 3864 eccle
341 3813 393 3870 ta,
415 3792 469 3864 ael
480 3817 552 3864 cnse:
568 3797 686 3890 ataui:
699 3796 814 3866 anieno
831 3819 890 3889 per
904 3817 995 3865 amo·
1018 3795 1107 3882 quod
1139 3790 1355 3861 bellarminus
1387 3785 1537 3868 adserit,
1570 3796 1699 3861 tantum
1726 3793 1865 3880 propter
1895 3849 1903 3868 ,

237 3887 481 3987 spiritualem,
518 3889 559 3965 sd
588 3892 660 3965 idco
689 3895 882 3988 conjuginm
912 3889 996 3965 illud
1020 3887 1255 3985 impedimenta
1279 3884 1319 3961 sd
1342 3883 1511 3983 seculares
1533 3907 1657 3967 atras,
1694 3905 1767 3978 qua
1793 3904 1866 3954 ma·

231 4001 395 4062 amentrnn
411 3990 542 4085 quidem
558 3994 640 4076 crit,
656 3988 719 4087 sed
731 3990 905 4087 aliqnaeuc
913 4015 998 4090 par·
1020 3988 1215 4062 trirnoainm
1237 3982 1492 4083 consequuntur,
1517 3981 1707 4081 sacerdotes
1735 3979 1780 4055 ab
1805 3980 1867 4060 lior

231 4088 432 4184 apersciium
460 4087 501 4161 sd
527 4113 593 4161 non
616 4091 886 4186 conietmmnttcm.
950 4095 996 4162 Er
1013 4087 1226 4184 sacramento
1242 4083 1359 4159 arceri.
1412 4081 1581 4175 Legan'tur
1604 4079 1737 4154 decretu
1760 4081 1868 4153 Siricil

233 4197 303 4260 nim
324 4186 367 4258 stc
381 4187 626 4260 concludimus:
649 4191 782 4277 Absque
803 4217 869 4278 quo
895 4185 998 4259 sacra·
1022 4200 1056 4262 dc
1078 4186 1285 4264 iunocentii,
1311 4208 1349 4255 ac
1377 4180 1547 4256 manifeste
1572 4181 1762 4269 adparebit,
1788 4202 1868 4268 pro-
1948 4185 1950 4190 '

231 4314 303 4360 tum
325 4285 458 4372 aliquod
480 4291 525 4357 est
541 4287 803 4373 imperfectum,
829 4289 910 4359 illud
923 4311 999 4374 per·
1022 4308 1098 4376 pter
1119 4284 1253 4370 aliquod
1277 4286 1317 4353 ad
1347 4278 1454 4372 ipsum
1475 4283 1669 4371 conjugium
1699 4280 1870 4368 pertinent

231 4389 308 4460 tad
336 4388 561 4477 integritatem
594 4382 794 4458 sscrunrenti.
865 4386 999 4471 Absque
1023 4386 1103 4454 illud
1124 4380 1206 4453 fieri.
1259 4381 1319 4470 6.)
1348 4381 1588 4472 impedimenta
1616 4377 1672 4449 illa
1698 4393 1732 4450 dc
1753 4401 1870 4456 cura,

231 4481 279 4554 ula
303 4483 426 4555 cunali
462 4487 653 4574 conjugium
683 4488 728 4556 est
760 4481 998 4556 sacramentum
1024 4508 1094 4568 quae
1123 4479 1372 4552 matrimonium
1404 4472 1671 4563 consequuntur,
1701 4501 1766 4547 nun
1796 4473 1891 4545 t'uut‘¹

231 4579 403 4656 essedum.
458 4582 835 4674 Ergocopulucarnalis
853 4585 999 4670 pertinet
1025 4578 1221 4651 sufficientes
1258 4579 1356 4666 hujus
1381 4575 1614 4667 prohibitionis
1646 4572 1759 4646 causa.
1833 4574 1871 4643 ld

231 4677 667 4775 ntegritatembcrumenti.
720 4682 889 4753 Ulterius:
919 4678 998 4753 Cle·
1024 4681 1158 4767 quidem
1186 4704 1226 4747 cx
1250 4677 1314 4746 illis
1342 4674 1548 4764 colligitur,
1584 4677 1672 4758 quod
1705 4672 1871 4743 instruitis

243 4809 263 4853 a
297 4783 458 4873 conjugio
492 4805 646 4852 arcentur
679 4804 819 4868 propter
848 4778 1002 4868 capulum
1025 4779 1342 4850 continentiaedouo
1362 4773 1478 4845 melius
1496 4770 1535 4843 sit
1556 4798 1574 4842 a
1594 4771 1751 4863 conjugio
1775 4769 1873 4840 absti-

231 4879 391 4972 ugalem,
417 4900 490 4967 cap.
502 4877 715 4978 proposit-isi.
734 4881 807 4949 dist.
829 4896 885 4963 82.
914 4883 1003 4970 Ergo
1027 4901 1136 4954 nere,
1164 4870 1215 4944 sed
1240 4876 1296 4960 qni
1317 4875 1440 4959 absque
1453 4864 1658 4941 conscientia
1683 4868 1819 4939 vulnere
1838 4877 1875 4942 dt

519 1231 697 1301 aeramenti
718 1232 915 1322 integralis,
943 1239 977 1303 &
1002 1250 1078 1315 pars
1105 1229 1301 1322 integralis,
1326 1227 1449 1317 absque
1476 1257 1540 1319 qua
1568 1232 1714 1321 conjugii
1744 1224 1854 1298 sacra·'
1928 1255 1936 1282 ·
2064 1286 2067 1296 .

231 5005 299 5070 pter
324 4979 462 5066 aliquod
494 4983 535 5049 ad
560 4981 783 5069 integritatem
814 4970 1004 5046 laetamenti
1029 4973 1241 5044 ulterioribus
1270 4969 1410 5043 flammis
1429 4992 1520 5041 extra
1544 4970 1737 5056 conjuginm
1759 4969 1874 5038 vivere
2011 5005 2020 5020 ο

231 5083 327 5152 :inens
341 5091 376 5152 δι
394 5102 458 5165 pet
473 5073 672 5165 consequens
688 5070 944 5165 proptctipsum
961 5069 1006 5143 su·
1030 5092 1220 5160 nequeunt,
1250 5068 1299 5140 illi
1319 5070 1408 5139 nullu
1434 5067 1547 5139 habite
1578 5063 1811 5136 difficultatum
1839 5071 1876 5134 tic

231 5201 425 5357 inesitUTY'V
434 5177 583 5272 Quanto
600 5178 703 5268 igitur
718 5173 934 5290 bellarminus
955 5175 1007 5245 di·
1030 5193 1186 5344 ιιιιὸιιιω
1214 5165 1512 5246 matrimonialium
1540 5165 1671 5240 radone
1692 5166 1736 5238 ud
1761 5183 1880 5354 ιὲιὶιὲιὲι
1911 5265 1917 5290 ἱ
