4884 5984
1141 303 1158 338 f

1123 357 1135 374 t

234 499 238 506 ’
335 503 442 632 ¹74'
650 521 1525 616 tocrsxxvrcrr.1v.sacr.n.
1576 530 1756 608 aaut

262 753 265 764 '
360 716 583 836 ministrando
602 733 790 833 pertinere,
820 728 1035 805 obediendum
1057 728 1116 830 <st
1130 755 1193 829 pa·
1217 727 1401 808 liberorum
1434 734 1517 803 citra
1547 752 1724 820 parentum
1751 697 1943 804 consensum
1971 724 2054 802 initu

296 856 299 860 ·
361 834 411 928 tri
421 859 484 932 per
499 838 632 920 omnin,
655 835 758 924 etium
779 834 815 905 in
834 830 1058 905 contrahendo
1079 835 1193 929 conjn-
1217 856 1285 902 non
1301 837 1389 906 adest
1405 832 1541 903 materia
1561 843 1596 904 δι
1616 827 1724 903 forma
1743 831 1902 902 divinitus
1921 829 2055 902 ordina·

224 961 246 994 x
357 937 437 1034 gio,
465 931 507 1009 8
526 937 584 1032 qui
605 935 643 1008 id
657 936 725 1007 iton
738 932 852 1028 facit,
872 956 944 1003 eum
959 956 1112 1029 peccare,
1129 903 1205 1029 seri
1217 952 1269 1010 ta,
1295 957 1331 1004 nt
1349 932 1512 1004 ostensum
1536 927 1611 1002 suit.
1680 928 1758 1023 lv.)
1785 927 2054 1004 Matrimonium

227 1021 249 1074 ”·
359 1058 428 1109 non
461 1037 618 1108 continno
665 1033 918 1106 matrimonium
952 1028 1011 1130 effe
1042 1033 1190 1105 irritum.
1215 1053 1283 1102 noo
1294 1029 1409 1130 sursum
1425 1043 1462 1103 ut
1475 1026 1725 1127 sacromentum
1741 1041 1853 1102 rutum
1877 1025 2062 1126 effedicit,

359 1132 455 1209 Nom
479 1159 545 1208 non
567 1135 678 1208 minus
691 1134 774 1206 eccle
788 1153 828 1212 1ae
847 1128 888 1204 ii
905 1131 1056 1228 episcopo
1072 1154 1193 1227 poren-
1209 1127 1388 1228 sedetiam
1402 1143 1441 1203 ut
1458 1127 1661 1202 contrabium
1681 1127 1843 1215 ciuilem,
1877 1129 1958 1201 licet
1978 1147 2056 1199 corr*

359 1217 442 1308 duni
455 1239 498 1337 esi
508 1259 569 1332 per
585 1234 718 1314 omnio,
743 1254 841 1327 quant
856 1233 952 1327 patri
971 1230 1124 1312 carnali,
1151 1228 1192 1306 85
1217 1240 1273 1304 tro
1290 1243 1489 1331 preceptum
1514 1230 1629 1325 putris
1650 1229 1888 1314 contrahatur,
1911 1226 1994 1325 quia
2007 1225 2055 1329 fi-

301 1403 311 1436 Κ
359 1345 498 1422 tantem,
532 1336 565 1434 ſs
593 1337 668 1431 quir
698 1331 806 1404 laicus
835 1341 952 1406 contra
976 1329 1122 1428 episcopi
1152 1327 1194 1405 Εἴ
1218 1329 1303 1419 lius,
1327 1331 1556 1432 restituentur
1577 1330 1693 1425 patris
1709 1327 1921 1403 direiir'onem
1935 1324 2054 1425 sequi,

246 1479 250 1484 -
359 1432 497 1534 ecclestae
509 1445 709 1530 preceptum
728 1430 901 1527 baptizet,
924 1430 1111 1529 baptismus
1129 1434 1195 1504 erit
1218 1455 1291 1503 cum
1312 1431 1353 1504 dr
1366 1434 1461 1532 statu
1481 1432 1560 1502 vita
1585 1426 1660 1525 suae
1686 1427 1854 1526 disparuit,
1882 1439 1993 1502 tamen
2016 1425 2056 1502 tle

359 1545 457 1610 ratus
484 1528 525 1606 ii
546 1556 666 1619 verns,
697 1528 760 1628 sed
777 1530 888 1603 lai'cur
901 1529 962 1604 'ille
982 1529 1194 1628 baptizando
1218 1554 1255 1604 rr
1269 1528 1336 1626 sna
1352 1553 1418 1602 non
1432 1529 1471 1603 de
1490 1528 1603 1601 aliena
1616 1525 1782 1624 disponit,
1808 1551 1939 1625 remque
1951 1525 2056 1625 suom

356 1629 520 1733 peccabit.
572 1630 675 1722 Resp.
698 1630 905 1721 exceptionis
926 1633 975 1700 vis
1003 1645 1036 1705 dc
1054 1636 1195 1704 adduiia'
1220 1654 1286 1703 non
1300 1631 1448 1704 alienam
1470 1626 1592 1713 donat,
1618 1651 1719 1724 quare
1738 1626 1912 1731 disposttr'o
1936 1651 1978 1701 ac
1999 1623 2058 1702 do-

360 1729 402 1805 ad
420 1757 493 1806 eam
507 1730 732 1805 stabiliendam
747 1734 953 1817 comparatio
967 1732 1120 1802 nituntur
1135 1730 1194 1802 fel·
1219 1732 1315 1804 notio
1337 1741 1417 1802 roto
1441 1726 1481 1802 ii
1493 1730 1601 1828 firma
1619 1731 1688 1829 cst,
1723 1732 1878 1824 quamvis
1900 1751 1967 1802 nort
1987 1729 2059 1827 fine

360 1828 394 1905 sa
413 1829 612 1919 hypothesr,
637 1831 727 1919 quod
746 1830 998 1901 matrimonium
1015 1830 1063 1927 stt
1074 1824 1196 1924 socra-
1216 1842 1353 1928 peccato
1377 1829 1547 1905 transatio
1570 1830 1628 1927 stt.
1680 1824 1781 1918 Resp.
1811 1828 1882 1901 hae
1915 1826 2100 1904 adsertio

231 1985 235 1993 ‚
363 1941 526 2014 arentum,
556 1926 597 2002 fi
615 1932 703 2019 quod
728 1927 775 1999 nd
793 1923 960 2026 effrutinm
978 1930 1131 2024 conjugii
1145 1931 1198 2002 ni·
1221 1952 1351 2023 pugnat
1373 1956 1449 2002 cum
1469 1937 1542 2016 jure
1562 1930 1676 1999 divino
1699 1941 1732 2001 dc
1752 1931 1861 2012 civisn,
1886 1929 1984 2025 prius
1999 1951 2059 2017 pt·

360 2028 414 2104 hil
426 2013 525 2102 aliud
538 2032 739 2126 requiratur,
758 2050 857 2124 quom
877 2026 1048 2125 consensus
1066 2039 1199 2102 contra·
1223 2053 1271 2101 tet
1289 2056 1329 2102 cx
1350 2055 1414 2108 eo,
1441 2033 1528 2117 quod
1557 2030 1751 2117 conjugium
1785 2031 1864 2102 teste
1896 2024 2061 2117 scripture

362 2127 521 2203 lentiam.
573 2129 774 2202 invertimus
791 2152 874 2220 ergo
892 2129 1081 2200 Bellarmmi
1100 2151 1199 2222 arga:
1225 2154 1293 2201 non
1313 2135 1359 2202 esi
1376 2130 1564 2200 contradus
1578 2151 1673 2198 mere
1692 2126 1848 2216 politicus
1870 2152 1909 2199 ac
1931 2125 2058 2206 civilis,

266 2251 278 2272 ⁸
360 2251 544 2303 mentum:
596 2231 629 2301 Si
647 2224 890 2312 filiusfamilias,
912 2225 967 2300 vel
993 2224 1200 2300 filiafamilias
1224 2223 1279 2301 sed
1306 2224 1413 2300 sancto
1436 2223 1632 2297 consociatio
1659 2228 1819 2298 divinitus
1844 2228 1992 2298 instituta
2016 2231 2096 2298 ed·

361 2351 502 2418 peccant
520 2348 634 2400 contra
654 2347 810 2413 quartum
834 2349 1040 2416 preceptum
1066 2351 1198 2399 oontrr-
1222 2324 1365 2400 ecclchae
1383 2326 1684 2416 propagationem,
1709 2350 1828 2416 gerens
1851 2348 1967 2414 typum
1996 2318 2062 2414 spi-

362 2425 475 2499 hendo
497 2427 748 2496 matrimonium
763 2428 844 2496 citra
865 2422 1057 2496 consensum
1079 2451 1200 2512 parcn-
1222 2425 1349 2498 ritualis
1372 2427 1522 2516 conjugii
1535 2427 1622 2497 inter
1635 2422 1805 2496 Chrisium
1823 2435 1858 2500 &
1874 2422 2060 2507 ecclesiam,

362 2547 461 2608 tumt
487 2527 603 2612 utique
623 2525 874 2595 matrimonium
897 2526 981 2594 citra
1006 2519 1197 2598 consensum
1224 2526 1312 2595 unde
1333 2528 1432 2600 etiam
1461 2544 1600 2596 vocatur
1619 2521 1745 2616 faedus
1768 2519 1858 2611 Dei,
1886 2529 1989 2596 Prot.
2015 2522 2059 2595 ll.

271 2618 274 2628 ¹
297 2677 300 2682 -
361 2644 541 2716 parentum
562 2625 682 2693 initum
707 2624 754 2692 est
775 2626 963 2694 contraitur
986 2622 1098 2693 divina
1124 2624 1201 2714 lege
1231 2644 1281 2710 17.
1307 2622 1451 2695 Malach.
1468 2619 1513 2693 ll.
1534 2642 1586 2705 14.
1609 2646 1648 2712 ac
1662 2625 1757 2694 Deris
1780 2621 1995 2715 ccrtrtlcges
2015 2623 2060 2694 de

364 2722 568 2814 prohibitus.
621 2722 684 2794 Sed
705 2746 821 2791 verum
838 2722 954 2814 prius,
978 2743 1013 2790 ut
1030 2720 1202 2795 Bellrrmi·
1224 2726 1381 2814 conjugio
1397 2716 1591 2811 proposuit,
1616 2722 1805 2810 intorques
1826 2725 1926 2795 etiam
1953 2747 1992 2794 ea
2012 2721 2061 2794 est

363 2847 426 2895 nus
464 2823 629 2895 concedit.
722 2822 812 2909 Ergo
847 2829 882 2894 δέ
926 2820 1116 2908 posterius,
1162 2827 1266 2904 aede
1288 2842 1464 2908 parentum
1489 2814 1646 2892 consensu
1672 2818 1889 2902 adhibendo,
1914 2819 1937 2893 si
1958 2819 2062 2892 filius·
2094 2805 2101 2835 ¹

348 2923 426 3013 'per
473 2917 674 3006 consequent
731 2916 795 2990 tole
862 2919 1111 2991 matrimonium
1153 2923 1201 2993 eil
1225 2917 1364 2992 familias
1382 2946 1436 2993 eas
1458 2921 1735 3011 transgreditur,
1773 2947 1840 2992 non
1867 2925 1909 3000 de
1936 2913 1992 2993 sna
2020 2943 2061 2994 re

362 3044 427 3110 per
462 3015 493 3091 se
527 3017 740 3111 illegitimum
778 3026 814 3089 δι
853 3020 999 3090 irritum.
1100 3023 1200 3092 Ratio
1225 3014 1399 3107 disponit,
1424 3014 1477 3091 sed
1500 3015 1909 3108 divinamdisposttionem
1931 3017 2086 3092 nefarie.

245 3129 250 3137 '
363 3117 583 3192 connexionis
621 3136 713 3206 patet
760 3140 799 3187 ex
847 3113 953 3188 hmili.
1046 3121 1077 3192 Si
1126 3145 1201 3189 mu.
1226 3118 1327 3189 uiolet
1349 3119 1532 3191 &evertit
1583 3117 1727 3211 Quodsi
1749 3118 2064 3201 liberisreliuum,

364 3240 457 3291 tuane
477 3227 511 3291 &
528 3238 645 3287 mutuo
667 3216 831 3302 accipiens
854 3215 1064 3303 stipulatione
1087 3212 1200 3289 usura.
1224 3217 1307 3287 citra
1328 3211 1518 3288 consensum
1535 3239 1714 3304 parentum
1728 3220 1812 3289 inite
1828 3219 2062 3306 matrimonia,

363 3342 441 3390 rum
474 3316 612 3406 proprie
650 3310 692 3383 stc
720 3311 884 3384 diciorum
917 3339 1057 3402 peccant
1085 3339 1201 3389 contra
1225 3324 1258 3388 ὃ(
1288 3313 1350 3387 hnc
1377 3319 1505 3387 ratione
1529 3316 1569 3386 de
1598 3338 1633 3388 rt
1653 3312 1720 3411 stru
1740 3320 1884 3412 proprio
1911 3314 2062 3390 arbritio

363 3413 542 3506 septimum
551 3433 775 3500 praceptunu
796 3412 910 3499 utiquc
924 3419 1113 3487 contraitur
1127 3440 1200 3485 mu·
1224 3412 1395 3509 disponere
1408 3462 1419 3495 ,
1452 3439 1512 3485 cur
1535 3417 1569 3485 in
1594 3414 1766 3487 voluntate
1787 3419 1933 3507 patentis
1957 3416 2064 3494 relin-
2094 3481 2096 3486 ,

363 3517 414 3588 tui
430 3539 508 3586 eum
529 3510 739 3601 stipulatione
761 3506 931 3582 usurarum
951 3513 1201 3587 eil-contruditur
1226 3515 1375 3601 quitur,
1405 3539 1447 3585 an
1478 3512 1579 3584 filiam
1609 3517 1853 3604 constupratum
1880 3517 2067 3606 stupratori

363 3616 476 3686 divina
495 3611 571 3704 lege
591 3607 806 3701 prohibitus,
832 3605 1121 3699 &consequenter
1140 3636 1202 3702 per
1225 3610 1355 3685 elocare
1384 3612 1493 3691 velit?
1527 3638 1588 3684 cur
1621 3617 1787 3701 stuprator
1815 3613 1952 3704 jubetur
1971 3615 2065 3705 petri

362 3709 396 3785 se
413 3712 608 3805 illegitimus
624 3736 662 3780 ac
680 3710 802 3779 irritus.
853 3707 1024 3782 Ulteriust
1061 3713 1093 3783 Si
1115 3735 1203 3800 pre·
1226 3710 1346 3801 puellae
1363 3716 1511 3801 pendere
1530 3714 1769 3803 quinquaginta
1784 3713 1878 3786 ficlos
1905 3715 2063 3806 argenti?

363 3835 500 3900 ceptum
521 3807 677 3901 decalogi
697 3812 739 3879 de
763 3805 951 3880 obedientia
983 3811 1018 3881 in
1036 3808 1203 3884 tamnibus
1226 3836 1289 3881 cur
1305 3836 1402 3900 pater
1417 3813 1524 3899 potest
1540 3836 1656 3882 votum
1676 3809 1750 3884 filiae
1778 3811 1887 3886 facere
1905 3815 2063 3888 irritum?

231 3957 262 3966 ·-
362 3909 545 3999 prestanda
562 3906 758 3998 putentibus
782 3908 929 4000 pertinet
947 3911 988 3978 ed
1016 3934 1126 3980 mores
1151 3912 1200 3981 in·
1226 3905 1397 4010 Posterius
1418 3908 1546 3998 patebit
1571 3910 1723 3992 exiliis,
1756 3938 1828 4002 qua
1858 3909 1958 4001 paulo
1988 3912 2064 4001 post

361 4005 574 4092 formandos,
603 4008 718 4094 utique
734 4007 835 4077 etiam
857 4009 901 4077 ed
922 4004 1104 4078 liberorum
1130 4033 1201 4081 ma·
1224 4034 1264 4080 ex
1282 4018 1356 4097 jure
1378 4009 1467 4080 civili
1490 4005 1693 4082 adserentur.
1746 4017 1850 4086 Certe
1865 4009 1997 4103 legibus
2012 4011 2065 4081 ci-

361 4107 516 4178 trimonia
532 4106 690 4204 pertinet.
742 4108 843 4178 Retio
869 4108 1087 4179 corrnexr'onir
1105 4129 1199 4197 petet
1225 4106 1346 4180 vilibus
1361 4133 1514 4188 ctutum,
1538 4112 1627 4196 qnod
1655 4108 1798 4184 hliusin
1817 4113 1976 4201 potestate
2001 4099 2063 4200 ρι’·

362 4229 573 4286 tumetceu,
599 4209 689 4293 qnod
706 4203 761 4277 vel
775 4206 916 4277 maxime
931 4202 969 4275 stt
998 4227 1113 4277 contra
1137 4205 1199 4282 bo·
1222 4231 1356 4280 rentum
1379 4212 1572 4281 constitutur
1597 4233 1664 4279 non
1686 4209 1785 4297 posin
1819 4210 1904 4282 bona
1938 4234 2062 4298 paren·

360 4329 421 4377 nos
445 4328 582 4385 mores,
607 4303 729 4377 liberos
751 4302 874 4390 absque
897 4326 1073 4393 parentum
1095 4303 1198 4378 const·
1222 4328 1294 4378 tum
1316 4308 1481 4391 alienare,
1509 4307 1615 4378 multo
1640 4333 1723 4400 ergo
1754 4313 1862 4381 minus
1890 4316 1921 4379 lc
1950 4303 2064 4397 ipsum
2088 4311 2091 4318 “

359 4402 406 4475 lio
439 4414 473 4478 δι
502 4401 674 4477 voluntate
696 4406 945 4474 matrimonium
968 4405 1164 4477 contrahere
1186 4461 1195 4491 ,
1221 4429 1284 4495 per
1303 4412 1496 4497 conjugium
1515 4408 1596 4476 citra
1612 4411 1757 4500 parentis
1775 4402 1965 4480 consensum
1981 4404 2062 4480 aba·

360 4524 432 4575 tum
463 4528 503 4574 ex
526 4499 657 4592 speciali
678 4501 774 4588 hujus
799 4500 881 4593 legis
900 4501 1119 4592 explicatione
1146 4504 1196 4575 di·
1222 4504 1345 4577 lienare
1376 4508 1542 4594 poterit?
1577 4511 1614 4575 ln
1651 4507 1803 4579 civilibus
1834 4506 2062 4579 contractibus

360 4601 483 4675 vinitas
501 4602 641 4690 tradita,
667 4604 757 4687 quod
781 4607 821 4672 ad
840 4626 994 4689 parentes
1012 4597 1138 4692 spec‘tet
1156 4600 1197 4673 li.
1220 4604 1346 4693 absque
1369 4629 1545 4693 parentum
1568 4600 1724 4677 consensu
1750 4606 1834 4678 filius
1856 4604 1941 4678 nihil
1957 4629 2063 4698 agere

359 4699 449 4773 beris
472 4703 517 4772 dc
538 4701 751 4773 matrimonio
776 4695 978 4790 prospicere.
1028 4705 1196 4789 Necqua-
1221 4707 1355 4793 potest,
1385 4727 1421 4774 ut
1443 4727 1534 4791 patet
1559 4728 1598 4774 ex
1621 4708 1672 4777 tit.
1691 4713 1732 4776 dc
1757 4731 1873 4779 mutuo
1893 4709 1933 4778 ad
1957 4700 2064 4780 senat.

358 4804 434 4872 drot
456 4799 559 4871 stmile
581 4824 600 4871 a
622 4798 787 4887 baptismo
809 4803 973 4882 dudium,
996 4804 1072 4890 quia
1095 4826 1181 4888 quan
1223 4806 1354 4875 Maced.
1381 4801 1525 4894 Legibus
1540 4802 1693 4874 ciuilibus
1711 4807 1824 4877 itidem
1842 4828 1997 4885 cautum,
2015 4829 2062 4878 ne

315 4951 319 4958 -
358 4901 402 4971 clo
423 4893 524 4969 laicus
547 4922 664 4968 contra
686 4920 893 4988 preceptum
916 4897 1063 4990 episcopi
1089 4898 1197 4988 bapti·
1219 4895 1332 4973 servus
1352 4904 1457 4975 invito
1481 4904 1769 4976 dominouxorem
1790 4908 1899 4976 ducat.
1953 4911 1998 4974 At
2021 4901 2062 4975 fi·

298 5023 310 5041 ²·
356 5020 434 5082 zat,
462 4996 645 5085 baptismus
666 4998 742 5067 ideo
766 5001 1008 5086 pronunciatur
1034 5023 1131 5070 verus
1158 5025 1196 5071 ac
1219 4999 1282 5072 lius
1300 5005 1418 5089 majori
1441 5001 1572 5072 vinculo
1588 5001 1760 5075 obstrietus
1778 5007 1823 5075 cll
1841 5007 1939 5094 patri,
1957 5009 2090 5089 quam·'

357 5118 469 5176 ratus,
493 5098 570 5185 quia
589 5120 627 5167 ex
654 5093 825 5184 hypothesi
845 5098 934 5168 adest
958 5123 1037 5169 veta
1058 5101 1195 5171 materia
1218 5103 1376 5186 donuae,
1404 5104 1518 5190 quiae
1543 5124 1658 5171 natura
1684 5101 1858 5175 oblitiilus
1880 5101 1977 5184 filius,
1992 5096 2063 5173 ser·

357 5205 393 5272 oc
411 5193 522 5272 forma
537 5195 695 5271 divinitus
714 5196 881 5280 ordinata,
907 5190 963 5271 sed
982 5198 1018 5270 in
1036 5196 1195 5298 conjugio
1219 5224 1318 5276 tusa
1339 5202 1374 5277 ti
1391 5201 1568 5296 obligatus.
1620 5203 1714 5304 Quid
1736 5209 1825 5330 quod
1841 5203 2062 5333 Bellarrninpc
