4884 5984
550 472 600 528 22
967 451 1118 528 Locvs
1138 457 1262 529 xxvt.
1308 455 1467 532 cAPvT
1500 463 1543 531 X.
1594 459 1718 535 SECl‘.
1744 461 1771 529 l.

537 643 620 726 ,but
641 647 868 742 indulgendo,
893 642 948 722 sed
967 645 1005 721 stt
1027 660 1187 748 tanquam
1206 675 1273 726 non
1295 650 1356 726 ltu·
1377 648 1624 739 „solicitudinis
1654 679 1706 724 ma
1757 651 1877 736 itudo,
1909 663 2012 742 quem
2033 671 2186 730 tntum·

557 743 653 833 bens,
676 746 823 834 horest,
859 771 927 818 nou
954 748 999 820 ita
1026 751 1176 824 addictus
1200 751 1238 824 sit
1262 752 1356 824 uxori
1378 757 1552 842 „exceptis
1580 676 1776 842 parentide
1803 748 1888 822 nulli
1916 747 2056 842 sciunt,
2095 755 2179 828 uude

560 870 600 918 uc
618 843 757 936 liberis,
792 871 830 918 ut
855 865 1034 936 propterea
1062 847 1299 923 couseffionem
1320 851 1355 919 in
1377 874 1645 940 „nonnunquam
1667 844 1907 921 solicitudinem
1931 845 2035 938 ipsam
2057 851 2094 924 iu
2113 871 2179 924 tru-

561 942 790 1034 persecutionc
807 945 888 1021 velit
901 945 1061 1026 abiicere,
1085 942 1138 1019 sed
1152 944 1229 1020 sciat
1244 952 1354 1020 Deum
1379 969 1480 1034 „tum
1500 951 1667 1039 contingit
1684 949 1837 1034 extundi,
1875 968 1913 1016 ut
1937 970 2054 1020 omnes
2080 948 2176 1044 animi
2214 949 2216 958 '

561 1041 623 1114 sibi
650 1045 867 1131 adfuturum,
896 1057 931 1122 δι
955 1046 998 1119 stc
1018 1041 1176 1120 conscilio
1195 1047 1260 1118 erit
1280 1044 1498 1132 illu-,mireo
1516 1070 1676 1135 occupet,
1703 1054 1738 1118 δι
1754 1043 1908 1118 omnibus
1929 1043 2117 1135 postpofitit
2130 1039 2177 1120 so·

561 1143 670 1217 sirint.
735 1150 795 1232 ll.)
823 1151 950 1218 Bonum
973 1147 1020 1217 cst
1043 1169 1176 1218 munere
1201 1142 1356 1217 coelibcm
1381 1146 1584 1226 „lummodo
1614 1141 1760 1214 liliorum
1792 1143 1997 1215 mentionem
2027 1141 2175 1218 hubetm

468 1259 473 1266 ·
558 1243 1357 1340 proptermuioremnitaetrunquillitutem.v.28·
1381 1240 1576 1324 „Discurrir
1603 1246 1731 1312 unimus
1760 1251 1795 1314 &
1825 1260 1991 1331 vagetur,
2013 1245 2174 1332 percurrit
2202 1325 2204 1330 ,

559 1337 607 1415 Si
627 1342 790 1438 occeperis
808 1366 971 1429 uxorem,
998 1365 1064 1415 non
1084 1342 1242 1442 peccasti,
1272 1334 1313 1413 &
1327 1340 1359 1437 st
1381 1367 1504 1425 „mare
1527 1355 1560 1414 ut
1583 1342 1734 1418 aridum,
1775 1337 1822 1410 nil
1847 1341 2062 1430 inexpertum
2085 1339 2177 1412 reliu-

567 1438 717 1536 nnpserit
734 1442 850 1533 virgo,
873 1466 939 1514 non
958 1443 1135 1535 peccavit3
1163 1437 1359 1514 tribulatio·
1383 1442 1508 1527 ,‚quit,
1534 1436 1834 1529 plurimumque&
1851 1433 2177 1526 corpuctuiserorum

559 1561 636 1611 nem
654 1549 763 1609 tumen
782 1541 911 1625 curnis,
929 1537 983 1614 vel
999 1544 1033 1612 in
1051 1564 1170 1627 carne,
1194 1534 1360 1610 habebunt
1383 1559 1593 1627 „parentum
1616 1531 1745 1607 diverso
1764 1533 1878 1607 labore
1898 1536 2074 1624 atteritur,
2100 1531 2181 1610 utfi-

562 1635 779 1718 lnn'usmodi,
808 1660 870 1730 ego
891 1649 1000 1709 antem
1017 1637 1112 1712 vobit
1130 1657 1247 1733 porco.
1298 1639 1361 1706 Pet
1385 1635 1468 1720 „liis
1482 1627 2179 1730 pecunia&poss'effiorclinquatunQum·

560 1728 693 1830 θλίψιν
719 1732 877 1826 iutelligit
899 1735 1290 1823 aposlolusmultiplicet
1308 1755 1361 1803 ce·
1386 1755 1487 1818 „tum
1513 1753 1624 1805 autern
1652 1751 1748 1819 putas
1770 1731 1940 1802 anxietatis
1966 1733 2066 1804 adiici
2088 1735 2180 1808 etiam

560 1829 724 1926 lamimres
753 1844 789 1907 δι
808 1831 1041 1912 edveriitrtci,
1061 1857 1134 1923 quae
1154 1835 1188 1902 in
1205 1830 1363 1921 coniugio
1387 1831 1517 1914 „bonis
1548 1828 1740 1918 parentibus
1771 1838 1805 1901 δι
1828 1831 1970 1901 maxime
1998 1829 2181 1912 matribus.

562 1925 667 2002 solent
688 1928 812 2014 obiici,
838 1931 949 2022 quales
968 1927 1041 2002 sunt
1061 1930 1217 2002 molestie
1240 1951 1277 1999 ac
1302 1931 1365 1998 do·
1388 1954 1492 2016 „que
1509 1930 1628 1998 maiori
1641 1931 1728 1998 circa
1744 1922 1827 1996 filios
1847 1921 1953 1998 solent
1969 1925 2105 2004 auteur
2117 1951 2183 2002 mo·
2197 1961 2203 1972 ··

563 2025 650 2101 lorcs
674 2053 789 2117 partus
814 2032 850 2100 in
870 2052 999 2107 uxore,
1030 2023 1164 2100 sudores
1188 2025 1309 2097 laboris
1329 2026 1363 2092 in
1387 2073 1412 2107 „
1422 2028 1600 2112 veritum
1619 2028 1732 2096 vident
1742 2027 1844 2095 vitam
1863 2022 2010 2099 filiorum
2027 2031 2182 2102 virtutum

561 2129 703 2206 merito,
729 2129 861 2214 utrique
876 2128 1060 2198 communis
1080 2124 1262 2196 liberorum
1283 2123 1364 2192 edu·
1388 2171 1412 2203 „
1421 2125 1552 2194 tramite
1579 2122 1697 2193 relicto
1726 2125 1841 2212 vugrri
1871 2148 1934 2211 per
1963 2129 2064 2199 deria
2089 2129 2184 2200 ‘ritio-

564 2225 679 2304 cutio,
714 2221 845 2294 fomiliae
870 2221 1092 2314 gubernatio,
1125 2224 1172 2292 rei
1195 2218 1364 2291 familiaris
1388 2246 1514 2303 ‚,rum,
1539 2244 1614 2291 cum
1631 2218 1852 2292 diverfisillos
1872 2219 2102 2298 adficivideut
2115 2219 2183 2298 cor·

564 2315 736 2406 edq'uifitiu
759 2330 795 2394 δι
815 2317 1095 2394 conservatione.
1123 2318 1164 2390 ab
1182 2316 1246 2388 illis
1259 2317 1366 2388 omni·
1388 2341 1541 2408 „porum
1558 2314 1829 2405 infirmitatibus,
1856 2344 1933 2391 cum
1948 2324 2103 2411 ,denique
2121 2344 2183 2396 uu·

565 2414 628 2488 bus
651 2416 774 2488 coeleba
793 2414 880 2488 liber
903 2420 973 2496 est,
1009 2442 1048 2488 uc
1073 2418 1215 2506 proinde
1241 2415 1366 2486 maiore
1389 2417 1495 2496 „dem
1517 2417 1558 2486 ud
1581 2419 1696 2486 mortis
1718 2418 1832 2488 vident
1857 2418 2033 2492 inreritum
2058 2419 2183 2496 deveri-

568 2513 806 2604 tranquillitate
825 2509 961 2588 fruitur.
1010 2518 1066 2585 De
1085 2513 1136 2585 his
1155 2515 1251 2584 coniu
1281 2512 1299 2527 '¹
1316 2512 1366 2581 in·
1390 2532 1477 2598 „ret
1497 2567 1518 2597 ,‚
1569 2517 1650 2586 Hac
1668 2515 1778 2585 omnia
1797 2539 1875 2588 vere
1890 2519 2051 2591 dicuntur
2063 2523 2105 2592 de
2117 2541 2184 2592 cou-

535 2691 550 2702 „
567 2613 753 2684 commodis
791 2609 953 2701 graphice
992 2612 1211 2702 depingendis
1237 2536 1366 2680 lilium
1388 2612 1473 2702 jugii
1489 2613 1708 2684 incommodis
1730 2613 1802 2701 poll
1821 2609 1971 2704 lapsum,
1992 2643 2035 2690 ac
2054 2615 2184 2712 proinde

566 2706 776 2779 Bernhardus
806 2712 902 2781 trust.
937 2710 979 2780 de
1010 2705 1088 2798 pull.
1119 2707 1257 2780 Domini
1288 2729 1360 2793 cap.
1389 2711 1534 2797 quisquis
1554 2713 1644 2782 dono
1662 2711 1849 2782 retinentia
1866 2713 2183 2790 instruamcoelibt·

569 2801 679 2877 XXX.
701 2805 887 2891 col.1634.
936 2809 1047 2885 „Tria
1061 2804 1207 2900 (inquit)
1226 2797 1363 2897 suntin-
1387 2829 1458 2876 tum
1480 2804 1598 2899 eligit,
1639 2828 1675 2877 ut
1701 2807 1742 2877 ab
1764 2804 1828 2878 illis
1853 2812 2081 2888 incommodis
2109 2811 2184 2886 libet

340 2984 342 2987 ¹
566 2905 771 2987 „commodo
789 2903 823 2972 in
843 2898 997 2991 praesenti
1017 2905 1085 2976 nite
1099 2906 1133 2974 in
1156 2901 1362 2991 coniugatis,
1388 2905 1512 2979 maiore
1536 2903 1775 2994 tranquillitate
1794 2902 1942 2996 fruatur,
1969 2913 1997 2982 is
2024 2937 2096 2986 uun
2117 2927 2184 3006 peti

428 3001 432 3006 ’
563 3019 823 3090 „propterquae
844 3002 977 3072 vitanda
993 3000 1163 3092 virginalis
1178 2999 1364 3069 caninaest
1389 3021 1453 3073 cat.
1502 3003 1630 3071 Etenim
1665 2999 1861 3078 ticonium
1887 3007 1940 3082 vel
1971 3001 2183 3084 infideliter!

568 3099 794 3185 „atpuendn
851 3093 1020 3169 Prusenris
1051 3099 1126 3167 virae
1154 3098 1364 3168 incommoda
1389 3099 1496 3168 minus
1519 3093 1675 3170 studiosus
1699 3102 1832 3186 pietatis
1857 3108 2060 3200 contingat,
2091 3103 2184 3180 mulu

566 3195 662 3279 „duo
681 3193 840 3265 habemus
860 3218 899 3265 cx
913 3193 1164 3272 maledimione,
1186 3216 1259 3279 quae
1278 3187 1364 3261 infli-
1388 3189 1472 3282 saepc
1499 3195 1533 3266 in
1555 3193 1612 3266 tali
1629 3194 1785 3285 inaquali
1809 3204 1967 3294 coniugio
1992 3226 2095 3278 erunt
2109 3197 2184 3276 tiu·

523 3351 532 3362 .
563 3294 647 3378 „stu
667 3289 730 3363 suit
750 3294 865 3379 prime
894 3293 1024 3379 putenti
1047 3291 1165 3360 nostrae
1190 3293 1266 3360 Evae
1291 3288 1365 3376 post
1389 3290 1573 3371 mulanda‚
1600 3318 1637 3362 uc
1664 3291 1872 3386 litoniugati
1894 3301 1955 3371 sint
1973 3302 2182 3388 infirmiores,

562 3384 886 3482 „transgrelstunem
907 3389 1059 3475 peccati,
1088 3391 1155 3458 Eva
1175 3388 1266 3457 enim
1283 3389 1364 3457 dur·
1390 3385 1472 3475 saepe
1500 3389 1564 3460 illis
1594 3387 1845 3465 difficultatibus
1877 3394 2121 3482 succumbunt,
2154 3416 2182 3471 ut

562 3483 682 3569 „bns,
714 3491 821 3557 Adam
850 3489 905 3555 uni
932 3484 1154 3556 maledidiuni
1187 3481 1361 3554 subiacuit.
1389 3483 1481 3574 lapsu
1503 3487 1614 3572 aliquo
1632 3511 1937 3584 preoccupentur,
1967 3523 2046 3571 cum
2066 3500 2102 3571 iu
2120 3519 2183 3571 cru·

560 3585 843 3668 „Maledictioncs
867 3588 941 3652 Evae
962 3591 996 3653 δι
1012 3575 1191 3669 peripsum
1210 3581 1360 3651 omnium
1385 3606 1422 3653 ce
1455 3581 1590 3656 serenda
1621 3582 1705 3674 saepe
1736 3589 1812 3676 plus
1844 3593 1954 3666 doleat
1982 3598 2121 3669 maritus
2145 3615 2182 3669 tt

562 3680 773 3766 „mulierum
798 3698 977 3765 nuptarum
991 3680 1062 3748 duae
1083 3673 1155 3748 sunt
1173 3679 1206 3748 in
1219 3673 1361 3766 praeseu-
1383 3681 1607 3775 συμπαθείᾳ
1631 3708 1712 3775 ergo
1738 3713 1875 3762 uxorem
1893 3702 1929 3765 &
1954 3693 2080 3767 liberos
2097 3715 2182 3783 qum

560 3777 618 3861 „ti
638 3770 818 3866 expresse,
852 3771 973 3846 scilicet
993 3778 1082 3863 quod
1109 3778 1142 3844 in
1165 3774 1280 3847 dolore
1303 3797 1362 3862 pu·
1385 3801 1422 3846 ex
1437 3775 1506 3864 ipso
1517 3781 1712 3851 calamitatis
1732 3780 1837 3858 sensu.
1889 3791 1961 3887 Qui
1980 3795 2184 3866 veroincou·

561 3873 681 3955 „riant
705 3874 851 3956 liberos,
879 3884 913 3946 δι
945 3869 1003 3942 sub
1026 3874 1183 3963 potestate
1210 3873 1360 3943 virorum
1383 3877 1477 3967 jugiu
1501 3877 1609 3959 vivit,
1638 3878 1691 3949 vel
1719 3881 1941 3958 neceffitatem
1967 3890 2106 3963 ineundi
2127 3913 2184 3962 me·

560 3965 663 4060 „fine
714 3972 800 4064 Quis
824 3982 858 4044 ot
879 3993 1018 4058 quantus
1048 3970 1144 4041 dolor
1171 3967 1208 4038 stt
1229 3973 1361 4058 parien·
1386 3977 1536 4044 trimonii
1550 3976 1591 4043 ab
1608 3978 1790 4049 ustionibus
1810 3980 1867 4053 stbi
1889 3986 1981 4057 iniici
2003 3985 2183 4069 sentinuou

561 4070 674 4156 „tium
692 4067 898 4152 mulierum,
925 4066 1034 4137 nullus
1056 4067 1229 4138 hominum
1247 4070 1359 4151 novit,
1385 4067 1588 4158 despondent
1609 4080 1756 4146 animum
1779 4102 1918 4170 propter
1933 4084 1991 4156 illa
2009 4089 2183 4160 iucommu-

562 4162 649 4257 „nist
671 4191 743 4252 quac
763 4187 906 4251 expertae
927 4160 1001 4236 suut
1021 4172 1086 4237 &c
1115 4162 1199 4233 hanc
1224 4165 1360 4235 maledi·
1385 4172 1425 4237 da
1472 4165 1523 4238 sed
1543 4171 1703 4244 maiorem
1728 4174 1846 4250 hubert
1866 4182 2033 4256 rationem
2057 4187 2181 4258 interna

561 4267 740 4355 „itionem
754 4266 896 4334 evadunt
915 4265 1079 4354 virgines,
1100 4264 1245 4334 eredunt
1260 4267 1359 4333 etium
1385 4261 1613 4350 conscientie,
1638 4293 1737 4355 quam
1759 4278 2008 4363 tranquillitatis
2033 4281 2121 4354 illius
2136 4307 2182 4356 ex.
2213 4307 2215 4348 ι

563 4361 859 4454 „maledictionem
889 4356 1088 4437 secundnm,
1125 4354 1247 4432 scilicet
1269 4364 1361 4447 quod
1386 4384 1497 4447 terna,
1521 4363 1558 4434 lit
1579 4377 1738 4460 tanquam
1753 4395 1817 4442 non
1828 4376 1937 4466 slent,
1967 4403 2002 4450 ut
2023 4380 2178 4470 aposlolus
2213 4439 2216 4462 ,

563 4457 655 4556 „sub
677 4461 738 4528 viri
755 4460 899 4529 mortalis
918 4461 1110 4545 potestatem
1128 4481 1193 4526 non
1214 4455 1360 4531 sontum.
1386 4459 1551 4547 loquitur,
1579 4462 1644 4533 huc
1668 4469 1713 4536 est
1734 4496 1799 4541 nun
1823 4476 1963 4547 nimium
1985 4476 2030 4550 ob
2048 4478 2103 4550 ille
2120 4503 2179 4552 mt-
2212 4469 2216 4566 l

564 4559 711 4645 „Tertio
728 4552 819 4628 causo
834 4561 1026 4644 adpetenda:
1042 4557 1238 4645 virginitatis
1252 4558 1362 4626 estca-
1386 4554 1417 4627 lu
1431 4563 1660 4641 contristetur,
1687 4562 1740 4636 sed
1763 4567 1864 4660 sciat,
1891 4578 2002 4646 Deum
2026 4580 2088 4664 piis
2112 4601 2180 4647 con.

440 4717 450 4731 ,
564 4662 700 4749 „tentia
722 4655 955 4738 multiplicium
977 4656 1193 4729 anxietatum,
1221 4675 1292 4739 que
1315 4656 1365 4723 in·
1386 4657 1519 4746 jugibus
1543 4655 1598 4727 suo
1621 4663 1741 4733 auxilio
1767 4665 1896 4748 adelse,
1929 4697 1966 4742 ut
1988 4674 2040 4744 hx
2058 4676 2180 4745 calmi.

563 4753 783 4846 „errabiliter
805 4751 943 4820 habetur
963 4754 1050 4820 circu
1072 4774 1190 4836 pucros
1214 4754 1364 4821 nutrien-
1389 4775 1469 4823 tates
1492 4755 1551 4826 sint
1567 4764 1720 4831 exercitio
1739 4768 1927 4850 patientiae,
1952 4773 2178 4852 invocationis,
2213 4819 2215 4866 γ

559 4859 666 4941 ·„dns.
723 4851 856 4942 Quanta
873 4847 910 4918 lit
927 4850 993 4919 haec
1011 4852 1171 4924 anxietas,
1190 4842 1247 4916 suli
1263 4873 1362 4918 nove·
1388 4853 1588 4937 diledhunis,
1616 4852 1740 4930 fiuunae
1755 4875 1820 4935 &n
1847 4867 1950 4935 tultus
1972 4871 2069 4940 lonas
2082 4874 2114 4942 in
2131 4871 2181 4942 de.

567 4981 636 5040 „re
661 4971 820 5036 parentes.
872 4952 1056 5017 Secundum
1076 4970 1222 5015 umorum
1245 4950 1363 5032 enim,
1389 4944 1467 5017 sens.
1494 4957 1628 5040 coniug.
1660 4950 1781 5032 sacerd.
1808 4967 1882 5033 adv.
1909 4965 2077 5040 Fabrnm:
2116 4961 2182 5068 Nisi
2214 4985 2216 5000 ²

566 5079 665 5144 „qno
695 5044 891 5123 adficiuntur
919 5048 1006 5117 circa
1033 5040 1147 5125 filios,
1175 5046 1364 5119 extenditur
1389 5071 1437 5118 me
1455 5043 1562 5145 ipsunt
1585 5050 1793 5147 conscientie
1807 5062 1995 5156 periculum
2024 5064 2182 5162 rnoniffit,
2214 5077 2216 5128 ῑ

2106 5165 2187 5262 sotis
