4884 5984
414 486 490 564 rto
558 475 846 552 tocutxxut
890 479 1048 554 cuttu.
1101 481 1279 553 utnon.
1299 482 1341 553 u.
1394 477 1573 551 tarn:
1612 440 1989 598 insistent.

425 665 950 745 teutloeonnabtrtarbinator.
965 672 1214 761 Sedqurntoio·
1238 686 1321 743 ture
1341 670 1474 764 legem,
1499 665 1554 742 sed
1579 670 1739 742 duntaxat
1758 668 1922 762 explieat,
1947 667 2034 744 &in
2082 657 2085 738 'z

390 813 397 820 -
425 765 564 840 tertullo
580 769 649 839 hee
665 775 805 841 itaricern
819 775 959 855 distent,
989 776 1143 861 ignorare
1159 794 1217 840 ne·
1239 791 1333 841 certo
1347 792 1385 842 ae
1398 764 1529 855 speciali
1547 769 1690 854 quodam
1705 760 1780 838 taso
1798 770 1952 840 eamdem
1969 789 2035 837 am·

306 887 318 898 “
426 865 516 954 quit,
548 870 602 953 qni
633 872 751 946 norit,
777 893 936 954 quantum
965 872 1060 939 distet
1087 871 1122 938 io
1146 865 1217 938 tliia
1240 866 1343 956 pliat,
1363 870 1452 952 quod
1468 864 1549 934 nulli
1571 864 1744 933 hominum
1760 864 1794 934 in
1811 888 1891 937 nov.
1909 863 1983 934 tell.
1998 858 2036 932 li·

426 963 526 1034 etiam
548 965 785 1049 ..questionibus
813 971 973 1054 judicium
1002 961 1166 1054 pontificio
1197 989 1216 1035 a
1240 968 1355 1037 cirum.
1406 969 1544 1047 Semper
1571 962 1675 1051 igitur
1693 958 1757 1029 hoc
1779 983 1941 1052 urgemur
1961 961 2038 1030 eoo.

422 1062 550 1148 iudicio
574 1065 687 1132 divino
716 1066 750 1133 io
779 1061 874 1152 l'pcris
903 1067 1006 1135 literis
1033 1060 1215 1153 proposito.
1242 1081 1292 1132 tra
1310 1059 1562 1133 Bellarminum:
1590 1054 1703 1156 Potest
1719 1051 1813 1131 Deru
1832 1059 1869 1130 ia
1886 1054 2036 1129 omnbus

422 1153 573 1231 ,Confert
599 1157 731 1248 insuper
761 1160 913 1243 emisam,
949 1185 1091 1249 propter
1118 1185 1218 1248 quam
1242 1157 1406 1253 gradibus
1432 1159 1468 1230 in
1494 1151 1648 1227 Levitico
1669 1153 1853 1251 prohibitis
1869 1151 2036 1252 dispenso·

326 1288 330 1294 ·
425 1255 522 1329 Deus
551 1261 584 1328 in
607 1280 668 1327 oet
704 1261 894 1332 testamento
924 1257 1071 1330 fintriam
1098 1262 1220 1330 ducere
1243 1282 1305 1341 re,
1336 1252 1377 1330 &
1410 1264 1519 1328 tomen
1549 1254 1686 1348 quidam
1712 1252 1849 1326 exiliis
1875 1249 2037 1351 grodihtu

425 1355 695 1426 mandauit-cum
716 1354 896 1444 similibus,
921 1359 974 1428 vel
996 1362 1095 1428 etiam
1119 1364 1221 1442 maio-
1238 1353 1321 1453 suni
1349 1357 1425 1449 jore
1459 1351 1614 1424 naturali
1639 1347 1828 1446 prohibiti,
1861 1377 1935 1439 quae
1969 1347 2037 1422 snut

425 1453 478 1523 ris
496 1454 655 1524 momenti
669 1455 787 1532 caulis,
816 1456 861 1524 ob
882 1480 961 1542 quar
978 1458 1065 1525 idem
1088 1456 1124 1523 io
1143 1478 1221 1524 nor.
1247 1452 1345 1540 ipsius
1359 1451 1547 1524 Bellarmini
1566 1444 1770 1537 hypotheses.
1824 1454 1914 1541 Ergo
1933 1473 1975 1520 ex
1992 1449 2039 1520 di·

434 1550 507 1620 tesl.
524 1548 658 1620 licitum
680 1548 752 1623 fieri
773 1549 895 1641 poffit,
921 1578 997 1625 cum
1019 1551 1112 1624 nulla'
1127 1575 1233 1627 ercos
1249 1547 1450 1639 spensatione
1479 1550 1530 1619 vel
1553 1550 1748 1637 exceptione
1765 1541 1898 1636 speciali
1917 1569 2039 1633 nequa·

426 1648 533 1736 ,gitari
552 1644 648 1736 poffit
671 1644 790 1729 causa,
813 1643 889 1737 'que
908 1675 985 1720 turn
1009 1654 1122 1739 priore
1144 1673 1224 1718 con·
1248 1675 1345 1737 quom
1369 1646 1594 1737 colligendum
1621 1647 1693 1723 est,
1724 1641 1828 1732 ipsam
1851 1643 2041 1737 generalem
2081 1647 2085 1780 1

432 1741 639 1830 ferriqueat.
657 1746 798 1817 Christo
812 1751 899 1818 enim
914 1757 980 1835 jorn
994 1747 1227 1818 exhibitocau·
1250 1746 1511 1836 prohibitionem
1530 1767 1595 1813 non
1617 1746 1785 1830 pertinere
1799 1746 1848 1813 ad
1874 1750 1927 1830 jnr
1952 1763 2042 1813 natu·
2083 1789 2085 1828 2

436 1838 574 1932 selegit
587 1837 736 1914 Moluicae
753 1849 882 1932 penitus
904 1843 1099 1934 exspiravit,
1121 1839 1227 1913 subla·
1250 1870 1306 1915 rae.
1366 1846 1429 1914 Sed
1456 1844 1581 1931 regerit
1599 1838 1839 1922 Echionium,
1862 1845 1950 1929 lli.)
1967 1840 2042 1921 „di-
2083 1847 2085 1890 ⁴

437 1960 470 2009 ta
488 1966 555 2010 non
579 1934 681 2009 sulum
703 1942 848 2012 tribuum
877 1952 912 2015 dc
939 1939 1136 2012 sonziliurnm
1168 1942 1225 2029 ju·
1251 1935 1519 2029 „spensatinnem
1537 1963 1602 2008 tion
1623 1934 1686 2010 esl'e
1711 1938 1848 2030 legem,
1872 1963 1936 2012 uec
1953 1937 2043 2028 jube·
2082 1899 2085 1986 l

430 2039 605 2108 -daicarum
623 2042 849 2122 dillinclione,
864 2037 916 2109 sed
933 2045 1031 2109 etiam
1048 2042 1162 2111 diruto
1179 2043 1227 2107 in·
1253 2064 1320 2127 „re
1344 2037 1467 2122 aliquid
1492 2034 1583 2112 fieri,
1609 2031 1663 2107 sed
1683 2058 1812 2107 tantum
1830 2033 1949 2110 tollere
1962 2033 2043 2108 ohli-
2082 2035 2085 2130 l

439 2156 490 2205 ter
507 2138 639 2223 rodon
654 2146 687 2206 tt
706 2161 820 2224 gentes
839 2137 987 2208 moceria
1011 2136 1095 2226 Epir.
1114 2135 1157 2206 ll.
1176 2161 1228 2221 ¹4·
1253 2192 1274 2223 ,‚
1284 2137 1451 2226 gerionem
1471 2133 1554 2222 legis
1571 2137 1603 2202 in
1624 2132 1735 2219 aliquo
1749 2133 1943 2233 particulari
1955 2127 2043 2214 casu,
2084 2133 2085 2142 ’

433 2256 522 2322 ergo
541 2257 602 2303 nec
617 2234 745 2318 pietatis
761 2237 795 2303 in
819 2233 954 2306 fratrem
980 2259 1155 2324 protextu,
1170 2256 1231 2304 nec
1254 2244 1319 2317 „de
1340 2234 1533 2318 permittere
1551 2230 1639 2300 secus
1653 2226 1746 2310 fieri,
1768 2256 1867 2318 quum
1882 2232 1942 2305 'let
1964 2231 2044 2322 prr»
2082 2229 2085 2246 ‘

341 2379 345 2388 -
435 2354 653 2402 externorum
683 2335 935 2428 commodorum
963 2336 1083 2403 intuitu
1110 2335 1232 2403 ducere
1257 2332 1400 2420 „cipiet
1466 2335 1501 2396 ln
1530 2331 1794 2400 Deuteronomio
1817 2353 1929 2400 autem
1952 2327 2046 2420 plene
2073 2377 2079 2398 .

367 2427 374 2446 “
410 2479 414 2486 ·
434 2429 613 2517 ,quitqmn
628 2429 840 2513 poterim-uel
854 2433 995 2500 ducendi
1011 2433 1149 2516 potestat
1164 2429 1232 2498 cui·
1258 2430 1380 2512 „stetui
1399 2427 1508 2515 legem
1521 2415 1710 2512 jubenteni,
1736 2449 1772 2496 ot
1789 2423 1897 2500 frater·
1909 2451 2056 2510 uxorem·

444 2549 541 2610 quom
560 2521 665 2606 heri,
700 2547 813 2596 contra
835 2523 1012 2614 expressam
1037 2528 1127 2597 illum
1152 2530 1232 2610 juris
1256 2576 1279 2608 „
1288 2524 1398 2595 fratris
1416 2525 1580 2592 demortui
1597 2527 1714 2611 ducat,
1744 2534 1778 2596 dt
1798 2521 1930 2612 poenam
1948 2523 2047 2597 mani

437 2619 599 2695 rututnlir
625 2621 889 2707 prohibitionem
917 2627 959 2694 de
990 2648 1056 2696 nou
1084 2628 1233 2694 ducenda
1256 2618 1424 2713 „greli'ori
1456 2622 1709 2707 irrogantem„
1771 2619 1872 2717 Resp.
1902 2623 2047 2709 quamrir'

438 2715 558 2794 fratria
568 2722 650 2788 ¹lev.
666 2717 796 2789 XVlll.
817 2731 868 2792 16.
887 2723 939 2790 cui
956 2748 1022 2793 non
1039 2722 1145 2810 potest
1158 2717 1233 2798 alia.
1258 2722 1308 2793 lex
1341 2715 1485 2807 specialis
1517 2727 1551 2790 dt
1583 2714 1777 2806 dispensatio
1797 2723 1831 2790 in
1853 2719 2046 2806 quibusdam

441 2837 545 2902 ‚quam
556 2816 673 2886 divina
694 2811 929 2905 dispensatione
952 2820 1118 2911 derogari.
1186 2827 1234 2901 3.)
1258 2820 1528 2906 distinguuntur,
1569 2817 1601 2886 in
1621 2840 1661 2887 eo
1684 2839 1794 2888 tamen
1824 2821 2048 2898 conveniunu

442 2907 634 2990 Fortunat
661 2911 902 3010 consequentior.
968 2921 1047 2988 Non
1072 2920 1161 2988 enim
1187 2908 1236 2985 se·
1257 2920 1346 3005 quod
1364 2915 1443 3003 legis
1465 2914 1628 3003 generalis
1648 2914 1844 3007 obligationi
1864 2913 2048 3010 derogent}

440 3015 583 3099 quom,
611 3015 700 3083 Deus
719 3011 802 3084 huie
829 3011 896 3103 legi
920 3017 962 3085 de
994 3041 1059 3087 nun
1087 3016 1235 3084 ducenda
1259 3014 1399 3105 proinde
1410 3033 1446 3081 ut
1460 3037 1498 3082 ex
1513 3006 1751 3100 dispensatione
1766 3039 1785 3083 a
1799 3018 1886 3090 Deo,
1902 3013 1988 3110 legis
1999 3021 2051 3087 aui

447 3134 552 3182 uxore
573 3106 684 3180 fratris
700 3114 928 3199 exceptionem
943 3112 1084 3199 aliquam
1100 3116 1236 3182 addidit.
1262 3115 1354 3182 dtore
1381 3131 1428 3176 ae.
1444 3104 1572 3178 sutnmo
1588 3110 1801 3191 nomotheta,
1820 3111 1974 3200 profesta
1989 3137 2051 3186 noo

445 3203 606 3296 Ergoola
626 3230 692 3277 non
707 3209 753 3277 est
768 3207 922 3278 naturalis
932 3211 1044 3295 primi,
1060 3208 1111 3278 vel
1126 3204 1238 3279 secun·
1261 3210 1367 3297 potest
1386 3202 1522 3286 inserti,
1546 3204 1681 3296 legem,
1716 3213 1803 3279 circat
1822 3236 1920 3295 quom
1947 3211 1985 3284 fit
2007 3211 2071 3282 di·-

389 3303 392 3308 ’
447 3305 488 3375 di
507 3305 650 3382 ordinis,
675 3300 727 3375 sed
750 3327 876 3375 tantum
895 3310 1002 3385 tertii,
1028 3305 1061 3375 id
1087 3308 1158 3388 est,
1184 3332 1237 3376 eo·
1265 3298 1445 3391 sponsorio,
1468 3304 1549 3389 juris
1565 3330 1630 3375 non
1651 3304 1905 3392 theanensis,
1932 3313 1978 3381 ita
1996 3333 2053 3381 uec

450 3426 528 3471 rum
547 3424 679 3486 rerum,
706 3425 778 3488 qur
806 3398 878 3472 sunt
901 3403 994 3473 male
1021 3403 1064 3475 ob
1086 3398 1241 3476 extrinse-
1264 3430 1303 3474 ex
1326 3400 1454 3487 spetiali
1473 3401 1548 3490 lege
1570 3406 1745 3474 abeodem
1765 3406 1956 3478 nomotheta
1979 3431 2056 3495 pro·

452 3522 525 3576 ram
541 3496 683 3585 aliquam
699 3501 1044 3590 turpitudinem,th
1062 3503 1166 3592 potest
1179 3500 1242 3571 tol·
1266 3499 1412 3589 mulgata
1442 3501 1530 3568 idem
1556 3498 1674 3573 inferri
1697 3505 1835 3590 poterit.
1885 3501 2057 3594 Viciffim,

451 3593 480 3667 li
507 3621 568 3685 per
586 3592 727 3683 aliquam
755 3600 1048 3684 circumstantiam,
1072 3598 1116 3670 ob
1140 3601 1243 3687 pieta·
1268 3621 1303 3669 ut
1331 3594 1526 3684 dispensatio
1555 3600 1642 3669 circa
1671 3597 1782 3690 legem
1809 3605 1993 3674 naturalem
2019 3605 2058 3675 ad

457 3715 523 3766 tem
538 3690 882 3775 scilicet-insratrem,
903 3706 995 3785 eujus
1011 3696 1156 3769 honestas
1175 3699 1242 3767 vin·
1267 3693 1430 3767 summum
1445 3693 1670 3766 nomothetam
1689 3693 1894 3770 solummodo
1914 3697 2058 3787 spestat,

457 3812 509 3864 eor
529 3792 673 3876 priorem
699 3794 965 3883 turpitudinem,
991 3805 1026 3867 dt
1050 3822 1110 3883 per
1130 3791 1244 3865 conse·
1266 3797 1312 3864 ita
1334 3816 1463 3878 quoque
1486 3796 1525 3862 ad
1547 3801 1700 3865 eumdem
1722 3798 1866 3884 pertinet
1887 3800 1972 3890 legis
1992 3797 2063 3889 spe·

453 3912 560 3973 quens
578 3884 622 3955 ob
638 3886 773 3960 fimilrm
787 3892 946 3961 rationem
968 3892 1032 3963 tale
1053 3895 1244 3981 conjugium
1268 3889 1358 3962 cialis
1371 3890 1521 3980 generali
1533 3895 1721 3982 derogantis
1733 3898 1968 3992 promulgatio.
1979 3902 2063 3990 Pon·

455 3982 624 4067 hodieque
653 3986 715 4053 erit
731 3984 873 4058 licitum.
939 3994 1026 4061 Nam
1053 3992 1246 4078 conjugium
1271 3986 1365 4060 tificit
1380 3991 1524 4058 Romani
1539 3990 1645 4059 nullas
1658 3993 1710 4059 hic
1723 3989 1929 4082 agnoscimus
1942 4003 2065 4084 parter.

461 4103 536 4159 cum
553 4078 714 4152 hertinio
736 4077 767 4153 se
783 4109 820 4153 ac
834 4082 1006 4157 intrinsece
1023 4109 1112 4158 extra
1138 4082 1246 4157 calum
1272 4082 1399 4156 nullum
1415 4093 1484 4169 jus,
1507 4092 1699 4172 potestatem
1717 4089 1861 4175 nullam,
1887 4096 1939 4162 cui
1955 4117 2065 4165 mmea

460 4179 572 4250 divino
587 4177 665 4269 lege
680 4175 814 4265 speciali
831 4207 1004 4271 exceptum
1030 4189 1077 4255 est
1091 4196 1123 4257 dt
1139 4204 1248 4254 manet
1274 4186 1368 4253 unice
1387 4205 1504 4252 cavere
1524 4182 1586 4254 hac
1609 4182 1829 4259 dillertatiooe
1849 4190 2066 4264 Bellarminua

461 4277 611 4362 nuloio,
634 4277 785 4351 illicitum
809 4291 846 4354 dt
873 4284 1011 4352 naturali
1034 4283 1100 4373 legi
1125 4306 1251 4371 repug·
1274 4280 1389 4351 voluit
1441 4278 1518 4375 Ν.)
1538 4286 1687 4353 Tandem
1718 4290 1848 4370 penitus
1872 4312 1973 4378 neget
1996 4287 2066 4360 Bel-

462 4401 558 4456 uuor,
580 4377 656 4461 quia
674 4380 761 4447 enim
779 4382 912 4449 inuritur
937 4391 970 4452 δι
994 4406 1074 4451 uxor
1090 4404 1150 4467 per
1169 4403 1249 4449 con·
1273 4376 1448 4466 larminut,
1478 4378 1618 4469 „legem
1633 4386 1731 4451 Dent.
1750 4381 1865 4458 XXV.
1887 4383 1951 4464 elie
1974 4411 2069 4458 exee-

462 4472 689 4563 jugiumfiunt
705 4499 876 4563 unacurt,
899 4480 973 4548 ideo
984 4480 1040 4550 lex
1056 4502 1178 4547 torturae
1191 4479 1250 4547 du·
1274 4477 1455 4563 „ptionem
1474 4483 1648 4562 quamdam
1668 4475 1749 4569 legis
1770 4482 1803 4551 in
1823 4485 1972 4558 Levitico
1993 4506 2067 4575 cap.

464 4594 517 4639 ret
536 4571 648 4646 harri,
674 4575 731 4655 qui
750 4571 920 4643 elisratrir
938 4572 1085 4645 defundi
1101 4597 1176 4644 caro
1189 4597 1252 4659 per
1276 4569 1436 4656 „xviri
1448 4572 1533 4645 latae.
1585 4579 1673 4645 Nam
1695 4583 1922 4668 exceptionem
1945 4585 2071 4656 addere

461 4666 805 4762 rorasongninitoiem,
830 4672 1054 4742 abstinendum
1072 4668 1135 4742 eise
1148 4668 1190 4740 ab
1201 4696 1253 4749 ea,
1278 4670 1381 4756 „past
1404 4668 1517 4758 legem
1552 4674 1720 4743 conditam
1736 4689 1815 4770 ,εει
1840 4679 1983 4752 nimime
2005 4677 2071 4752 alia

468 4790 540 4846 qnu
562 4763 755 4839 cumfratre
767 4765 858 4838 -faeta
872 4771 919 4837 est
938 4795 1002 4839 nna
1023 4793 1097 4840 coro
1116 4791 1178 4855 per
1198 4791 1255 4840 eo·
1278 4788 1458 4852 „tempore
1477 4776 1512 4840 dt
1531 4766 1605 4841 loeo
1624 4775 1751 4843 nonest
1773 4778 1862 4856 Dei,
1883 4781 1940 4863 qui
1960 4777 2073 4852 omnia

465 4862 616 4948 pulum,
649 4873 690 4935 dt
719 4859 953 4948 <prosequenter
980 4863 1063 4938 sadra
1091 4868 1138 4937 est
1167 4863 1257 4935 illios
1279 4870 1422 4944 „novin
1447 4860 1502 4934 sed
1529 4865 1729 4949 hominum,
1760 4877 1816 4960 qui
1840 4877 2073 4962 experimenta

463 4962 567 5036 ariam
590 4984 665 5032 caro
678 4986 738 5047 per
759 4965 939 5048 proximam
956 4964 1176 5060 adfinitatem.
1195 4968 1256 5034 Ex·
1278 4962 1466 5049 „paulatim
1489 4960 1615 5035 discunt
1631 4962 1700 5035 suar
1717 4968 1809 5059 leges
1823 4996 1888 5041 non
1905 4970 1995 5062 posse
2006 4968 2076 5048 ser·

465 5067 582 5162 ¹ceptio
597 5067 700 5163 ipfius
713 5063 784 5138 ‚Dei
799 5086 878 5141 rece
896 5065 1005 5140 addita
1018 5089 1084 5138 non
1098 5059 1185 5134 tollit
1195 5085 1257 5136 na·
1277 5061 1402 5146 „vari‚
1424 5058 1484 5132 nili
1499 5063 1623 5156 aliquid
1638 5067 1846 5157 excipiatur?
1856 5120 1883 5164 „
1910 5068 2010 5171 Resp
2022 5067 2081 5145 sed

1267 5201 1269 5206 ·
2000 5175 2086 5266 quid
