4884 5984
496 582 500 590 ,
610 492 673 567 οε
723 465 956 567 cenninus
1004 435 1269 566 ononimus
1316 495 1369 568 nt
1417 471 1532 588 June
1582 467 1767 568 nivino
1932 511 2004 583 305

371 669 653 770 sisconsultortrm
675 685 852 782 regulum:
887 685 960 765 Uos·
979 688 1093 764 eodem
1114 711 1178 786 per
1202 685 1348 773 ceffive,
1388 677 1536 781 sequitur
1558 695 1669 766 Deum
1694 694 1798 764 Deut.
1822 686 1938 767 XXV.
1967 712 1997 780 ς.

373 787 494 866 omnia,
511 789 622 872 ratio,
647 783 699 884 ihi
714 791 774 883 jur
796 785 894 861 idem.
945 797 1031 865 ltem
1047 839 1060 871 ,
1079 785 1177 882 'leger
1202 786 1367 861 mondtffe
1393 791 1452 882 id,
1471 793 1560 878 quod
1580 791 1804 878 indecentius,
1829 800 1863 863 &
1882 787 1999 876 prohi-

374 884 548 981 generales
567 887 617 957 od
633 883 893 982 omnesspecies‚
918 909 1001 982 quos
1009 885 1077 984 suo
1089 909 1176 959 som·
1200 882 1332 972 baille,
1357 893 1446 975 quod
1467 909 1541 961 eret
1560 893 1730 962 decentius
1748 883 1795 959 ex'
1808 885 1998 958 Belltsmini

373 983 482 1080 plexu
495 983 789 1080 comprehendunt,
810 984 1025 1058 extendendo
1032 985 1119 1082 ssent
1136 980 1177 1059 ὅ
1200 983 1385 1078 hypothesi.
1435 990 1667 1060 Concedemns
1697 988 1882 1076 turpius&
1905 986 1998 1055 inde·
2036 1033 2042 1044 ι

373 1080 600 1176 adplicandae.
653 1084 835 1177 Quomodo
852 1084 1010 1156 rerohaec
1028 1087 1174 1157 invicem
1201 1086 1328 1156 centius
1371 1081 1435 1156 elle
1477 1087 1727 1156 matrimonium
1762 1083 1892 1172 nepotis
1918 1095 1998 1155 cnm

375 1182 601 1260 conveniunt,
626 1187 714 1268 quod
739 1178 954 1253 Bellntminus
975 1182 1010 1253 h.
1027 1181 1048 1253 l.
1064 1205 1176 1272 negot,
1200 1185 1301 1254 emite
1311 1229 1323 1263 ,
1348 1207 1448 1270 quem
1464 1186 1663 1271 pumicum
1680 1203 1802 1270 nepte,
1822 1184 1901 1253 item
1918 1203 1997 1252 con-

324 1349 328 1356 ,
356 1279 417 1374 j'ex
475 1277 605 1351 eneroli
639 1275 868 1374 prohibitione
902 1279 1021 1351 divino
1059 1278 1178 1374 colligi
1199 1283 1331 1372 ingiam
1347 1305 1423 1351 cum
1437 1305 1544 1350 uxore
1564 1277 1699 1368 fratris,
1726 1304 1825 1366 quom
1849 1304 1924 1349 cum
1947 1274 1996 1349 so·

324 1379 326 1426 ἶ
370 1397 416 1474 po
445 1400 483 1460 e,
506 1375 637 1472 gradus
653 1376 827 1472 equaliter
840 1375 999 1476 distanter
1016 1378 1052 1450 in
1065 1377 1176 1450 eodem
1200 1403 1280 1450 sose
1299 1382 1433 1458 uxoris3
1458 1380 1611 1458 interim,
1641 1380 1716 1466 quin
1746 1376 2003 1475 comparativus
2114 1435 2116 1440 .
2157 1345 2159 1350 Ι
2200 1441 2204 1456 Ι

372 1471 569 1572 prohiberi,
593 1499 669 1546 com
689 1459 724 1546 i'n
746 1470 810 1564 seq.
839 1503 868 1548 c.
889 1473 1013 1546 XXIX.
1035 1478 1068 1546 in
1088 1474 1176 1568 resp.
1200 1502 1268 1549 nnn
1287 1475 1460 1556 excludit,
1486 1473 1540 1547 sed
1562 1478 1672 1565 potios
1693 1472 1920 1566 presupponit
1961 1497 1997 1545 o-

367 1575 413 1666 ¹oid
438 1595 473 1660 3.
498 1595 733 1665 tegumentum
760 1576 1068 1658 demonstraturus,
1094 1596 1176 1671 pro·
1192 1576 1368 1675 fitiorum,
1404 1577 1537 1647 ideo&
1565 1573 1661 1645 nobis
1687 1575 1901 1646 Bellorminus
1932 1499 1997 1646 hoc

374 1667 573 1744 hibitr'onem
585 1667 727 1766 septimi
748 1670 876 1766 gradus
892 1693 957 1742 non
966 1667 1071 1766 suiffe
1090 1683 1176 1756 vste·
1199 1677 1380 1766 concedet,
1406 1693 1505 1760 turpe
1525 1681 1559 1746 δι
1578 1675 1732 1745 indecens
1748 1669 1811 1745 effe
1824 1675 1998 1743 matrimo-

374 1767 407 1844 τί
434 1768 573 1869 ecctepae
594 1769 771 1864 ignotam,
795 1772 929 1840 sotionis
951 1767 1026 1840 loco
1048 1769 1175 1842 adferat
1199 1774 1292 1843 nium
1310 1773 1419 1860 putrui
1433 1796 1509 1842 cum
1522 1765 1623 1856 nepte
1643 1781 1676 1844 or
1701 1773 1893 1863 coniugium
1917 1792 1996 1841 cum

373 1865 493 1948 illud,
532 1873 622 1955 quod
656 1866 834 1938 concilium
874 1863 1071 1962 Agathense
1098 1893 1171 1941 con.
1197 1864 1309 1942 sorore
1324 1870 1443 1944 uxoris.
1467 1870 1631 1962 Quemvis
1644 1869 1777 1942 enimin
1789 1867 1997 1960 gmdibusae·

367 1957 487 2070 12th
505 1967 579 2062 post
593 1961 854 2062 prohihitionem
881 1965 1070 2061 aliquorum
1091 1986 1172 2066 gro·
1197 1965 1513 2066 qualibusmtjo'sstt
1526 1970 1836 2054 torpitudo,ttmen
1850 1969 1925 2038 edm
1942 1989 1997 2038 ct·

374 2061 479 2136 duum
497 2061 686 2158 generalem
708 2063 816 2136 oddae
833 2062 1113 2160 prohihitionem,
1135 2091 1173 2138 ne
1197 2070 1273 2137 dem
1283 2062 1997 2156 moneordistentis,ideoidemprohibitionis
2088 2075 2092 2086 “

375 2161 454 2258 pois
464 2159 567 2237 oham
582 2158 967 2259 consanguineomsuom
975 2162 1077 2236 duent
1088 2187 1174 2237 uxo·
1185 2171 1188 2176 '
1197 2172 1249 2251 jus
1268 2165 1380 2237 volere
1400 2159 1610 2237 censendum.
1662 2167 1714 2236 Ut
1735 2165 1823 2234 enim
1838 2160 1908 2251 ipse
1924 2159 1996 2234 oel-

375 2267 458 2333 re'rn.
509 2263 542 2332 Si
559 2262 725 2353 generalis
740 2261 921 2351 prohibitio
939 2261 1083 2335 humone
1098 2284 1173 2353 pot·
1198 2259 1357 2335 lnrminus
1380 2262 1414 2334 lt.
1437 2261 1460 2333 l.
1486 2264 1605 2333 addit:
1639 2259 1819 2377 ‘divepfitos
1846 2260 1906 2334 illo
1926 2282 1993 2332 non

367 2361 422 2432 'eh
444 2361 578 2431 extendi
616 2361 656 2431 nd
686 2363 828 2450 gradum
856 2356 1060 2450 septimum,
1092 2384 1171 2448 quo,
1198 2362 1241 2460 est
1267 2361 1302 2432 in
1328 2358 1400 2456 ipso
1420 2357 1533 2455 grodu
1551 2360 1847 2456 propinquitatis,
1869 2357 1933 2456 sed
1956 2360 1994 2431 in
2073 2380 2078 2393 ·

376 2459 480 2528 modo
497 2458 609 2528 divina
626 2454 810 2545 prohibitio
834 2481 900 2529 non
921 2452 1024 2546 pollet
1042 2460 1174 2529 extendi
1198 2457 1314 2554 atiquo
1338 2456 1530 2626 eutrirpeco
1548 2456 1592 2554 su
1615 2458 1797 2543 eroddito,
1835 2461 1994 2530 nimirum

368 2557 415 2626 ‘ei
434 2558 580 2648 gradum
610 2549 815 2626 secundum?
852 2557 905 2648 r.)
929 2551 1175 2656 Consequentiae
1198 2558 1233 2627 in
1246 2579 1351 2644 etate,
1367 2559 1432 2640 tel¹
1451 2551 1532 2645 eru,
1549 2483 1728 2646 velarique
1743 2554 1838 2629 fimili
1851 2557 1997 2628 citcotit·

367 2649 445 2726 'roe
459 2673 526 2724 non
534 2649 619 2749 sunt
634 2653 791 2752 ostmili,
809 2648 872 2748 sed
885 2675 906 2724 o
920 2654 1057 2725 minori.
1080 2649 1173 2725 Nom
1197 2655 1328 2738 {lentim
1352 2653 1396 2730 lic
1421 2655 1493 2728 fieti
1514 2657 1641 2746 potetl,
1653 2667 1702 2727 'ut
1720 2660 1819 2729 omits
1837 2651 1875 2725 fit
1891 2661 1996 2743 nepo·

376 2746 470 2826 lieet.
490 2759 542 2822 snt
560 2751 597 2822 iri
615 2751 725 2823 eodem
748 2751 860 2847 gradu
880 2775 980 2849 nepos
997 2773 1072 2825 cum
1086 2753 1174 2824 omi·
1201 2776 1233 2827 te
1249 2779 1290 2825 ex
1309 2753 1410 2827 fratre
1426 2758 1536 2825 minor
1556 2770 1652 2838 notu,
1676 2749 1804 2825 henim
1824 2774 1919 2842 pater
1934 2775 1996 2843 ge·

377 2857 415 2922 to
498 2860 643 2946 potestus.
664 2874 738 2921 mm
759 2859 876 2944 nepte,
905 2848 1015 2922 tomen
1044 2851 1177 2947 turpius
1201 2875 1332 2940 nersret
1350 2850 1454 2923 filium
1477 2877 1565 2925 enno
1587 2851 1688 2924 etatis
1709 2851 1767 2926 eo,
1791 2854 1902 2938 qui&
1926 2848 2010 2939 ipse,

369 2949 423 3048 est
438 2949 601 3046 conjungi
618 2945 764 3043 nepotem
784 2972 856 3028 cren
875 2949 1102 3043 condimentum
1112 2971 1177 3045 po·
1203 2977 1259 3025 20.
1280 2952 1383 3022 etatis
1400 2975 1486 3023 nono
1501 2971 1696 3044 generaret,
1713 2951 1907 3040 contingere
1921 2943 1996 3040 pos·

366 3047 492 3120 'mum
511 3069 582 3118 curn
600 3058 713 3142 nepte,
731 3046 892 3145 fiqut'dem
906 3048 1077 3119 ordinarie
1088 3049 1176 3119 omi*
1202 3045 1272 3131 set,
1299 3071 1335 3120 ut
1357 3050 1444 3121 idem
1461 3072 1556 3136 poter
1572 3045 1672 3119 hlium
1698 3074 1787 3119 enno
1810 3050 1911 3118 etatis
1935 3067 1994 3135 50.

365 3143 418 3218 'en
438 3147 483 3242 est
503 3142 619 3240 senior
642 3156 773 3241 nepote,
802 3140 843 3216 Θ
867 3146 999 3218 rotione
1012 3146 1073 3241 sui
1095 3168 1178 3241 gro·
1202 3141 1402 3235 susciperet,
1440 3171 1539 3233 quem
1569 3171 1672 3237 nepos
1695 3167 1789 3218 etate
1814 3142 1994 3234 superstet.

337 3253 342 3260 “
366 3239 446 3316 'eius
458 3239 560 3316 tabee
573 3242 608 3313 in
629 3254 776 3346 nepotem
798 3244 890 3342 quast
910 3245 1062 3357 patrium
1084 3255 1179 3340 pote·
1196 3243 1320 3316 Nihilo
1346 3267 1457 3318 temen
1486 3247 1594 3315 minus
1622 3243 1686 3315 tale
1714 3247 1907 3335 conjuginm
1931 3243 1997 3316 erit
2117 3249 2119 3253 ’

372 3343 510 3444 florens.
546 3405 548 3410 ,
567 3337 669 3416 Uxor
693 3352 803 3413 outem
820 3339 949 3437 subjeci
968 3365 1010 3414 oe
1029 3342 1104 3437 regi
1123 3339 1178 3413 de·
1201 3340 1437 3430 prohibitum,
1469 3340 1546 3415 licet
1570 3337 1667 3414 teilet
1691 3340 1878 3423 illssstio,
1905 3343 1996 3430 qood

380 3437 457 3525 het,
482 3453 583 3536 quare
601 3435 751 3512 indecens
768 3443 836 3539 est,
860 3451 897 3511 ut
913 3442 1178 3538 omitosttuxor
1200 3442 1300 3514 omits
1319 3443 1460 3529 patriam
1486 3442 1715 3511 sonoritatem
1742 3442 1870 3513 tattone
1892 3441 1996 3510 seretis

377 3538 531 3636 nepotis,
553 3537 634 3633 quio
658 3535 788 3612 deberet
820 3538 904 3611 emut
927 3561 1038 3634 regere
1063 3534 1104 3611 δι’
1126 3537 1183 3611 re-'
1201 3542 1235 3610 in
1249 3561 1407 3626 nepotem
1421 3535 1582 3609 obtinent
1605 3533 1762 3626 ·ltem,h
1778 3542 1850 3625 quis
1862 3539 1996 3610 demor-

378 3638 418 3736 gi
432 3692 443 3722 ‚
472 3631 601 3734 subjici
632 3633 674 3708 ὅ
697 3659 787 3734 praee
810 3662 836 3710 e.
888 3631 944 3709 At
971 3639 1177 3737 patruusest
1200 3638 1250 3706 tui
1278 3633 1388 3706 fratris
1411 3659 1547 3706 uxorem
1573 3631 1733 3707 seniorem
1764 3637 1797 3705 in
1824 3636 1996 3707 matrimo-

379 3733 555 3809 orsiin'urie
569 3731 686 3831 senior
706 3747 817 3830 nepte,
847 3731 888 3806 Εἴ
907 3731 1053 3808 inillam
1078 3731 1177 3808 habet
1201 3737 1292 3804 nium
1315 3731 1413 3806 vellet
1438 3736 1581 3812 ducere,
1605 3735 1637 3803 id
1662 3732 1748 3804 foret
1766 3734 1995 3817 indecentius,

365 3831 640 3924 ,nodositatem
664 3856 730 3906 non
746 3836 794 3934 'est
816 3844 925 3928 autem
948 3833 1114 3918 indecens,
1137 3842 1181 3905 ut
1200 3857 1299 3919 quom
1313 3827 1334 3902 fi
1349 3857 1413 3922 quc
1427 3829 1714 3902 demortui'moriti
1732 3829 1825 3903 fratri
1838 3834 1872 3904 in
1888 3857 1997 3922 equs·

379 3933 436 4008 vir
452 3933 503 4031 stt
521 3955 628 4006 uxore
652 3928 824 4027 smine&
843 3921 1036 4102 itli'priept.
1098 3925 1177 4006 Hos
1199 3929 1224 4001 li
1245 3950 1339 4002 stote
1359 3932 1561 4021 geometrice
1580 3932 1797 4028 proportione
1816 3933 1994 4005 constitute

324 4061 330 4072 ·
378 4031 492 4130 igitur
510 4029 551 4104 de
568 4019 669 4130 conso
687 4025 748 4103 leis
760 4056 861 4104 unum
877 4027 977 4127 prohi
999 4031 1051 4103 uit
1063 4045 1078 4116 ,’
1092 4029 1177 4102 olte—
1200 4028 1301 4102 vellet
1331 4027 1477 4112 nubere,
1490 4023 1594 4098 nihilo
1610 4051 1721 4099 temen
1741 4028 1849 4099 minus
1865 4050 1996 4103 utrum·

379 4155 457 4208 rum
471 4129 629 4230 sonceffit.
672 4125 762 4202 Pori
785 4130 916 4203 ratione
949 4140 1021 4202 scut
1045 4129 1176 4225 turpius
1199 4152 1264 4214 que
1279 4123 1356 4198 elles
1371 4148 1486 4197 contro
1505 4125 1629 4196 notiore
1649 4124 1771 4216 legem.
1819 4129 1902 4197 Fieri
1916 4147 1993 4217 pot·

377 4255 396 4304 e
441 4278 456 4312 ,
492 4239 531 4302 ut
557 4251 625 4302 una
658 4227 778 4301 mulier
801 4226 884 4301 duos
923 4226 1007 4301 rmul
1028 4228 1177 4299 ¹maritos
1198 4226 1269 4305 est,
1295 4243 1331 4294 ot
1354 4227 1406 4294 vir
1428 4220 1611 4310 fitJunior‚
1639 4217 1865 4304 mortemon,
1890 4227 1995 4295 ursir
2097 4231 2099 4235 ’

365 4232 524 4413 'Atheon
542 4349 642 4426 quom
659 4337 697 4399 ut
710 4350 793 4398 unus
807 4328 864 4398 vir
879 4324 1076 4425 duosstmu!
1091 4347 1177 4398 uxo·
1200 4320 1238 4391 stt
1258 4322 1404 4409 stupidus
1420 4317 1548 4401 Nubel,
1573 4342 1656 4389 uxot
1677 4323 1821 4406 prudens
1839 4318 1995 4414 Abigail,
2170 4311 2176 4324 ’

364 4417 467 4512 ies,
503 4426 555 4500 ito
581 4423 647 4523 suo
675 4424 773 4497 modo
794 4423 995 4512 indecentius
1018 4411 1174 4507 videtur,
1200 4442 1261 4489 nec
1288 4439 1400 4488 tamen
1429 4437 1607 4504 propterte
1634 4414 1763 4486 tollitur
1785 4426 1835 4504 Jus
1856 4439 1995 4492 notura.

371 4538 417 4608 ,ot
442 4546 514 4598 ona
529 4525 578 4626 stt
607 4548 699 4597 uxor
723 4521 864 4597 tinorum
891 4524 1048 4619 fratrum
1074 4521 1175 4593 etiam
1200 4519 1291 4605 Ergo
1305 4511 1606 4605 necpsinciprliter
1623 4515 1700 4584 inde
1717 4519 1902 4610 etqueideo
1916 4541 1996 4589 con-

365 4620 569 4724 'sneceffloe,
596 4647 695 4721 pom
722 4635 760 4699 ut
787 4648 871 4697 unus
895 4624 950 4696 vir
964 4624 1013 4723 stt
1034 4622 1176 4693 duorum
1196 4615 1328 4707 jugium
1350 4615 1457 4684 amite
1476 4635 1551 4716 ¹cum
1567 4636 1689 4700 nepote
1704 4619 1778 4699 jore
1793 4641 1916 4687 nature
1932 4619 1995 4688 sti·

365 4711 535 4822 'sororum
550 4719 736 4821 srtcseffive,
764 4719 807 4793 fs
822 4721 894 4794 ideo
909 4719 968 4793 tex
983 4738 1083 4793 unum
1100 4741 1176 4790 con·
1192 4716 1360 4801 ,tuendum
1376 4712 1422 4782 est
1443 4707 1669 4802 prohibitum,
1694 4717 1782 4798 quod
1810 4713 1865 4785 illa
1888 4713 1925 4785 stt
1945 4709 1995 4787 se·

366 4813 488 4921 'eeffin
513 4821 655 4895 alterum
676 4818 860 4916 prohibuit.
912 4809 1058 4906 Respssfi
1083 4819 1175 4889 inde·
1199 4808 1375 4889 niomhic
1397 4809 1535 4899 l¹11¹50rs
1561 4803 1614 4879 sed
1635 4829 1774 4898 psopter
1797 4813 1995 4902 propinqui·

379 4923 510 4995 centius
538 4922 585 4993 est
612 4946 711 4991 unum
743 4916 915 4990 foeminsm
949 4912 1012 4987 eise
1039 4939 1174 4987 uxorem
1200 4930 1301 4981 tatem
1317 4902 1503 4999 sanguinis,
1529 4929 1600 5006 quae
1622 4912 1737 4980 sudem
1755 4911 1802 4980 est
1823 4912 1856 4979 in
1880 4918 1995 4997 conju.

380 5023 525 5092 duorum
557 5013 698 5089 fratrum
729 5011 928 5099 soecefftve,
953 5037 1051 5102 quom
1074 5038 1175 5083 unum
1199 5012 1258 5101 gio
1272 5007 1382 5096 portui
1397 5028 1435 5075 sc
1450 5008 1558 5089 neptis
1614 5006 1778 5078 Breviter:
1800 5009 1994 5098 conjugium

379 5120 489 5193 sirum
509 5109 582 5186 elle
594 5118 750 5190 metitum
774 5120 915 5189 duorum
937 5108 1086 5184 sororum
1105 5106 1178 5194 suc·
1199 5106 1331 5194 nepotis
1346 5126 1422 5173 cum
1435 5102 1536 5173 emite
1548 5100 1675 5194 duplici
1687 5108 1823 5178 nomine
1840 5108 1997 5177 indecens

432 5209 529 5290 Yom'.
555 5209 647 5290 XV.
1093 5279 1101 5296 .
1251 5202 1326 5297 Q‘l
1853 5298 1857 5307 ,
1937 5205 2000 5301 ‘sto
