4884 5984
356 521 429 598 Μ
686 509 836 589 LOCVS
856 516 990 584 xxvi.
1041 508 1143 581 cilo.
1161 513 1202 581 V.
1257 510 1403 584 Mens.
1421 514 1448 582 1.
1502 510 1610 584 Ans.
1626 511 1670 582 11.

357 706 400 772 ss
423 692 529 772 “Malo
617 707 729 808 legem
754 705 902 800 conjugii
929 707 992 785 esse
1021 708 1172 792 fodiam,
1197 707 1474 796 explicationem,
1499 710 1589 796 quod
1615 732 1683 779 non
1707 707 1741 777 in
1764 723 1889 796 genere
1906 713 1942 782 δι
1967 706 2020 778 ia·

358 795 540 930 argugeiisa
615 833 654 881 ec
677 809 770 882 velut
791 807 1017 898 jurisconsulti
1033 811 1173 886 dicunt,
1197 810 1417 881 determinate
1438 809 1480 877 de
1497 805 1672 896 quibusvis
1695 803 1873 893 fratribus,
1903 801 1960 880 sad
1982 807 2019 878 iu

356 866 553 1030 P'Jatffl‘
615 905 856 1081 segiffiennoii
870 918 1031 1082 tanguam
1047 902 1175 1079 'mi
1199 901 1307 1079 spffie
1336 908 1688 1075 “csiliiermi⁰²¹⁸·d⁶
1717 903 1957 1075 sarriebtflsssa:
1979 905 2020 1074 tiia

350 1099 517 1203 speciosis
546 1031 698 1203 excepiih
716 1003 1148 1204 ¹iiiiibffelisiasiiimc’ensent
1163 1032 1262 1182 ‚soi
1286 1028 1729 1197 ii’fitcacciiiiiiiisaimssani
1756 1031 1836 1175 viro
1863 1030 1928 1172 iiiii
1949 1030 2022 1175 tita-

357 1206 553 1296 primaevant
577 1201 671 1279 illam
696 1208 845 1299 conjugii
868 1207 978 1301 legem
1008 1225 1176 1295 perpetuo
1192 1208 1395 1277 trimonium
1429 1206 1663 1278 contrahentes
1696 1227 1735 1275 ac
1766 1198 2021 1290 patresfamilias

358 1300 507 1376 ntanfisse
530 1306 722 1384 immotam,
749 1331 811 1378 nec
831 1331 894 1394 per
906 1306 1108 1379 contrariam
1125 1301 1175 1372 di·
1201 1305 1282 1388 iasii
1301 1330 1367 1375 non
1386 1303 1528 1393 amplius
1546 1302 1696 1375 habitant
1710 1306 1745 1373 in
1763 1300 1888 1374 aedibus
1910 1321 2022 1392 pater·

359 1395 601 1492 speosationem
617 1403 659 1477 ab
670 1411 744 1492 ejus
763 1401 973 1496 obligatione
995 1425 1108 1495 patres
1124 1396 1178 1471 so·
1201 1406 1273 1490 nis,
1302 1410 1388 1478 Gen.
1402 1407 1445 1474 ΙΙ.
1458 1428 1514 1497 24·
1545 1401 1599 1476 sed
1622 1404 1760 1493 propria
1780 1421 1934 1490 quierunt
1961 1401 2025 1472 do-

360 1497 416 1578 isse
438 1500 611 1587 liberam,
645 1528 723 1577 cum
747 1504 846 1576 certis
862 1513 897 1579 &
923 1504 1070 1576 immotis
1098 1496 1178 1571 scri·
1201 1504 1339 1578 micilia.
1391 1499 1481 1592 Ergo
1495 1505 1537 1574 de
1551 1500 1655 1576 fratre
1669 1500 1778 1573 adhoc
1793 1496 1936 1586 eoelibe,
1953 1521 2023 1571 noir

358 1623 467 1694 pturae
499 1598 723 1675 fundamentis
746 1604 903 1717 exceptio
929 1597 1178 1714 dispensationis
1201 1603 1480 1720 autemnmarito,
1506 1603 1693 1673 constitutio
1719 1601 1932 1714 d‘.‘¹²3“¹ld²
1956 1594 2024 1768 fis·

310 1817 313 1824 .
362 1785 391 1835 ι.
420 1765 569 1911 „n
616 1699 1177 1891 nl‘nnnntni
1202 1698 2022 1894 nntrienniis

470 1863 553 1924 '¹5’
619 1895 713 1969 xxi.
742 1924 798 1990 ¹5·
835 1924 899 1988 pro
938 1894 1179 1992 dispensatione
1203 1902 1335 1989 semper
1354 1902 1400 1971 ita
1414 1898 1563 1972 socienda
1581 1903 1647 1980 est,
1671 1922 1711 1968 ne
1733 1898 1889 1967 ducatod
1908 1889 2023 1968 absur-

361 1997 557 2074 slabilienda
585 2000 767 2069 addonem
792 1995 995 2088 respondere
1022 1993 1180 2086 possunt:
1205 2001 1299 2074 dum.
1350 2001 1455 2087 Atqui
1467 1994 1646 2069 absurdum
1657 1999 1703 2068 est
1718 1998 1874 2080 statuere,
1893 1998 2022 2074 Deum.

285 2125 287 2130 ·
366 2097 420 2197 t.)
437 2093 576 2173 Exosam
598 2093 693 2168 illam
715 2093 855 2186 potuisse
869 2093 934 2170 esse
952 2097 1006 2170 vel
1027 2096 1182 2186 repudie-
1205 2100 1265 2188 qui
1286 2096 1364 2189 lege
1386 2098 1536 2195 conjugii
1561 2099 1719 2167 divinitus
1745 2089 1865 2167 sancita
1884 2092 2024 2186 polyga-

364 2219 444 2283 tam,
462 2195 517 2269 ves
532 2197 634 2269 etiam
650 2217 838 2280 mortuam,
863 2221 928 2285 qua
940 2194 1181 2270 rationemari·
1207 2200 1307 2269 miam
1324 2194 1563 2285 prohibuerat,
1579 2199 1703 2284 quique
1711 2196 1816 2266 levit.
1827 2197 1955 2264 XVsls.
1971 2206 2030 2276 18..

363 2289 1040 2384 tusnonfueritpolygemussimultaneus.
1054 2292 1180 2380 2.)Le·
1206 2291 1354 2369 sororem
1374 2298 1483 2366 uxoris
1506 2322 1545 2366 ea
1563 2294 1670 2366 adhuc
1695 2296 1829 2365 vivente
1851 2289 1899 2364 od
1919 2291 2032 2383 adsis.

361 2421 421 2491 ges
441 2393 522 2468 ferri
541 2418 607 2465 non
628 2386 733 2463 solum
754 2393 796 2463 de
818 2394 877 2477 iis,
901 2419 974 2483 quac
993 2392 1182 2482 adprobati·
1207 2395 1350 2490 gendum
1366 2417 1458 2479 enni,
1490 2393 1555 2465 sie
1575 2395 1696 2481 injuria
1716 2418 1788 2465 eant
1802 2389 2026 2476 adficiendum

363 2516 439 2576 tur,
459 2489 513 2564 sed
529 2495 629 2565 etiarn
645 2497 687 2562 de
702 2492 859 2586 iis,qnae
874 2492 1072 2564 tolerantur.
1102 2496 1179 2563 Mo·
1206 2492 1266 2565 sibi
1285 2493 1463 2581 copulare,
1490 2491 1646 2582 expressis
1663 2491 1776 2565 verbis
1799 2493 2026 2571 interdixerat,

362 2589 419 2667 sen
438 2595 542 2683 igitur
563 2592 618 2661 hic
636 2613 737 2679 agere
755 2589 931 2677 politicum
956 2588 1182 2682 legislatorem
1207 2590 1269 2664 hac
1288 2589 1517 2681 legeMosaica
1532 2591 1756 2683 polygaoiiam
1778 2587 1915 2663 voluisse
1932 2615 2026 2662 meo

244 2765 247 2770 ,
363 2694 399 2763 io
413 2694 481 2762 vita
496 2688 606 2768 civili,
629 2712 694 2758 non
710 2685 853 2759 ecclesie
874 2691 1098 2762 dodonemin
1114 2688 1183 2758 vita
1207 2697 1308 2776 daie,
1337 2717 1375 2762 ac
1400 2692 1504 2764 stante
1528 2695 1650 2782 prioris
1669 2690 1904 2779 prohibitionis
1931 2681 2025 2762 ciust

221 2824 225 2857 i
364 2785 541 2880 spirituali.
598 2788 800 2879 3.)'Axi9ma
822 2787 927 2875 illud,
957 2790 1014 2876 qui
1037 2785 1182 2876 disponit
1208 2789 1423 2861 nihilominus
1448 2815 1510 2879 per
1533 2792 1720 2877 expressum
1752 2788 1887 2876 jubere.
1928 2810 1965 2861 ut
1990 2790 2027 2862 iit

363 2893 408 2964 de
425 2883 663 2976 consequente,
688 2883 857 2955 illectiam
874 2885 945 2957 vult
964 2893 1184 2963 antecedens,
1207 2891 1357 2976 quietum
1384 2899 1418 2964 dt
1447 2911 1600 2978 pacatum
1625 2888 1737 2958 fratris
1769 2914 1844 2958 cum
1875 2888 2026 2977 legitime

348 2986 485 3092 inultos
503 2983 572 3075 pati
589 2981 740 3069 iico'ont
754 2985 789 3054 in
803 2984 1007 3080 νομοθεσίᾳ.
1059 2990 1111 3058 Sic
1129 3010 1183 3054 ie·
1209 3013 1311 3059 uxore
1336 2991 1584 3060 matrimonium
1602 2983 1836 3058 adscisceretur
1854 2985 1988 3068 fratria,
2006 3011 2026 3057 ii

257 3087 260 3094 ⁴
366 3111 414 3161 tat
437 3093 528 3158 Dens
544 3083 786 3166 meretricium,
815 3081 880 3153 sive
903 3084 1078 3170 prostibuli
1098 3107 1183 3154 mer·
1209 3113 1272 3173 qua
1295 3090 1466 3179 graviores
1488 3085 1576 3158 sorte
1606 3093 1791 3157 metuendae
1820 3109 1916 3158 erant
1942 3088 2025 3156 rixa·

367 3190 501 3268 cedem,
520 3183 638 3254 inferri
653 3185 768 3251 arcoilo
783 3178 924 3270 tempsi,
941 3178 1181 3255 DennXXlsl.
1209 3211 1284 3256 runi
1310 3198 1343 3259 ὅ(
1373 3185 1576 3257 dissidiorum
1600 3183 1814 3269 occasiones,
1852 3209 1953 3272 quam
1983 3180 2024 3253 ab

373 3299 428 3366 18·
447 3308 508 3354 nec
522 3308 633 3355 tamen
647 3282 874 3351 meretricium
888 3281 1047 3365 quaestum
1061 3284 1185 3367 adpro·
1210 3288 1320 3356 uxoris
1344 3281 1463 3356 sorore.
1523 3288 1626 3376 Quod
1656 3283 1676 3353 si
1702 3287 1790 3371 apud
1813 3283 1947 3374 Judaeos
1968 3276 2026 3353 usu

365 3384 434 3458 bat.
511 3381 613 3454 Aliud
642 3381 689 3448 esi
720 3375 847 3450 fassum
880 3374 1014 3465 aliquod
1049 3377 1184 3469 publica
1209 3405 1383 3470 receptum
1398 3380 1526 3464 suisset,
1552 3380 2025 3469 l'rotrianiduciascattejaut

366 3477 603 3560 consuetudine
626 3500 798 3565 receptum
824 3478 912 3548 node
929 3478 1123 3557 recensere,
1149 3484 1184 3550 δι
1207 3507 1283 3555 ante
1305 3485 1427 3572 nuptiis
1450 3483 1632 3570 implicito,
1658 3504 1747 3551 certe
1769 3485 2027 3552 sadduceorum

365 3607 461 3658 exeo
476 3576 585 3653 casum
603 3576 659 3675 (ut
674 3581 807 3662 vocant)
824 3573 990 3657 formare,
1016 3576 1104 3648 aliud
1131 3603 1191 3664 ie·⁸
1209 3584 1344 3669 questio
1369 3588 1411 3654 de
1429 3583 1569 3653 niolier'e
1587 3580 1783 3668 septemvira
1800 3582 1935 3650 Christo
1950 3600 2027 3669 pro·

366 3711 407 3757 ro
428 3680 512 3753 illud
537 3674 663 3751 fesium
694 3697 850 3764 tanquam
873 3676 1059 3767 legitimum
1080 3686 1114 3749 δι
1136 3679 1186 3746 di·
1209 3678 1315 3769 posita
1332 3678 1437 3751 suisset
1453 3684 1656 3759 intricatior,
1679 3705 1738 3748 nec
1751 3680 1919 3750 Sadducaei
1934 3677 2024 3749 issam

367 3784 492 3857 vinitas
513 3770 699 3850 concessum
726 3772 938 3864 adprobare,
960 3782 1048 3862 quod
1080 3779 1183 3861 posse·
1211 3783 1487 3850 circumstantiam
1507 3774 1799 3869 praetermisissent,
1816 3783 1908 3863 quod
1929 3799 2024 3856 unus,

367 3883 436 3955 rins
455 3904 496 3950 eir
511 3879 628 3966 priore
640 3872 760 3944 deduci
777 3874 906 3961 nequit.
959 3877 1097 3959 4.iNon
1115 3867 1186 3954 nos·
1211 3881 1357 3966 itemque
1374 3869 1456 3950 alter
1476 3905 1514 3949 eit
1538 3875 1695 3948 fratribus
1720 3878 1809 3944 binas
1832 3875 1928 3945 simul
1947 3899 2027 3948 uxo·

367 3972 461 4053 seer
480 3976 546 4047 hoc
575 3972 650 4046 loco
681 3974 860 4060 quidquam
887 3972 1030 4061 amplius
1052 3973 1186 4063 colligi,
1212 4000 1264 4047 res
1285 3973 1464 4058 habuisset,
1490 3976 1797 4058 marahnurat.
1849 3977 1972 4061 Neque
1987 3999 2026 4046 ex

368 4103 468 4166 qoam
494 4075 583 4162 quod
611 4076 703 4144 Deus
729 4074 763 4141 in
798 4068 927 4160 populo
961 4066 1016 4140 sno
1052 4071 1187 4162 poligo-
1212 4073 2026 4161 BooziRuthamdocentisexempsocontrarium

368 4179 469 4249 miani
509 4168 643 4262 publica
671 4170 707 4243 δι
734 4164 909 4242 universali
951 4165 1187 4242 consuetudine
1212 4172 1380 4246 manifesse
1395 4174 1508 4266 colligi
1526 4177 1653 4266 potest,
1679 4199 1754 4244 com
1772 4178 1813 4243 de
1828 4197 1867 4243 eo
1887 4197 1953 4243 non
1970 4197 2026 4244 et·

367 4298 557 4365 receptant,
584 4267 789 4360 peculiarem
815 4266 859 4341 ob
880 4263 1000 4354 finem,
1029 4266 1185 4340 videlicet
1209 4275 1498 4354 ssetadnotatom,
1522 4303 1564 4346 an
1579 4276 1739 4351 maritus,
1758 4300 1798 4342 iio
1815 4296 1893 4343 vero
1909 4273 2027 4343 viduus

368 4372 512 4450 Abrahae
526 4370 753 4461 posteritatem
769 4365 1076 4457 multiplicandam,
1100 4366 1184 4439 tole·
1209 4372 1330 4444 fuerit?
1379 4376 1410 4445 Si
1436 4376 1545 4453 dicas,
1571 4373 1677 4471 pofito
1695 4396 1750 4455 eo,
1780 4368 1868 4465 qnod
1894 4372 2026 4465 majus,

369 4471 619 4553 reverit,'sieet
641 4464 709 4557 ipsa
735 4463 803 4538 sne
822 4463 1077 4556 transgressione
1101 4466 1184 4559 legis
1205 4474 1290 4571 poni
1302 4474 1424 4571 potest,
1449 4474 1537 4567 qnod
1560 4474 1677 4545 minus.
1730 4467 1785 4543 Aa
1799 4468 1910 4566 magis
1925 4494 2028 4567 repti-

368 4567 593 4669 primordialis
611 4592 678 4639 non
702 4562 813 4637 suerit.
868 4569 921 4636 nd
934 4562 1120 4663 secundum
1144 4591 1184 4637 ex
1209 4583 1298 4667 gnon
1309 4572 1385 4667 juri
1401 4584 1532 4648 nnturae
1548 4573 1742 4668 conjuginm
1754 4570 1906 4663 sintriae,
1927 4594 2028 4665 quoin

630 4659 886 4753 Deut.XXV.5.
904 4662 1103 4755 respondere
1113 4661 1186 4754 pos·
1207 4670 1435 4769 polygamio,
1473 4696 1553 4768 ergo
1578 4675 1689 4771 poſsin
1716 4668 1961 4766 dispensatione
1992 4673 2028 4745 iii

373 4735 576 4883 *ἂξῗγῃω
628 4758 723 4849 sunt,
749 4760 858 4854 segem
876 4761 967 4834 illam
991 4761 1186 4836 diversimo-
1211 4771 1370 4866 conjugio
1385 4770 1529 4864 frolriae
1549 4775 1652 4869 potest
1674 4771 1777 4844 esium
1796 4772 1879 4867 poni
1895 4768 2028 4867 dispen-

496 4834 550 4895 ’ς’
631 4866 673 4934 <st
690 4860 871 4951 explicetis
895 4886 930 4933 ut
946 4861 1119 4954 adportbst
1137 4865 1186 4932 sn·
1204 4869 1300 4969 sosio
1314 4871 1349 4942 iit
1361 4870 1578 4967 polygonum
1602 4867 1804 4960 respondere
1818 4869 1951 4960 possunt
1964 4895 2026 4959 per

369 4964 482 5045 setius.
548 4966 623 5039 Hoc
645 4958 719 5032 1⁰0⁰
740 4960 821 5033 illud
852 4954 973 5034 sufficit
1000 4958 1186 5044 monuisse,
1210 4969 1457 5044 inficiationem.
1508 4969 1832 5061 Polygamianienim
1846 4976 1952 5061 magis
1964 4995 2029 5057 pu.

370 5068 472 5142 verba
489 5068 523 5138 in
539 5062 706 5154 principio
722 5059 806 5152 legis
823 5059 947 5153 posita,
975 5058 1187 5133 linitione·
1210 5095 1315 5163 gnare
1328 5095 1404 5142 cum
1414 5067 1634 5143 essentialibus
1647 5070 1869 5147 matrimonii,
1886 5095 1964 5141 com
1976 5072 2029 5142 in.

368 5170 440 5249 rins
455 5166 591 5266 stasres
614 5162 693 5263 ¹3¹3!
706 5155 870 5260 parlier,
908 5161 1080 5239 ‘Omlnes‘
1101 5158 1185 5257 leals
1209 5173 1345 5247 dividua
1358 5166 1480 5248 seilicet
1489 5174 1632 5245 duorum
1646 5172 1681 5242 in
1692 5194 1792 5243 unani
1805 5193 2030 5287 carnemeoii·

1947 5294 2030 5368 Jun-
