4884 5984
530 499 599 590 tm
673 491 823 571 iocus
848 487 978 565 xxtu.
1006 477 1104 564 cio.
1128 491 1172 562 x.
1201 490 1331 573 socr.
1347 489 1408 565 ιιι.
1435 489 1545 588 nur.
1573 488 1617 566 ιι.
1642 483 1805 565 mortu.
1831 486 1874 562 u
1900 481 2062 560 ruunt.
2087 483 2116 555 1.
2213 517 2219 546 ,

889 680 920 757 §.
955 670 1146 745 DCXVIII.
1196 669 1332 756 Quaeri·
1367 659 2190 745 inRomuI.hincilludPlautusinMercabdi„

526 765 598 852 1V0)
618 768 665 831 At
679 770 750 838 idem
799 787 859 840 tur
879 769 956 861 lv.)
983 772 1042 843 Au
1060 775 1094 840 iu
1106 776 1241 862 petendo
1253 794 1332 863 pro·
1366 774 1419 841 vir
1430 770 1576 863 siortum
1593 773 1690 840 duxit
1711 769 1862 860 impune,
1885 763 2013 859 «exors
2029 759 2112 830 elem
2127 760 2175 828 oi·

528 854 575 912 ⁶¹¹³
598 869 682 912 '‘¹⁰''
702 850 750 910 'd'
791 879 869 961 ptet
884 867 1078 939 adulterium
1092 870 1231 938 diuortio
1251 870 1333 938 idem
1366 892 1406 940 ro
1426 865 1545 966 egresso
1558 866 1688 960 soros»
1711 868 1782 935 uiro
1794 865 1844 955 fit
1870 859 1968 947 coeli
1993 904 2005 938 ι
2026 858 2174 956 exigitur

527 930 622 1010 ''ff'‘
647 929 751 1068 ff]
798 966 850 1036 ius
878 969 974 1036 uxori
997 965 1151 1060 aduersus
1177 969 1334 1036 utotitum
1368 967 1621 1038 matrimonium.
1671 964 1809 1036 Gellius
1830 956 1912 1031 libr.
1932 956 1978 1028 X.
2000 951 2096 1027 nodi.
2109 953 2172 1024 At·

528 1027 740 1161 ⁷:302&
798 1064 980 1136 adulterum
989 1076 1158 1158 competat,
1168 1067 1253 1161 quod
1263 1088 1334 1136 me·
1369 1066 1429 1137 tic.
1448 1088 1478 1135 c.
1495 1080 1555 1146 23.
1577 1064 1705 1158 repetit
1719 1061 1842 1156 legem
1861 1053 2033 1169 Romuli:
2059 1052 2100 1121 1·
2113 1055 2173 1122 od·

558 1167 724 1231 eduleerett·
803 1165 869 1232 rito
888 1163 1040 1259 aduersus
1054 1187 1188 1233 uxorem
1206 1165 1334 1234 adulte·
1368 1162 1536 1262 ulterios
1553 1184 1687 1232 uxorem
1701 1173 1794 1250 tuom
1816 1146 2090 1249 deprehendisses,
2110 1150 2175 1246 ῥ’

802 1281 874 1331 rom
893 1259 1098 1360 comesum?
1121 1261 1337 1358 Negattlm·
1368 1262 1486 1334 iudicio
1505 1263 1636 1352 impune
1655 1281 1813 1332 necares.
1838 1255 1895 1323 illa
1913 1264 1945 1321 te
1968 1298 1980 1330 ι
1994 1250 2032 1349 fi
2052 1247 2176 1319 afflic-

528 1352 691 1439 brolius,
715 1353 774 1428 vel
795 1359 1006 1452 quicunque
1028 1361 1120 1431 alius
1145 1359 1182 1431 su
1203 1379 1335 1446 autor,
1370 1383 1491 1445 rores,
1515 1360 1618 1456 digito
1638 1381 1702 1427 reon
1721 1359 1855 1425 ouderet
1871 1353 2051 1445 adtingere.
2104 1343 2175 1416 Cae·

527 1452 569 1524 in
591 1471 724 1522 comm.
760 1475 790 1525 ι.
810 1453 892 1528 Cor.
912 1457 991 1527 VII.
1030 1458 1108 1529 Nou
1130 1459 1337 1551 permittitur
1370 1459 1441 1530 lius
1469 1457 1710 1550 Rhodiginius
1737 1453 1818 1524 libr.
1845 1449 1927 1520 XV.
1955 1448 2069 1539 antiq.
2095 1440 2174 1516 led.

529 1549 679 1627 mulieri,
698 1560 738 1620 ut
753 1554 858 1623 eodm
870 1603 884 1632 ,
888 1554 924 1653 s
935 1556 1042 1625 uirum
1044 1556 1147 1650 suum
1163 1554 1260 1649 cotesto
1261 1556 1337 1649 for·
1372 1578 1449 1649 cap.
1475 1559 1532 1629 16.
1584 1555 1763 1628 Romulum
1781 1543 1980 1646 iege'eooiffe
1991 1543 2083 1637 fitur
2106 1565 2179 1611 tott-

530 1648 702 1723 nicotionit
720 1650 900 1745 dimiserit,
924 1662 984 1722 out
1001 1651 1201 1750 oposlosoe,
1227 1665 1289 1724 oet
1304 1653 1340 1752 s
1358 1651 1453 1746 siut,
1476 1652 1654 1723 nemulieri
1666 1654 1795 1726 uirum,
1818 1650 1853 1716 in
1867 1647 1959 1716 mitet
1973 1666 2073 1712 mone
2088 1663 2178 1711 m
2212 1673 2214 1680 ·

532 1746 637 1816 illicite
655 1745 831 1837 impellente
849 1749 980 1841 loseiuio
993 1750 1086 1842 usum
1103 1763 1243 1846 quaerat
1258 1775 1340 1824 uxo·
1370 1753 1511 1846 eipioque
1532 1753 1731 1820 matrimonii
1750 1745 1845 1840 causo
1859 1744 1976 1836 soret.
1998 1741 2178 1836 relinquere

444 1843 449 1852 “
534 1846 605 1930 rit,
622 1846 700 1938 quio
721 1845 857 1937 inserior
878 1871 944 1920 non
963 1847 1168 1920 omnimodae
1190 1846 1257 1946 lege
1277 1853 1340 1920 uti·
1365 1851 1429 1945 sus
1445 1844 1526 1944 mser.
1576 1853 1640 1921 Sed
1657 1852 1727 1919 uiro
1742 1867 1875 1916 uxorem
1887 1842 2085 1936 repudiare,
2098 1839 2179 1937 fio

536 1955 619 2020 me,
646 1962 713 2037 quo
724 1947 846 2034 potior.
878 1945 922 2018 Et
936 1945 1078 2040 polleat
1106 1946 1181 2018 ldeo
1194 1947 1342 2043 nomseeb·
1374 1950 1545 2018 liberorum
1569 1945 1742 2040 ueneficio,
1766 1956 1827 2014 out
1848 1946 1883 2010 iet
1910 1938 2072 2009 adulterio
2087 1937 2179 2033 soret

535 2042 607 2111 iecit
620 2036 804 2134 apostolus,
830 2043 934 2113 dicens
954 2049 992 2114 de
1013 2048 1108 2124 uiro,
1132 2046 1212 2142 ficut
1225 2051 1263 2117 de
1275 2069 1343 2117 mu·
1375 2043 1586 2139 deprehenso,
1612 2057 1672 2114 out
1696 2045 1799 2115 elooet
1813 2034 2000 2135 flebieeiffet.
2050 2036 2180 2107 Turcae

536 2138 634 2216 licre,
657 2141 743 2232 quod
753 2138 790 2235 s
799 2137 998 2238 diseefferit,
1021 2167 1151 2215 manen
1161 2143 1240 2241 se,
1264 2146 1342 2239 quio
1375 2143 1540 2239 pluribus
1561 2166 1607 2214 ex
1624 2142 1763 2227 causis,
1789 2159 1879 2234 quas
1905 2136 2046 2208 maritis
2077 2154 2180 2204 exeo·

537 2238 611 2306 uiro
631 2234 701 2305 beet
717 2238 829 2307 duem
849 2261 982 2310 uxorem
1001 2288 1016 2317 ,
1037 2242 1067 2332 s
1083 2243 1240 2336 dimiserit
1260 2265 1343 2313 uxo·
1375 2243 1490 2335 guare
1503 2240 1607 2312 facile
1627 2238 1702 2323 cll,
1730 2239 1885 2312 divortia
1909 2233 2076 2321 fuciunt,
2103 2253 2179 2302 mu·

537 2355 607 2405 rem
622 2344 830 2428 peccantem.
855 2339 934 2436 quio
951 2337 1024 2408 uon'
1035 2343 1082 2408 ito
1096 2340 1166 2439 lege
1190 2339 1340 2437 tonstrin-
1375 2340 1481 2410 lieres
1489 2359 1580 2408 uero
1596 2340 1729 2433 aegrius
1743 2334 1866 2407 avitis
1881 2332 2078 2402 divertunt.
2131 2328 2178 2420 ς.)

534 2435 634 2529 gitur
656 2432 709 2500 uir
727 2478 741 2507 ,
786 2445 840 2503 cut
859 2437 981 2504 mulier.
1032 2438 1144 2531 Captet
1163 2443 1247 2508 euim
1270 2463 1341 2508 mu·
1374 2437 1429 2507 Ex
1450 2438 1640 2506 rationibus.
1690 2435 1756 2505 Vir
1774 2430 1821 2501 est
1841 2442 1938 2523 eoput
1954 2428 2121 2505 mulieris,
2140 2447 2179 2498 ae

538 2531 627 2602 lieris
645 2532 697 2598 uie
717 2552 734 2598 e
760 2582 771 2603 .
820 2526 928 2603 Pollet
957 2536 1031 2604 baec
1050 2533 1219 2607 sententia
1241 2535 1342 2608 stabi·
1375 2534 1508 2605 mulier
1517 2556 1562 2604 ex
1572 2529 1773 2627 praescripto
1789 2531 1882 2620 legis
1899 2527 2030 2598 divinae
2046 2523 2095 2597 est
2105 2522 2180 2597 sub·

537 2627 600 2699 liri
629 2627 678 2720 1.)
705 2648 751 2696 ex
772 2627 839 2724 lege·
858 2629 994 2724 moseieo
1015 2636 1053 2701 de
1075 2636 1217 2726 repudiis
1236 2633 1343 2705 Deut.
1378 2629 1496 2721 iedla3
1526 2654 1557 2702 1.
1572 2629 1654 2701 Cor.
1673 2630 1735 2699 XI.
1755 2649 1788 2711 3.
1814 2625 1910 2695 XIV.
1935 2645 1994 2716 34
2022 2625 2113 2719 pr
2136 2620 2178 2692 V.

537 2722 670 2796 XXIV.
691 2745 722 2796 1.
745 2721 905 2796 Malach.
921 2729 964 2797 II.
989 2734 1045 2803 16.
1068 2731 1275 2803 conceditur
1290 2732 1344 2801 vi·
1379 2745 1440 2820 24.
1462 2735 1527 2801 &c
1550 2729 1750 2800 reverentia
1775 2726 1836 2795 illa
1858 2722 1946 2794 viris
1978 2743 2000 2791 a
2022 2720 2179 2792 mulieri·

539 2823 593 2894 rie
618 2868 631 2907 ‚
655 2842 697 2892 ut
720 2842 855 2893 uxores
882 2824 1062 2897 dimittant
1082 2849 1094 2916 3
1129 2827 1343 2900 mulieribus
1379 2823 1447 2896 bus
1480 2826 1598 2896 debita
1620 2846 1692 2896 non
1711 2823 1919 2917 permittere
1941 2821 2119 2905 videtur,
2141 2834 2178 2888 ut
2218 2883 2219 2896 ,

455 2956 457 2960 ·
540 2920 709 2990 eumdem
738 2916 944 3012 potestatem
968 2919 1034 2992 elle
1054 2922 1187 2995 fodiam
1215 2924 1344 2996 nullibi
1379 2923 1544 2993 adulterii
1568 2920 1832 2993 adcusationem
1852 2920 1924 2988 illis
1951 2913 2179 2989 muntenni.
2218 2955 2219 3000 ι

539 3014 688 3110 legitur.
731 3016 807 3085 Nom
813 3019 915 3109 probo
928 3016 1021 3111 isium
1027 3024 1228 3113 paritatem,
1248 3020 1344 3115 (seri
1368 3021 1448 3116 ¹alio
1464 3018 1577 3092 causa.
1595 3018 1632 3090 ff.
1682 3019 1805 3089 Soluto
1821 3015 2030 3088 matrimon.
2069 3003 2220 3106 beuti-1

538 3110 596 3184 bit
612 3111 803 3184 Albeticus
820 3113 973 3188 GentiIIs
989 3116 1069 3189 libr.
1090 3118 1151 3188 VI.
1179 3121 1222 3191 de
1242 3138 1343 3212 nupt.
1378 3136 1437 3188 tus
1452 3135 1537 3189 eum
1553 3117 1665 3190 soluta
1686 3113 1913 3186 consuescens
1930 3135 2005 3182 non
2017 3109 2179 3206 supponit
2218 3193 2219 3214 χ

542 3231 621 3303 cap.
639 3210 725 3303 21.)
751 3220 810 3293 ot,
831 3216 1098 3306 quemadmodum
1107 3215 1210 3310 potest
1228 3207 1280 3287 v'ir
1292 3239 1345 3285 re·
1378 3214 1538 3286 alienum
1557 3215 1726 3285 heredem
1743 3261 1755 3298 ,
1784 3235 1855 3282 non
1876 3210 1995 3281 reddit
2009 3210 2180 3280 incertam
2215 3227 2219 3238 ·

536 3311 681 3402 pudiare
706 3310 914 3388 adulterum,
954 3316 1003 3381 ito
1029 3337 1113 3383 uxor
1134 3316 1227 3407 ptfflt
1252 3339 1345 3409 repu-
1380 3310 1594 3404 constuprati
1618 3311 1699 3382 letti
1721 3310 1903 3393 sobolem,
1935 3331 2008 3376 non
2026 3308 2181 3378 introdu-

540 3408 633 3476 diore
655 3408 861 3496 adulterum..
896 3409 1043 3501 nuspiam
1073 3413 1129 3480 illo
1157 3416 1289 3504 paritur
1312 3416 1346 3482 in
1380 3411 1427 3479 cit
1441 3410 1683 3480 confusionem
1696 3403 2181 3502 sanguinis&familiarum‚

531 3506 710 3600 seripturis
732 3504 894 3600 expresso,
920 3532 1000 3601 quoe
1018 3513 1115 3578 uetito
1131 3523 1200 3578 erut
1214 3512 1282 3606 lege
1297 3530 1345 3579 oe·
1375 3530 1446 3576 nec
1468 3526 1651 3599 tantopere
1672 3527 1774 3574 nocct
1791 3505 2024 3598 reipublicae‚
2052 3521 2093 3573 ut
2113 3524 2180 3571 rua·

541 3606 605 3674 tert
614 3624 704 3678 ,nou
715 3606 838 3672 ditetur
848 3628 908 3695 pot
920 3627 1036 3673 nouom
1049 3608 1192 3676 indubio.
1227 3609 1277 3696 2.)
1295 3609 1346 3675 Ex
1380 3606 1485 3674 ritata
1511 3625 1597 3674 cum
1625 3602 1749 3673 coelibe
1773 3603 1831 3672 vel
1858 3603 1987 3673 marito
2018 3623 2098 3671 rem
2124 3604 2181 3670 hu·

542 3699 629 3770 utto
645 3698 761 3793 (liridi
775 3699 905 3771 Mattb.
921 3701 967 3769 V.
984 3719 1042 3782 32.
1062 3704 1155 3772 XIX.
1173 3726 1208 3791 9.
1222 3704 1345 3774 ubido
1382 3697 1469 3771 bens
1492 3709 1556 3771 &c

542 3799 623 3867 vito
643 3817 783 3869 tannim
801 3819 955 3867 uxorem
972 3799 1171 3871 dimittente
1185 3803 1346 3872 Salvator
1453 3809 1486 3882 §.
1509 3796 1666 3869 DCXIX.
1715 3799 1782 3868 Sed
1797 3801 2182 3893 ltaecargumentatan·

541 3895 716 3988 loquitur.
769 3893 819 3986 ς.)
845 3895 1088 3990 Ειςίεςειὶυίῐέ.
1139 3901 1345 3969 Severus&
1380 3895 1407 3965 ti
1422 3898 1590 3989 ponderis
1604 3918 1674 3964 non
1692 3895 1795 3981 sunt,
1820 3916 1860 3966 ut
1877 3915 2025 3989 propter
2041 3917 2083 3964 ea
2097 3913 2184 3964 uxo·

539 3994 747 4064 Antoninus
762 3993 786 4061 I.
809 3990 951 4083 publico
973 4017 1003 4064 ι.
1022 3994 1110 4065 Cod.
1126 3999 1169 4065 ad
1187 3999 1258 4090 leg.
1273 3995 1346 4085 Jul.
1382 3997 1411 4063 ri
1427 3993 1576 4087 potestas
1591 3995 1793 4064 adulterum
1808 3996 1979 4064 maritum
1996 3991 2183 4085 repudian-

543 4093 588 4161 de
608 4091 758 4159 adulter.
792 4088 922 4158 Publice
943 4093 1134 4163 iudiciouoo
1148 4094 1346 4163 holmemo·
1382 4093 1419 4161 di
1437 4094 1645 4186 tleneganda
1663 4090 1726 4175 lit.
1754 4093 1842 4183 quin
1865 4093 1985 4185 potius
2006 4091 2184 4160 marito&

542 4190 632 4256 lieret
643 4185 791 4254 adulterii
803 4187 1038 4279 odeufiitiouem
1049 4244 1059 4267 ,
1072 4196 1214 4284 quemvis
1228 4198 1264 4260 de
1276 4216 1347 4259 mo·
1381 4191 1490 4259 uxori
1509 4191 1644 4280 ecquale
1660 4191 1717 4259 ius
1735 4192 1800 4259 bac
1816 4191 1853 4258 in
1875 4209 1976 4282 parte
1994 4186 2184 4280 competit;

543 4286 697 4354 trimom'o
706 4281 773 4374 suo
791 4285 908 4355 violato
930 4292 1020 4381 queri
1040 4291 1164 4367 oeiiut,
1190 4292 1242 4359 lex
1261 4291 1347 4359 Iulio
1383 4288 1480 4378 quod
1503 4284 1698 4376 probamus
1730 4287 1776 4376 1.)
1805 4309 1850 4356 ex
1863 4288 2014 4357 adulterii
2031 4286 2187 4377 ‹definitim

542 4383 709 4459 declarat,
735 4385 1060 4477 quoecummoseulis
1078 4391 1147 4456 iure
1165 4390 1345 4457 matritiod·
1381 4406 1431 4452 ue.
1482 4382 1697 4475 Ubicunque
1715 4385 1818 4454 datur
1837 4406 1967 4455 verum
1989 4383 2185 4476 &proprie

542 4482 672 4576 eufiiudi
688 4480 882 4575 seruitutem
907 4481 1060 4580 detulisset
1079 4532 1093 4572 ‚
1112 4510 1175 4556 uon
1194 4489 1272 4554 idem
1281 4487 1347 4579 so·
1383 4478 1519 4550 ditium
1543 4480 1761 4550 adulterium
1783 4529 1794 4564 ‚
1821 4482 1872 4553 ibi
1895 4481 1989 4552 adest
2013 4478 2185 4551 sufficiens

493 4581 500 4678 ἰ
542 4584 643 4651 minis
652 4581 858 4676 priuilegium
878 4581 999 4653 detulit.
1053 4584 1092 4654 ld
1114 4582 1230 4678 ipsum
1248 4607 1347 4677 repe.
1382 4576 1462 4647 iusti
1480 4581 1624 4649 divortii
1648 4578 1759 4649 causa.
1809 4581 1911 4650 Ratio
1937 4581 2069 4671 pendet
2085 4601 2132 4648 ex
2147 4578 2184 4646 il·

531 4681 692 4751 tritumu
715 4677 940 4749 Constantino
965 4682 989 4751 l.
1013 4683 1139 4775 placet.
1165 4680 1204 4751 C.
1229 4682 1347 4751 Theo·
1383 4677 1455 4759 Iis.
1481 4698 1562 4767 quoe
1586 4700 1632 4745 ex
1654 4674 1747 4745 didio
1769 4676 1895 4747 Christi
1911 4676 2044 4747 Matth.
2066 4677 2111 4746 V.
2131 4691 2185 4759 32·

543 4776 617 4848 dos.
637 4778 679 4846 dc
709 4778 835 4868 repud.
882 4776 936 4870 4.)
964 4780 1016 4847 Ex
1039 4781 1179 4848 oliorum
1197 4783 1346 4875 gentium
1381 4773 1477 4842 XIX.
1495 4794 1529 4860 9.
1545 4773 1717 4865 dinutatu
1733 4770 1808 4844 sum
1823 4775 2010 4868 superius,
2029 4795 2186 4868 quorum

541 4873 664 4971 legibus
685 4895 724 4942 oe
750 4878 901 4946 moribus.
951 4879 1126 4947 Romulus
1157 4878 1347 4969 denegavit
1382 4874 1547 4942 omniunt
1578 4870 1715 4942 summa
1744 4875 1813 4943 buc
1847 4876 1967 4959 redit,
1996 4876 2094 4966 quod
2123 4892 2186 4964 por

542 4970 1347 5065 foeminisfacultatcmadcusandiviros‚q11om
1382 4970 1598 5041 adulterium
1615 4969 1768 5039 soltutur
1788 4974 1978 5041 vinculum
1997 4973 2183 5066 coniugii,

543 5069 706 5146 concedit
730 5069 819 5147 virle
845 5073 883 5146 in
909 5070 1086 5148 foemittas.
1135 5072 1345 5148 Plutarchus
1383 5084 1421 5140 ut
1438 5069 1609 5165 coniuges
1625 5090 1698 5140 nou
1719 5073 1873 5165 amplius
1894 5069 1958 5144 lint
1980 5094 2062 5144 caro
2090 5092 2184 5154 una,

2145 5190 2184 5242 ae
