4884 5984
360 531 431 607 ns
741 519 917 596 aucas
940 519 1086 597 xxva
1137 473 1342 598 eruut
1393 491 1539 599 sscri
1564 515 1644 598 rru'·
1675 533 1700 632 g
1785 471 1789 478 ’

223 715 229 729 ’
360 733 485 797 mant,
507 709 562 790 sed
582 712 855 808 presentes-sant
875 718 910 790 in
925 714 1195 810 desponsatione,
1219 738 1460 812 cognatorum,
1485 728 1551 794 &a
1572 736 1694 807 qatnm
1710 717 1959 808 ast-parentam.
1973 719 2056 792 Un-

361 825 398 889 dt
412 835 531 888 tacent.
584 819 696 904 Atque
716 813 771 891 ltic
796 818 916 890 tacitas
936 811 1197 891 consensussas-
1220 822 1264 892 de
1280 821 1380 894 etism
1401 825 1475 907 jare
1496 816 1590 890 civili
1615 815 1682 906 lilia
1707 818 1794 907 patri
1818 811 2059 908 nnsdespou·

360 909 455 1000 ficit,
478 909 501 984 sr
523 939 543 986 a
566 936 664 1003 patre
685 911 742 987 liat
765 909 983 1006 desponsatio.
997 915 1021 988 Ι.
1039 913 1085 990 In
1111 938 1202 1013 pon.-
1222 917 1315 990 denti
1336 913 1521 994 consentite
1536 915 1684 1008 cogitur,
1715 922 1750 990 dt
1772 937 1839 988 ano
1859 907 2056 990 satannio

354 1007 493 1109 sardibus
506 1037 539 1098 7.
546 1009 592 1108 ff.
611 1007 652 1084 de
660 1008 851 1110 spronfiasib.
902 1010 1058 1111 intelligi
1086 1039 1197 1112 emper
1221 1012 1433 1088 dissentiendi
1466 1011 1658 1088 facultatem
1683 1011 1812 1097 habet,
1847 1013 2058 1114 nimiramfl

354 1108 449 1209 filice
463 1121 597 1208 putrem
628 1110 826 1209 consentire,
851 1113 916 1282 nist
937 1113 1104 1188 euidenter
1126 1111 1197 1212 dis·
1222 1114 1401 1209 indignum
1421 1111 1571 1186 maribus
1598 1109 1653 1185 ael
1671 1122 1799 1206 turpem
1844 1129 1975 1187 metatu
1987 1124 2058 1208 pai

357 1207 500 1308 stulius.
551 1211 704 1302 Julianus
732 1207 849 1286 scribit
892 1209 1002 1286 ,διό
1030 1233 1112 1310 quae.
1143 1235 1195 1287 η.
1221 1224 1273 1286 ter
1289 1213 1412 1312 elegit,
1439 1211 1462 1284 s.
1476 1209 1540 1306 stri
1557 1233 1629 1308 quae
1645 1211 1768 1308 patris.
1818 1210 1890 1284 .de
1907 1207 2055 1308 [μοιβ

362 1311 504 1382 sudeus:
537 1305 1001 1407 Qaaepantsvoumorinon
1015 1321 1194 1410 repugnas,
1221 1309 1321 1386 sibus.
1372 1313 1436 1385 Sed
1452 1313 1487 1381 iu
1511 1307 1677 1384 tatoribus
1699 1308 1795 1381 aliter
1817 1304 1849 1381 se
1872 1310 2057 1390 resbabet.

361 1403 545 1502 consentire
566 1405 780 1506 intelligitur.
809 1412 895 1484 'sed
913 1409 937 1483 si
956 1437 978 1486 a
996 1411 1194 1504 tutoribus,
1221 1409 1275 1482 uli
1288 1412 1380 1484 enim
1396 1431 1465 1481 nou
1484 1405 1617 1500 possunt
1644 1407 1785 1498 pupillis
1803 1409 2056 1504 imperares-us

263 1521 268 1536 ¹
361 1502 550 1588 frutribus,
573 1511 746 1598 cognatis,
777 1517 843 1585 dte.
874 1504 933 1583 siat
957 1501 1195 1602 despinsatio,
1220 1507 1310 1592 huie,
1329 1506 1384 1583 ael
1404 1505 1453 1577 illi
1470 1504 1617 1592 nubant,
1644 1504 1700 1596 sed
1722 1507 1885 1580 amnites
1906 1507 2058 1600 popilio·

359 1625 431 1677 nou
446 1600 566 1679 suflicit
590 1602 764 1682 consensus
779 1611 926 1688 tacitas,
961 1602 1016 1684 sed
1048 1610 1191 1698 requiri·
1214 1633 1291 1680 ram
1316 1606 1486 1680 voluntate
1509 1601 1582 1677 fieri
1609 1603 1733 1677 debent
1753 1602 1776 1680 l.
1791 1605 1824 1704 st
1844 1605 1960 1702 puelle
1977 1610 2056 1686 eod,

362 1722 419 1774 tur
433 1699 618 1793 expressast
642 1708 806 1782 rationem
819 1702 992 1800 adsignant
1003 1709 1194 1796 eam,qaod
1217 1711 1294 1784 uid.
1306 1706 1517 1802 Crproeusde
1534 1697 1710 1798 sponsalib.
1728 1727 1801 1798 cap.
1812 1703 1987 1782 vunan.
1998 1723 2060 1800 140·

358 1823 431 1874 non
457 1799 496 1878 st
524 1825 614 1878 mata
644 1807 788 1898 poteslas
820 1827 997 1891 tutorum,
1027 1803 1200 1892 fratrum,
1735 1809 1739 1816 '

894 2045 897 2052 ’
997 2078 1312 2206 susurro
1359 2021 1452 2159 aaa
1566 2147 1568 2152 ,

419 2221 524 2354 ⁵uu
576 2276 725 2356 crasa
774 2270 1082 2356 ussuruouu
1130 2279 1476 2353 aurscrnaura
1524 2277 1589 2355 nc
1637 2276 1932 2358 oauoueura
1951 2297 1970 2368 ,·
1991 2307 2015 2342 κ

841 2402 946 2474 uoc
992 2403 1100 2490 ass,
1150 2403 1213 2473 os
1263 2401 1569 2474 srousnruvs.
2025 2437 2060 2451 ..

1095 2581 1123 2658 §.
1173 2567 1332 2648 CXXIV.

299 2737 302 2742 ,
388 2734 549 2826 mensus
695 2682 898 2775 Consensas,
917 2686 976 2778 qai
992 2687 1196 2764 elielliciens
1217 2689 1364 2761 aionem
1378 2685 1600 2778 copulentur,
1625 2691 1661 2764 in
1680 2688 1824 2765 ecclesie
1840 2687 1925 2766 satie
1939 2651 2079 2782 publi-f

363 2821 387 2889 p
428 2824 578 2902 pm„
626 2789 829 2860 matrimonii
855 2785 950 2860 taust
963 2834 976 2868 ,
1007 2788 1195 2861 declaratur
1217 2809 1257 2859 ce
1280 2786 1555 2878 interrogentur,
1578 2813 1620 2862 an
1641 2785 2062 2888 ‘ns-conjopiom'osnsem

356 2887 507 2989 sattius,
539 2891 580 2960 rs
626 2908 695 2958 non
734 2882 839 2959 solam
878 2887 911 2957 in
957 2888 1105 2974 nuptiis,
1139 2882 1194 2960 sed
1218 2884 1339 2958 siant?
1374 2909 1452 2957 caut
1479 2905 1590 2962 snitu
1619 2895 1687 2977 ism
1721 2911 1800 2962 ante
1827 2892 1862 2962 in
1890 2881 2055 2978 sponsalis

363 2980 578 3123 ''illim‘'
627 2986 734 3155 {lsi}
747 2979 1193 3158 ssssss‘sssltsls
1218 2974 1914 3180 ‘iiiii-‘mnis..Eiusf'siiiiia
1928 2984 1971 3062 ε’
1987 3005 2055 3159 p·

240 3195 248 3206 ‘
363 3181 575 3277 disponentes
603 3207 641 3254 sc
665 3111 906 3271 praepariintes,
932 3184 1007 3252 ideo
1031 3181 1095 3253 hoe
1118 3137 1194 3254 loti
1211 3106 1395 3282 ilinsiiane’.
1414 3107 1481 3256 quii
1516 3111 1730 3272 sponsalitii
1751 3112 1876 3276 napiiis
1908 3111 2057 3261 iestis

363 3280 623 3374 desponsalibus
648 3303 750 3372 agere
776 3282 926 3353 nouerit
947 3280 1192 3354 inconveniens.
1217 3276 1352 3352 realiter
1367 3273 1442 3351 sunt
1456 3282 1629 3363 diamur,
1652 3284 1768 3372 utique
1793 3289 1893 3356 etiarn
1915 3277 2057 3357 consen·

362 3385 555 3472 Antequam
589 3403 671 3452 vero
696 3381 737 3450 ad
765 3373 1003 3470 sponsaliorum
1041 3401 1193 3452 natarum
1218 3375 1270 3450 sas
1291 3371 1497 3466 sponsalitias
1520 3375 1709 3455 sconsensa
1721 3382 1960 3455 matrimoniali
1978 3405 2054 3459 ttae..¹

362 3479 595 3571 declarandam
620 3479 898 3569 progrediamur,
922 3479 1106 3551 notandam
1125 3481 1194 3558 esl,
1218 3479 1284 3549 rito
1299 3472 1468 3551 diuinitus
1490 3475 1651 3574 censetur.
1725 3477 1901 3580 Connrxio
1935 3499 2054 3571 patet,

345 3577 454 3655 dead
483 3579 650 3653 immerito
679 3574 850 3665 duplicem
879 3572 1071 3649 consensum
1096 3577 1191 3649 statui
1218 3578 1294 3667 qaia
1323 3600 1389 3647 non
1418 3573 1547 3666 possent
1569 3580 1738 3668 naptiaea
1769 3575 2053 3671 sponsalium&

353 3676 604 3780 sponsalitium
621 3676 876 3771 &nuptialem
928 3675 1191 3774 Quamvisenim
1218 3669 1375 3765 sponsalia
1401 3700 1421 3745 a
1452 3676 1579 3765 nuptiis
1609 3678 1790 3769 distingui,
1823 3676 1847 3750 s
1879 3671 2053 3750 consensus

361 3777 564 3873 generaliter
578 3775 747 3865 loquendo
766 3769 1001 3848 consensuram
1022 3768 1191 3864 sponsalia,
1218 3768 1440 3862 sponsalitias,
1467 3776 1526 3863 qai
1554 3775 1588 3845 in
1613 3769 1816 3865 sponsalibus
1836 3775 2053 3862 declaretur,

364 3902 467 3968 quam
488 3874 739 3948 matrimonium
761 3871 935 3958 confiant,
976 3893 1087 3947 tamen
1108 3871 1192 3945 alias
1215 3867 1295 3945 esset
1318 3870 1473 3944 omnibus
1511 3874 1619 3945 modis
1657 3874 1747 3947 idem
1782 3900 1861 3950 cam
1892 3867 2064 3949 consensa·

363 3977 413 4051 est
436 3969 629 4053 consensus,
655 3994 717 4058 per
735 3994 837 4058 quem
852 3967 1060 4068 sponsalia,
1084 3969 1192 4053 alias,
1217 3967 1379 4066 nuptiali,
1406 3969 1470 4040 hoc
1485 3973 1552 4051 est,
1576 3991 1644 4048 tota
1660 3981 1695 4049 dt
1712 3972 1844 4068 integra
1858 3975 2054 4064 nuptiarum

359 4089 548 4166 perquem
567 4068 821 4143 matrimonium
843 4068 1072 4161 contrahitur,
1098 4072 1190 4160 qaod
1215 4065 1328 4148 caasa,
1354 4093 1431 4141 cam
1456 4065 1551 4143 caasa
1579 4067 1762 4147 sufficiente
1791 4077 1826 4148 in
1852 4073 1928 4145 asia
1945 4071 2054 4164 posita·

359 4191 455 4263 patet
485 4196 512 4242 r.
543 4175 590 4242 Ex
605 4166 871 4243 assumentium
884 4168 1075 4241 intensione.
1118 4170 1189 4269 Qui
1215 4161 1394 4243 necessario
1416 4191 1562 4255 ponatur
1589 4166 1742 4243 effeuas.
1794 4173 1859 4246 Sed
1891 4165 2055 4260 sponsalia

362 4273 400 4346 in
422 4169 581 4361 sponsilia
598 4264 780 4348 consentit,
806 4291 875 4341 nou
899 4265 1001 4344 habet
1024 4266 1082 4340 fibi
1101 4263 1190 4339 hanc
1214 4294 1234 4340 a
1258 4267 1382 4356 uaptiis
1399 4268 1575 4358 distingui,
1601 4276 1637 4344 &
1658 4271 1793 4358 quidem
1812 4265 1991 4344 necessario
2003 4273 2056 4345 di-

361 4366 571 4462 propasstarn
588 4363 713 4454 finem,
739 4370 830 4457 quad
843 4391 884 4442 eo
901 4362 973 4458 ipso
986 4368 1093 4442 statim
1106 4388 1190 4438 tem·
1215 4365 1353 4458 stingui,
1376 4358 1436 4436 sab
1456 4363 1559 4439 linem
1578 4363 1677 4455 baJas
1695 4367 1827 4441 articuli
1848 4371 2055 4446 demonstra·

362 4494 449 4560 pote
470 4469 609 4540 maritas
628 4463 729 4546 lieri,
769 4475 808 4540 dt
830 4468 1080 4540 matrimonium
1111 4489 1192 4539 ceu·
1214 4462 1323 4547 bisant
1342 4467 1456 4554 atique
1475 4489 1560 4558 ergo
1580 4470 1681 4538 etiam
1696 4462 1900 4555 sponsalitias
1914 4462 2068 4544 consen.-

362 4559 745 4646 sausnsareuelit,sedut
762 4558 896 4654 sponsas
913 4563 981 4651 siet,
999 4566 1125 4658 &pusi
1141 4567 1193 4636 in·
1214 4557 1266 4636 sas
1287 4590 1305 4636 a
1326 4562 1469 4654 nuptiali
1492 4567 1539 4636 esl
1555 4566 1823 4656 distinguendas.
1868 4567 1924 4658 4.)
1939 4570 1987 4638 Ex
2002 4566 2056 4642 rei
2094 4633 2097 4639 .

363 4664 543 4740 tervallatn
561 4661 696 4753 aliquod
716 4665 878 4753 temporis
905 4665 1048 4756 nuptias
1061 4683 1194 4735 contra·
1216 4664 1318 4764 ipstus
1334 4673 1460 4736 natura
1481 4657 1522 4737 ss
1537 4662 1739 4739 conditione.
1789 4660 1893 4740 uliud
1913 4667 1960 4736 esi
1973 4689 2058 4757 ptu-

362 4763 432 4839 brt.
484 4763 556 4860 Qui
571 4783 653 4837 veto
667 4761 849 4853 innuptias
865 4759 1048 4844 consentit,
1068 4758 1193 4853 eoipso
1217 4765 1371 4847 mittete,
1407 4760 1499 4833 aliad
1524 4760 1774 4852 promisfronem
1810 4763 1986 4855 implere,
2017 4775 2057 4843 dr

362 4867 472 4938 uatin
496 4884 651 4952 tempore
679 4863 817 4935 maritas
843 4858 916 4937 fieti
937 4863 1077 4955 expetit.
1143 4873 1191 4956 ι.)
1224 4855 1521 4953 quodpromisi'am
1542 4863 1609 4944 est,
1636 4865 1669 4935 in
1693 4861 1852 4938 effessum
1874 4865 2054 4940 deducere.

363 4969 414 5039 Er
440 4959 613 5062 cousensus
640 4959 882 5056 geminatione.
959 4969 998 5036 ln
1036 4959 1195 5036 omuibus
1225 4961 1327 5036 Aliud
1343 4964 1390 5034 esl
1410 4962 1542 5054 nuptias
1563 4962 1786 5045 contrahere,
1810 4962 1899 5036 aliud
1913 4963 1955 5032 ad
1973 4983 2056 5058 con.

363 5064 504 5138 omuino
527 5055 672 5138 eeclesiis
696 5085 898 5152 receptam,
934 5083 973 5136 ut
997 5058 1195 5155 sponsasse
1225 5062 1401 5135 trahendas
1431 5065 1564 5154 nuptias
1586 5056 1651 5136 sese
1676 5061 1837 5154 obligare.
1910 5060 1984 5160 Qui
2017 5063 2056 5140 in

359 5157 497 5259 sponsa,
520 5175 781 5258 anteqmusp'tt
795 5156 1034 5243 seoetdotalem
1050 5163 1198 5245 beredi-
1224 5155 1385 5254 sponsalia
1404 5157 1585 5244 multatim
1603 5185 1672 5238 uon
1689 5164 1797 5240 surim
1818 5161 1951 5253 nuptias
1972 5183 2057 5235 con·
