4884 5984
662 453 1376 596 ·'³'³''na'sronsan1ars
1514 473 1517 482 '
1802 463 1805 470 ’
1890 501 1963 592 151·
2048 581 2052 594 ,

273 695 411 773 nonistae
428 685 807 777 tensureecclesnsticae
821 718 898 768 cunr
918 689 1104 782 subjiciunt.
1128 696 1202 784 prie
1226 692 1436 767 &adcurate
1463 691 1631 780 loquendo
1652 717 1719 766 non
1740 691 1868 766 oriatur
1884 691 1960 765 trlir

274 822 315 870 ro
340 853 348 868 .
369 820 415 868 ex
430 791 542 865 literis
555 791 600 865 rt.
618 794 657 865 de
669 791 897 889 sponsalibus.
950 799 1031 883 Jure
1060 797 1106 864 ci·
1127 791 1288 876 adfinitas,
1312 790 1378 862 save
1395 794 1586 880 conjuntiio
1597 795 1684 864 inter
1698 787 1959 883 consanguinem

274 821 339 971 risi
356 893 472 966 arrhas
495 894 587 962 datas
613 895 761 972 amittit,
795 903 830 965 &
860 892 917 978 qui
949 894 1105 980 accepit,
1129 885 1234 976 sponsa
1249 897 1283 964 δι
1304 883 1443 977 sponsae,
1464 889 1569 977 qualis
1596 915 1657 976 per
1675 891 1806 978 nuptias
1828 911 1961 974 contra-

270 991 461 1083 duplicatas
486 992 657 1062 restituere
669 992 833 1082 cogitur,
860 990 883 1060 l.
903 987 1044 1062 Mulier.
1073 1012 1103 1077 5.
1128 986 1239 1067 hitura
1264 1008 1375 1060 tamen
1398 989 1505 1058 oritur
1519 1013 1558 1058 ex
1574 987 1638 1059 illis
1650 989 1784 1088 justitio
1810 985 1960 1088 nonesta-
2076 997 2084 1010 '

281 1088 322 1165 C.
340 1086 575 1186 despronsalib
597 1084 638 1160 ss
653 1086 769 1162 cericis
783 1083 964 1183 sponsalis.
986 1110 1105 1173 excep-
1127 1086 1173 1156 tis
1189 1083 1355 1180 publice,
1380 1104 1418 1155 ut
1443 1109 1583 1157 canones
1610 1108 1750 1173 vocant,
1771 1111 1843 1176 que
1859 1083 1978 1167 facit,¹

277 1194 319 1264 tis
335 1211 445 1262 tamen
459 1190 557 1259 certis
571 1184 695 1258 casabus
709 1189 742 1256 in
759 1185 823 1258 d.l.
841 1183 1006 1275 exprellis.
1025 1191 1105 1256 Arr-
1128 1205 1165 1252 ut
1190 1185 1280 1255 inter
1300 1180 1404 1271 sponsa
1429 1191 1464 1258 δι
1489 1178 1612 1273 sponse
1639 1208 1798 1275 cognatos
1830 1186 1961 1257 ratione

277 1288 412 1362 naetnae
442 1288 476 1355 in
510 1283 677 1374 plerisque
708 1284 903 1355 consistoriis
934 1279 1104 1356 causarum
1128 1283 1332 1352 matrimonii
1344 1280 1702 1370 prohibendiquicdam
1718 1279 1869 1355 adfinitas
1881 1307 1961 1354 ten.-

273 1381 573 1460 matrimonialium
590 1379 753 1471 Judicibus
770 1381 869 1453 hodie
887 1386 1034 1467 cedunt,
1049 1378 1103 1452 sed
1128 1372 1234 1455 statur
1254 1381 1400 1451 induite.
1420 1375 1444 1452 l.
1473 1381 1500 1474 fi
1519 1403 1583 1475 qna
1611 1382 1705 1454 milri.
1729 1380 1753 1453 l.
1768 1381 1802 1479 st
1819 1376 1964 1476 adepti*

271 1481 460 1558 consultius
474 1477 614 1552 fortaffis
636 1476 738 1559 esset,
764 1484 877 1550 erario
891 1480 1104 1552 ecclesiastico
1127 1499 1198 1549 aar.
1225 1478 1266 1549 de
1289 1477 1359 1548 ritu
1384 1480 1533 1573 nuptiae.
1565 1500 1638 1573 cap.
1665 1479 1712 1552 od
1736 1477 1957 1551 audientiam.

277 1609 332 1657 eas
350 1578 485 1666 inferri,
509 1602 552 1649 ne
571 1577 684 1650 carum
707 1582 829 1667 intuitu
857 1583 896 1649 od
929 1573 1103 1668 sponsalio·
1131 1598 1204 1673 rep.
1215 1571 1386 1672 sptonsorn.
1400 1573 1673 1672 desponsalibus.
1727 1579 1823 1673 Quin
1836 1587 1871 1652 δι
1887 1601 1961 1667 quae

279 1705 354 1754 rum
382 1675 605 1748 dissolutiones
630 1676 692 1747 sant
719 1673 959 1765 propensiores.
1027 1679 1104 1760 Nec
1125 1700 1167 1746 er
1188 1670 1391 1763 sponsalibus
1405 1671 1556 1764 speratur
1574 1674 1743 1759 adfinitas,
1770 1673 1961 1788 verbilpra·

278 1777 448 1851 immerito
465 1772 597 1846 desertae
613 1774 737 1863 sponsae
755 1778 862 1852 adid,
890 1777 978 1862 quod
1002 1776 1104 1845 inter·
1127 1776 1267 1863 prietate
1285 1769 1424 1844 cessante
1446 1773 1557 1844 locum
1581 1772 1680 1846 habet
1706 1797 1767 1863 per
1792 1774 1963 1862 interpre-

279 1878 347 1965 est,
369 1872 443 1944 talis
460 1867 608 1945 desertor
628 1894 776 1952 tenetur,
810 1876 889 1958 quin
919 1883 954 1945 dt
982 1873 1105 1944 multia
1128 1874 1285 1942 tationem
1302 1873 1337 1940 in
1351 1874 1434 1958 juris
1454 1871 1561 1942 civilis
1585 1869 1760 1959 capitibus.
1781 1868 1806 1942 l.
1831 1868 1961 1946 Labeo

279 1973 470 2065 pecuniaria
491 1969 545 2042 vel
568 1964 644 2041 fisco
667 1968 861 2049 inserenda,
898 1970 950 2042 vel
970 1967 1104 2041 deserte
1128 1965 1165 2069 §
1194 1995 1220 2039 t.
1247 1968 1416 2057 Ulpianus
1438 1970 1538 2041 dicit:
1569 1966 1691 2042 Generi
1712 1966 1753 2042 ss
1771 1993 1875 2043 nurus
1895 1969 1960 2043 ud·

279 2066 427 2166 persone
449 2069 668 2157 adiudicanda
685 2069 826 2156 puniri,
861 2068 914 2139 vel
942 2071 976 2139 in
1000 2091 1104 2138 terro·
1124 2066 1303 2164 pollutione
1317 2062 1462 2162 spronsrts
1483 2090 1607 2162 quoqrte
1625 2064 1667 2141 ss
1684 2064 1815 2164 sponsa
1849 2070 1959 2143 conti·
1983 2109 1985 2114 ·

280 2196 352 2246 rem
369 2166 668 2258 anoton-‘carcere
689 2163 791 2253 pleni
814 2169 944 2252 potest,
978 2169 1104 2238 ratione
1127 2177 1265 2250 nentur,
1303 2165 1381 2236 item
1405 2163 1499 2259 soen
1529 2162 1570 2238 ss
1594 2163 1714 2261 faterin
1735 2163 1976 2260 mipeslotione-

231 2289 234 2296 ’
278 2263 497 2361 personarum
517 2265 881 2338 &circumstantiarum
902 2264 1023 2336 habita.
1037 2266 1104 2348 cy·
1120 2261 1319 2363 [pransorem
1329 2274 1485 2360 parentes
1497 2265 1661 2337 contineri
1674 2262 1849 2346 videntem
1868 2267 1961 2355 quod

280 2389 391 2460 praeus
410 2368 452 2436 de
460 2357 639 2453 sponsalib.
661 2385 733 2449 cap.
753 2366 829 2431 Xll.
850 2365 877 2452 s.
898 2369 930 2437 6.
952 2389 984 2433 n.
997 2386 1028 2432 2.
1047 2360 1105 2431 ubi
1127 2386 1314 2454 congruum
1352 2364 1398 2433 est
1428 2361 1496 2459 juri
1525 2365 1663 2444 divino,
1696 2366 1751 2433 irr-
1766 2385 1833 2450 quo
1850 2361 1961 2455 'spon-

280 2485 389 2548 notat‚
414 2464 449 2532 in
480 2459 675 2550 quibtudam
701 2458 779 2529 locis
806 2457 964 2547 peculiari
986 2461 1105 2530 statuto
1129 2455 1159 2531 sa
1177 2455 1327 2531 censetur
1345 2483 1455 2541 uror,
1485 2463 1573 2532 unde
1600 2464 1701 2534 etiam
1724 2455 1828 2550 spons
1858 2471 1961 2551 apri
2199 2523 2202 2530 ,

283 2585 441 2640 cantum,
465 2563 571 2637 otis,
593 2561 651 2646 qui
676 2549 879 2646 sponsalibus
909 2559 1105 2644 renunciat,
1128 2555 1281 2630 rentibus
1320 2553 1442 2648 sponsae
1478 2548 1593 2651 generi
1623 2557 1842 2649 adpellantur.
1872 2565 1958 2638 Gen.
2085 2636 2101 2652 ,,
2186 2608 2189 2616 ι

284 2673 320 2738 dt
338 2653 696 2749 desponsatamducere
713 2650 860 2734 recusat,
884 2654 1014 2728 multis
1046 2678 1105 2725 no·
1127 2662 1221 2727 xlx.
1245 2679 1296 2747 ¹4·
1345 2652 1575 2745 jurisconsulti
1597 2659 1731 2736 dicunt,
1759 2657 1795 2728 in
1810 2657 1960 2753 sonora·

231 2783 234 2798 ²
283 2763 375 2838 mine
395 2753 575 2829 dimidiant
593 2759 723 2850 partem
742 2751 834 2824 dotis
851 2748 965 2824 lblvat.
991 2817 997 2827 ,,
1029 2751 1255 2824 Mobilibus
1273 2746 1432 2846 sponsum
1456 2755 1575 2826 mariti
1601 2751 1642 2826 ss
1654 2751 1814 2850 'sconsam
1838 2759 1974 2832 enoris,

282 2885 322 2934 re
338 2858 439 2929 etiam
455 2876 631 2941 receptum
645 2854 702 2928 est,
712 2872 748 2920 ut
764 2849 835 2920 talis
849 2844 996 2921 desertor
1009 2850 1104 2919 aliam
1128 2849 1201 2923 loco
1219 2874 1301 2945 pene
1324 2852 1359 2921 in
1381 2849 1533 2924 ornatibus
1555 2851 1696 2937 laubaci,
1728 2873 1793 2924 non
1817 2855 1895 2928 item
1920 2857 1958 2928 in
1988 2929 1990 2936 ,

282 2957 343 3031 nbi
363 2953 587 3026 conditionem
606 2972 777 3036 querere,
804 2950 835 3017 id
852 2949 925 3026 est,
951 2971 1028 3018 cnm
1043 2946 1106 3017 alia
1130 2949 1275 3046 odiofie.¹
1337 2945 1511 3019 Albericus
1548 2950 1687 3022 Gentilis
1723 2950 1798 3021 libr.
1839 2953 1883 3026 ll.
1915 2945 1986 3026 de
2084 2949 2088 2958 “

283 3051 533 3128 matrimonium
554 3045 750 3119 contrahere
763 3045 993 3131 prohibeatur,
1007 3069 1106 3131 qtraen
1132 3070 1227 3135 nupt.
1259 3070 1332 3135 cap.
1362 3053 1485 3117 XXIV.
1529 3045 1764 3122 Wesenbecius
1794 3048 1828 3120 io
1849 3075 1957 3140 parat.

283 3150 478 3227 sententiam
493 3149 592 3218 etium
615 3142 648 3217 b.
668 3143 815 3215 Lnthero
836 3153 870 3215 δι
894 3143 963 3212 aliis
981 3140 1106 3212 theolo·
1126 3148 1173 3216 'de
1191 3139 1295 3232 spons.
1314 3168 1405 3213 nutu.
1425 3169 1458 3225 7.
1509 3146 1558 3218 Ad
1570 3141 1803 3234 sponsaliorum
1818 3145 1959 3223 elienor

283 3253 338 3343 gis
355 3244 492 3338 probari
514 3246 638 3321 uideo,
661 3249 755 3330 cujus
779 3244 862 3310 ratio
892 3241 995 3311 dubio
1027 3262 1108 3327 pro·
1128 3237 1232 3317 etiarn
1262 3239 1326 3311 hoc
1359 3236 1535 3331 referunt,
1568 3245 1658 3330 quod
1679 3263 1757 3332 pars
1785 3245 1961 3321 dissolvens

280 3350 340 3428 ,col
353 3372 397 3417 cx
410 3345 484 3415 loco
504 3340 682 3430 apostolico
708 3364 719 3412 ι
741 3340 821 3412 Cor.
839 3336 919 3408 Vll.
948 3359 999 3412 ιι.
1023 3339 1107 3425 peti·
1131 3336 1324 3431 sponsalia,
1362 3337 1416 3409 vel
1444 3337 1623 3427 perquam
1646 3341 1733 3426 slot,
1764 3347 1961 3430 quominus

285 3466 342 3518 ta:
368 3437 413 3518 Si
431 3463 521 3514 uxor
537 3435 677 3533 discedit
699 3435 832 3520 avire,
858 3447 992 3507 ntaneet
1015 3438 1111 3507 irinu·
1135 3435 1349 3510 contrahatur
1373 3439 1641 3517 matrimonium,
1672 3441 1785 3511 arrhas
1800 3447 1890 3514 dotas
1906 3441 1962 3513 rel

280 3554 365 3643 pta,
406 3550 467 3630 ant
482 3539 556 3611 viro
573 3532 813 3608 reconcilietur.
857 3537 917 3605 Sed
940 3537 1016 3620 (ruia
1032 3559 1112 3604 con·
1135 3557 1286 3624 acceptas
1307 3536 1452 3615 amittat,
1478 3544 1512 3609 δι
1538 3538 1731 3608 tantundem
1748 3542 1790 3609 de
1808 3534 1866 3612 suo
1885 3542 1965 3612 red·

285 3639 496 3725 scientiarum
517 3646 553 3710 δε
573 3630 772 3715 infirmitatis
789 3629 938 3703 humane
962 3630 1112 3703 habenda
1136 3637 1215 3704 dere
1252 3652 1401 3726 rogauit.
1443 3629 1467 3705 l.
1499 3630 1628 3705 melier.
1665 3631 1705 3708 C.
1740 3633 1789 3707 de·
1805 3634 1960 3754 sponsal.

287 3743 336 3813 eti
355 3740 463 3815 ratio,
483 3736 615 3804 ideo'ad
634 3730 719 3802 hanc
736 3755 869 3818 paenam
890 3753 956 3799 nou
971 3731 1017 3800 est
1031 3727 1112 3799 faci·
1137 3738 1233 3815 ltem,
1249 3735 1337 3817 §od
1357 3726 1741 3822 stalterdesponsorum,
1766 3743 1962 3823 priusquam

231 3871 234 3878 ·
288 3837 322 3909 le
339 3831 593 3909 discedendum,
617 3826 669 3899 vel
687 3826 708 3899 st
728 3826 877 3915 imposita
899 3826 955 3904 sr't.
983 3848 1024 3900 co
1042 3851 1113 3897 mo-
1131 3831 1259 3917 nuptiae
1290 3822 1529 3910 celebrentur,
1561 3832 1731 3903 excedere
1748 3834 1835 3914 rita,
1859 3838 1963 3906 dont·-
1987 3889 1992 3898 .

290 3935 334 4006 da
349 3931 488 4006 relaxari
501 3930 626 4018 potest,
649 3949 685 3996 ut
713 3927 838 3996 vitandi
869 3919 1009 4010 scandali
1029 3947 1113 4016 ergo
1133 3929 1183 3998 tio
1208 3926 1363 4013 utrinque
1392 3922 1478 3996 fana
1502 3922 1731 4008 rescindatur,
1765 3940 1800 4005 te
1828 3931 1892 4004 vei
1911 3927 1965 4003 su·
2057 3982 2063 3996 .

289 4030 444 4122 jubeatur
457 4028 522 4099 alia
534 4024 645 4103 abire,
660 4023 849 4111 ibidemque
864 4024 1114 4094 matrimonium
1136 4020 1340 4113 pernicitas
1361 4030 1431 4109 eius
1447 4022 1569 4098 haertdi
1587 4029 1793 4111 restituatur,
1819 4027 1876 4112 nisi
1887 4055 1964 4102 cau·

291 4123 545 4202 contrahereilli
561 4123 784 4211 permittatur.
837 4117 1112 4192 Dissolutioeuim
1137 4118 1224 4201 sans,
1248 4145 1285 4192 ut
1311 4124 1434 4207 nuptie
1454 4148 1519 4216 non
1547 4122 1818 4210 celebrarentur,
1840 4125 1964 4199 defun·
1994 4117 1996 4121 ⁸

292 4222 528 4317 sponsaliorum
557 4223 752 4292 audioritate
791 4220 1004 4309 magistratus*
1030 4214 1114 4288 satia
1138 4225 1184 4291 iii
1204 4217 1344 4306 persona
1363 4227 1429 4305 jam
1447 4217 1643 4307 prabuiss'et.
1658 4222 1680 4293 l.
1700 4249 1731 4311 3.
1759 4217 1799 4296 C.
1814 4222 1964 4322 despon-

292 4323 507 4415 intelligenda
524 4321 570 4390 eii
593 4342 665 4389 cnm
681 4314 817 4408 effide,
841 4340 879 4386 aa
906 4313 1001 4387 satius
1028 4311 1116 4385 foret
1131 4315 1277 4415 'saliban
1306 4315 1401 4389 Olim
1420 4320 1518 4388 etiam
1537 4318 1963 4407 sponsalia-atiionemcon'·

293 4425 399 4495 modis
411 4445 451 4493 ac
467 4418 584 4490 mediis
607 4413 759 4488 omnibus
780 4418 820 4486 ad
844 4412 920 4484 fidei
946 4416 1114 4485 matrimo-
1140 4441 1189 4487 rra
1209 4411 1361 4504 sponsum
1377 4415 1627 4502 producebant,
1648 4423 1964 4508 ioquojudercom'·

231 4527 234 4584 t
294 4520 387 4593 nialis
416 4522 501 4589 date
527 4513 798 4603 adimpletionem
825 4535 975 4602 cogere,
1019 4517 1271 4602 qnamnariens
1290 4510 1374 4584 nihil
1394 4503 1494 4582 causac
1512 4510 1576 4584 asse
1596 4519 1773 4591 recedendi
1793 4543 1810 4588 a
1833 4515 1964 4607 sponsa.

231 4617 233 4624 '
293 4613 464 4710 perpettiis
489 4616 625 4694 internae
652 4613 784 4682 ustionis
803 4608 942 4680 flammis
966 4634 1027 4698 per
1048 4633 1116 4678 ma·
1140 4612 1245 4693 libus,
1275 4612 1388 4698 quanti
1414 4607 1609 4682 interfuerat
1625 4639 1761 4686 uxorem
1782 4620 1888 4707 accipi
1907 4642 1965 4693 rut
1980 4625 1999 4638 ”

231 4729 233 4738 “
295 4715 442 4788 trimonii
460 4713 675 4795 interdictum
688 4710 842 4780 eumdem
866 4705 1036 4793 subjicere.
1139 4712 1211 4781 dari
1235 4706 1501 4788 condemnabat,
1537 4707 1642 4782 hodie.
1666 4735 1776 4804 autem
1811 4739 1877 4786 non
1905 4743 1964 4806 pa·
2023 4773 2035 4789 .

452 4880 459 4891 ,
613 4821 666 4895 ²5.
693 4809 793 4879 CLV.
845 4801 950 4877 Alter
988 4797 1117 4892 sponse·
1141 4809 1426 4879 riuntactionem.
1474 4809 1593 4878 Sed-de
1613 4808 1662 4879 his
1678 4811 1806 4898 plenius
1821 4820 1964 4887 tractant

311 4886 356 4952 ²)
381 4877 512 4944 Ram
559 4903 681 4977 liorum
697 4900 836 4974 affatius
855 4901 980 4975 ratione
995 4926 1115 4991 cogua-
1139 4902 1385 5002 jurisconsulti,
1411 4906 1452 4974 ad
1469 4929 1550 4991 quos
1574 4931 1611 4975 ea
1634 4932 1710 4978 cura
1732 4914 1869 5000 proprie
1891 4909 1964 5000 spa

295 4963 498 5044 ‘mmmm'
539 5025 671 5075 ·totunr
696 4998 799 5089 sponsa
817 5013 851 5074 ὅ(
869 4995 1119 5090 sponsaestitd·
1143 5008 1221 5074 diat.
1271 5009 1325 5074 De
1343 5000 1469 5076 affictis
1489 5000 1723 5091 sponsaliorum
1748 5005 1965 5082 clandestino.

231 5191 233 5202 ,
289 5113 427 5227 finitas.
476 5104 642 5201 Quamvis
657 5103 747 5214 euim
767 5095 1122 5197 err-sponsalibus'pro-
1143 5125 1242 5184 rum,
1269 5100 1542 5182 conditionalium
1561 5105 1585 5186 ,⁵
1600 5110 1813 5206 juratorum,
1843 5109 1967 5299 “ipis
2085 5109 2088 5114 '
2128 5144 2135 5154 =
