4884 5984
781 323 805 360 l

355 535 430 614 ²²4
689 519 839 596 locvs
861 514 988 591 xxvi.
1031 508 1138 634 ΙΕΑΡ.
1163 509 1209 579 v.
1259 515 1404 588 MEMB.
1428 517 1455 587 1.
1503 513 1613 593 ΛΚΤ.
1638 519 1684 590 11.

619 711 844 806 putationem,
903 715 985 808 lv.)
1012 708 1057 785 Iu
1077 702 1175 804 poly-
1198 730 1287 791 reat,
1315 705 1369 784 sed
1395 704 1597 798 consequens
1623 712 1705 785 illud
1731 710 1930 803 polygonoie
1952 733 2017 802 pa·

367 804 498 902 ΝΜ
506 809 574 905 fine
622 812 1085 911 guertiulocumiubrrrtfiurs
1098 828 1177 877 ron·
1200 812 1288 881 troni
1301 835 1371 881 nun
1387 819 1583 884 concedunt.
1640 811 1694 904 2.)
1716 810 1903 884 sterilitatis
1920 803 2017 882 caust

393 907 536 975 millin-
620 915 717 1012 jugii
737 915 896 1012 legitimi.
947 905 1048 1003 ursp.
1065 915 1110 1000 ι.)
1125 910 1177 977 Ut
1200 933 1268 981 non
1285 904 1413 999 semper
1430 916 1532 983 heret
1552 914 1587 983 in
1607 934 1744 993 natura,
1766 906 1820 984 sed
1839 908 1882 984 ab
1896 907 2017 984 altiore

624 1017 712 1088 estio
742 1015 851 1106 aliqua
884 1012 925 1087 sit
958 1011 1109 1103 legitima
1139 1027 1177 1075 ac
1202 1010 1393 1100 principio,
1419 1010 1581 1099 peculiari
1610 1010 1732 1086 scilicet
1751 1010 1820 1085 Dei
1847 1007 2019 1102 guberna·

368 1111 447 1184 Deo
465 1129 578 1206 grata,
603 1137 670 1186 non
693 1108 812 1187 sufficit
832 1112 931 1187 finem
952 1119 1022 1201 ejus
1040 1101 1103 1183 elie
1117 1099 1179 1174 bo·
1204 1110 1295 1179 tione
1322 1132 1362 1181 ac
1385 1104 1612 1199 dispositione,
1632 1113 1817 1202 dependet,
1841 1129 1879 1182 ut
1898 1109 2021 1181 testan-

226 1255 228 1260 ,
368 1204 550 1294 uutn,'sed
565 1212 765 1300 requiritur,
789 1234 826 1286 ut
842 1207 910 1304 ipsa
933 1231 1066 1299 quoque
1091 1206 1126 1274 in
1148 1197 1180 1273 sc
1205 1227 1263 1279 tur
1277 1206 1428 1297 exempla
1446 1212 1479 1281 in
1495 1208 1589 1283 sacris
1605 1209 1710 1283 literis
1722 1212 1890 1283 adnotata.
1939 1211 2020 1280 Pre-

371 1332 411 1382 ac
425 1333 490 1399 per
508 1304 542 1382 se
562 1306 748 1384 formaliter
762 1310 800 1385 stt
820 1311 953 1384 bona&
970 1307 1039 1401 legi
1061 1304 1181 1376 divinae
1205 1304 1299 1376 cibus
1326 1331 1410 1397 ergo
1435 1312 1476 1380 ad
1498 1314 1721 1383 amovendum
1748 1306 1930 1390 sterilitatir
1949 1330 2021 1380 urr-

369 1430 529 1500 congtua.
579 1411 701 1501 Neque
718 1414 808 1483 enim
822 1410 975 1485 scortatio
990 1432 1030 1479 ex
1049 1427 1090 1478 eo
1107 1402 1182 1471 red·
1207 1403 1277 1475 lum
1297 1406 1346 1495 pii
1367 1416 1526 1500 conjuges
1540 1431 1696 1499 utantur,
1723 1431 1791 1482 nun
1804 1429 1919 1482 autem
1937 1429 2022 1478 oon·

369 1507 463 1579 ditur
485 1506 703 1599 legitima,sr
730 1509 836 1599 prolia
855 1503 1064 1598 suscipiende
1090 1493 1184 1571 causa
1208 1527 1260 1576 tra
1292 1509 1441 1596 conjugii
1479 1506 1571 1601 leges
1610 1511 1792 1598 quidquam
1827 1502 2018 1596 suscipiant.

228 1655 232 1674 .
368 1601 572 1698 suscipiatur.
621 1615 698 1702 Jam
712 1634 793 1684 vero
808 1598 1181 1693 ostendimusaperius,
1210 1605 1264 1696 3.)
1287 1606 1525 1696 Opprobrium
1547 1608 1724 1680 sterilitatis
1739 1610 1775 1680 in
1795 1607 1958 1682 normali.
1973 1606 2021 1678 eli

370 1703 599 1798 polygamiam
618 1705 697 1781 licet
717 1707 987 1801 inaequaliter,
1012 1722 1124 1773 tamen
1139 1721 1181 1767 ²·
1206 1695 1395 1786 sublatum,
1434 1700 1515 1795 Esaj.
1533 1710 1620 1779 ivr.
1638 1729 1669 1797 3.
1706 1704 1832 1780 Mattb.
1846 1711 1951 1784 xus.-
1969 1729 2023 1782 ιι.

370 1828 438 1896 que
452 1831 491 1880 ac
505 1804 705 1882 adulterium
725 1833 764 1881 ac
784 1832 886 1902 vagos
901 1798 1097 1880 concubitus
1120 1817 1184 1887 pu·
1212 1804 1321 1880 rCor.
1337 1808 1411 1873 Vll.
1425 1826 1484 1892 40.
1536 1810 1593 1899 4.)
1618 1812 1671 1880 Ut
1697 1804 1921 1878 facunditatis·
1950 1826 2022 1878 rue·

371 1928 480 1997 gnare
495 1930 573 1976 cum
590 1909 747 1996 primeva
764 1908 912 1997 conjugii
929 1904 1018 1998 lege.
1064 1900 1180 1986 Augu·
1207 1903 1320 1981 diunt,
1345 1902 1389 1972 ita
1406 1927 1539 1990 quoque
1560 1906 1736 1978 sterilitatis
1751 1907 1938 1978 temedium
1955 1925 2024 1976 noo

372 2004 474 2075 linus
492 2001 551 2079 lib.
566 2012 673 2079 XXll.
702 2027 817 2079 contra
844 2005 947 2078 faust.
978 2027 1009 2075 c.
1026 2018 1088 2093 4²·
1113 2015 1180 2068 rrorr
1206 2004 1314 2088 potest
1336 2004 1412 2072 Deo
1432 2003 1588 2091 probari,
1623 2003 1683 2078 nist
1711 2003 1750 2077 stt
1775 2002 1968 2094 legitimum
1986 2010 2023 2078 dr

364 2097 482 2201 fhlum
505 2123 568 2199 quo
580 2103 668 2201 fine,
685 2102 750 2202 sed
766 2102 806 2182 si
819 2129 882 2202 quo
901 2102 1015 2183 modo,
1034 2091 1182 2193 quodque
1204 2099 1324 2171 divine
1353 2095 1511 2173 sanctioni
1537 2101 1722 2177 conforme.
1786 2115 1834 2195 5.)
1858 2099 2023 2176 sterilius

363 2201 454 2303 fiai,
479 2200 669 2277 videndum.
719 2210 772 2299 2.)
796 2201 928 2286 Cruse,
945 2221 1085 2291 propter
1102 2216 1181 2282 ques
1204 2198 1251 2269 est
1275 2196 1400 2272 malum
1417 2220 1548 2298 pune,
1574 2202 1764 2296 polygamia
1792 2204 1828 2271 in
1849 2224 1928 2285 nor.
1948 2202 2022 2274 reli.

245 2363 251 2372 .
372 2306 467 2376 Deua
489 2304 524 2376 in
543 2305 739 2396 patriarchis
759 2306 983 2398 polygamiam
1007 2295 1181 2372 toleravit,
1204 2297 1251 2368 eil
1270 2297 1396 2370 malum
1421 2299 1545 2397 culpae,
1568 2328 1722 2396 pugnans
1743 2298 1961 2374 scilicet-cum
1976 2299 2026 2373 le·

372 2397 537 2476 cessarunt
559 2405 595 2475 in
618 2406 785 2477 nourrii.
834 2406 909 2477 Sive
928 2400 1019 2473 enim
1041 2414 1181 2486 propter
1205 2420 1250 2487 ge
1273 2400 1421 2490 conjugii
1444 2398 1612 2474 aChristo
1633 2405 1774 2492 repetita
1793 2408 1829 2474 dc
1848 2397 2028 2475 confirma-

371 2498 622 2594 prumillronent
645 2505 689 2575 de
709 2499 987 2591 multiplicatione
1010 2494 1181 2584 polletita·
1207 2518 1263 2583 to,
1285 2502 1351 2583 jun
1378 2523 1458 2570 vero
1483 2505 1523 2571 ad
1545 2503 1737 2572 evitandum
1767 2497 1892 2573 malum
1914 2517 2031 2591 pene

376 2601 419 2672 tis
441 2598 582 2674 Abrahae
609 2600 758 2685 fasiana,
787 2628 864 2673 cum
891 2602 1075 2691 Augustino
1104 2589 1180 2660 libr.
1206 2617 1274 2664 non
1294 2596 1395 2667 debet
1413 2600 1542 2668 admitti
1562 2600 1686 2672 malum
1706 2596 1823 2688 culpe.

371 2704 465 2772 xvi.
484 2702 526 2772 de
549 2701 612 2772 civ.
627 2702 694 2772 Dei
712 2725 784 2789 cap.
804 2716 858 2791 38.
886 2699 952 2772 sive
974 2711 1112 2786 propter
1133 2712 1184 2773 ty·
1257 2695 1489 2785 §.ccxxvi
1518 2701 1696 2772 Coronidis
1715 2699 1765 2773 lo·
1840 2706 1842 2710 ’
1868 2727 2011 2808 mim:

372 2821 457 2892 pum
487 2800 632 2871 duorum
657 2800 692 2871 in
718 2796 852 2870 ecclesia
878 2796 1099 2891 populorum,
1122 2793 1181 2879 Ju·
1208 2814 1249 2863 co
1267 2796 1442 2881 utteritur:
1457 2794 1520 2869 Au
1536 2793 1653 2873 Turris
1668 2798 1767 2874 aliis·
1828 2821 2026 2987 europe

374 2902 524 2974 deorum
553 2892 677 2971 scilicet
698 2922 736 2969 ae
754 2899 930 2991 gentium,
955 2918 1032 2966 rum
1058 2891 1186 2981 Justino
1209 2913 1249 2962 ue
1277 2890 1470 2989 infidelibus
1495 2894 1713 2993 polygonis,
1733 2902 1766 3001 fi
1813 2921 1854 2967 ex
1873 2904 2026 2968 moretm

373 2999 408 3070 in
432 2981 555 3089 dial'og.
582 3020 661 3069 curn
673 2997 802 3086 Tryph.
819 2990 994 3070 Ambrosio
1017 2989 1075 3064 lib.
1094 2994 1118 3059 l.
1145 2989 1187 3059 de
1211 2988 1258 3064 uti
1277 2991 1441 3094 ecclestam
1466 2995 1681 3098 christianum
1712 3023 1766 3074 vr·
1822 2982 2026 3066 imm

375 3095 505 3171 Abrah.
520 3121 594 3184 cap.
611 3120 645 3188 4.
660 3093 840 3188 bigamiam
857 3096 893 3167 in
905 3093 1021 3168 saumis
1041 3088 1189 3163 vetteli.
1212 3091 1329 3178 uiant,
1352 3094 1660 3183 narrandumne
1679 3121 1767 3173 unto-
1816 3065 2028 3208 '‘mm‘'

375 3201 484 3270 aDeo
504 3191 597 3266 luisse
616 3193 806 3275 toleratam,
824 3195 878 3269 vel
892 3196 994 3267 etiam
1008 3191 1095 3261 circa
1116 3208 1189 3256 earn
1212 3214 1283 3276 res,
1318 3214 1401 3287 quas
1429 3206 1507 3268 onie
1528 3200 1766 3298 conuerfiouenr
2060 3225 2064 3233 ·

377 3290 598 3385 dispensatum
623 3293 824 3376 statuamus,
860 3314 1001 3381 utraque
1033 3281 1126 3358 causa
1156 3284 1408 3378 induxerunt,
1435 3294 1619 3381 retineant,
1645 3320 1690 3370 art
1716 3323 1770 3372 uc·

378 3396 539 3467 nourrii.
554 3388 660 3465 desiit.
714 3393 766 3483 ³·)
789 3393 1003 3466 Ostendimus
1024 3381 1191 3478 superius,
1215 3413 1254 3464 ro
1282 3390 1441 3488 cogendi,
1467 3405 1646 3469 uererenta
1663 3398 1838 3474 duntaxat
1849 3398 2029 3498 primm

376 3491 600 3586 polygamiam
615 3487 736 3563 finibus
752 3492 897 3584 legitimi
916 3485 1120 3562 matrimonii
1135 3486 1191 3554 ad·
1217 3489 1329 3587 liquos
1346 3491 1540 3590 abjiciant?
1568 3498 1718 3666 quidam
1732 3496 1910 3574 adfirmmt
1926 3504 2028 3592 prim,

376 3588 510 3668 versari.
560 3591 612 3685 4.)
638 3593 722 3662 Finis
742 3593 891 3683 conjugii
911 3592 958 3662 eli
980 3610 1048 3660 non
1069 3606 1192 3690 propr·
1223 3597 1273 3680 r.)
1288 3594 1377 3688 Quia
1396 3594 1552 3666 uxoribus
1574 3598 1583 3665 i
1600 3594 1638 3667 lis
1656 3599 1774 3686 primae
1791 3593 2032 3691 superinduor

378 3694 470 3786 gotio
490 3691 623 3784 generis
651 3688 787 3762 humani
812 3687 960 3763 absolute
992 3683 1111 3763 sumta,
1138 3685 1192 3753 led
1216 3716 1337 3783 magna
1360 3688 1549 3766 adiceretur
1570 3697 1706 3783 injuria,
1735 3720 1942 3788 necpateret
1959 3696 2032 3792 ipfir

377 3791 528 3883 legitima
549 3790 766 3882 propagatim
798 3814 865 3861 non
885 3790 1008 3876 quavis
1025 3781 1193 3858 cohabita·
1216 3794 1325 3862 ,ditus
1345 3795 1386 3861 ad
1408 3790 1548 3868 secunda
1568 3817 1656 3868 vom,
1710 3803 1757 3884 2‚)
1782 3798 1875 3897 Quia
1894 3797 2032 3891 ,postoli

381 3892 529 3962 tiorum
553 3910 681 3967 uxore,
717 3881 773 3959 sed
792 3887 941 3980 legitime
971 3882 1190 3968 cohabitatio,
1218 3893 1253 3961 in
1275 3892 1447 3979 primitiva
1470 3890 1604 3965 ecclelia
1630 3897 1787 3968 videntur
1815 3899 1851 3969 in
1867 3897 2032 3974 converso

381 4010 449 4060 nou
471 3988 595 4076 quevis
617 3983 762 4060 libidinis
787 3988 975 4064 exliindiim
1005 3979 1058 4056 sed
1083 3983 1194 4074 legiti-
1217 4016 1257 4061 ex
1280 3985 1489 4078 judaismo&
1507 3990 1703 4067 ethnicismo
1719 3996 1795 4066 talia
1813 3999 1972 4089 conjugia
1988 4022 2033 4071 to·

380 4110 437 4160 tue
456 4084 637 4158 exliinsiio.
687 4091 762 4176 Jam
785 4111 864 4158 vero
888 4084 922 4157 hi
944 4083 1024 4156 lines
1046 4108 1114 4155 non
1137 4106 1192 4153 oc·
1218 4086 1604 4186 leralse,quodcolligunt
1619 4120 1658 4165 ex
1679 4099 1884 4171 rTim.lll.2.
1899 4100 2031 4173 Titio.

382 4205 523 4259 currunt
550 4186 586 4255 in
612 4181 800 4276 polygamia
828 4187 948 4257 divinis
983 4182 1113 4275 legibus
1141 4205 1193 4251 re·
1219 4187 1277 4260 ubi
1298 4191 1332 4260 in
1353 4186 1511 4280 episcopo
1533 4194 1749 4282 peculiariter
1773 4198 1977 4285 requiritur,
2001 4213 2033 4269 ut

642 4306 824 4376 pugnante.
889 4291 952 4371 V.)
983 4279 1195 4379 Polugamr’r
1220 4288 1259 4359 fit
1283 4290 1380 4361 unius
1403 4291 1523 4365 trxoris
1549 4293 1702 4367 maritus.
1756 4297 2034 4382 Hieronymusin

385 4399 597 4495 v,)Exflpoly.
646 4386 689 4498 ast
712 4384 891 4500 remedium
915 4382 961 4456 ud
975 4384 1105 4481 prioris
1121 4406 1198 4454 com
1221 4390 1315 4476 epist.
1344 4393 1385 4460 ad
1409 4395 1537 4463 Ocean.
1597 4398 1648 4479 3·)
1672 4394 1842 4486 Theolngi
1874 4393 2036 4486 adproba-

260 4611 264 4618 ,
403 4500 561 4625 ‘iiiiii
639 4481 1200 4679 llll-llillllltaillia
1224 4487 2036 4681 {liguliililllbilibri

644 4681 809 4765 liabetur,
844 4683 1034 4758 tollendam.
1100 4681 1200 4780 Ergo
1225 4691 1294 4759 cira
1315 4690 1506 4776 captivitato
1539 4691 1805 4780 liberaturum,
1831 4695 1938 4784 priori
1963 4718 2038 4768 con·

385 4802 453 4858 non
482 4784 526 4881 esi
552 4781 683 4857 illicita.
752 4780 853 4873 Resp.
886 4794 927 4870 ι.)
954 4786 1200 4875 Argumentum
1225 4789 1297 4880 jugi
1328 4784 1570 4877 superinducia.
1620 4802 1676 4880 4.)
1706 4797 1737 4866 Si
1767 4817 1931 4883 cogantur
1964 4818 2038 4866 uro«

387 4883 507 4955 deduci
526 4883 633 4969 potell
653 4886 694 4956 ad
716 4878 904 4958 absurdum.
955 4888 986 4957 Si
1010 4884 1099 4956 enim
1124 4908 1201 4976 pro-
1228 4909 1280 4960 res
1306 4890 1469 4961 adamatae
1497 4894 1654 4978 rejicere,
1679 4891 1939 4967 deterrebuntur
1963 4894 2040 4965 reli·

384 5003 463 5075 pter
482 4978 687 5052 llerilitatem
704 4986 911 5056 concedenda
928 4984 974 5054 est
996 4979 1204 5080 polygamia,
1228 4989 1287 5075 qui
1312 5014 1330 5058 a
1354 4985 1429 5060 fidei
1454 4990 1635 5061 christiana
1661 4996 1862 5082 receptione.
1918 5000 1967 5081 5.)
1989 4992 2040 5066 Li·

384 5084 499 5171 utiquc
521 5083 621 5154 ctiam
648 5080 781 5154 mulieri
813 5087 1022 5170 concedenda
1054 5112 1091 5159 ea
1119 5088 1204 5165 erit,
1230 5087 1301 5160 beri
1324 5113 1362 5159 ex
1384 5087 1447 5159 illis
1467 5093 1665 5180 conjugibus
1683 5088 1822 5166 suscepti
1844 5114 1944 5165 erunt
1973 5092 2041 5166 ille·

384 5202 462 5254 cum
483 5183 519 5253 in
534 5182 654 5256 ararito
673 5176 788 5287 sepius
812 5179 907 5258 causa
928 5181 1109 5262 sterilitatis
1137 5184 1206 5259 hrt·
1229 5190 1341 5281 gitimi
1362 5185 1532 5274 cursendi,
1558 5216 1599 5266 etr
1621 5218 1688 5283 quo
1709 5216 1839 5287 magne
1867 5187 2041 5268 nascentur

1971 5319 2046 5374 con·
2065 5307 2066 5312 ’
