4884 5984
311 510 388 605 cp
448 507 461 554 ²
538 495 992 591 toct'txxvt
1040 507 1156 634 cnr.
1182 509 1253 590 tv,
1299 517 1445 593 sacr.
1471 510 1522 589 ιι.
1575 509 1758 596 nrm

222 803 223 815 β
284 769 291 792 ‚
341 714 693 805 sonetcontrahentes‚
709 737 873 806 quatenus
887 714 1184 793 eonsensumsuum
1208 701 1339 808 lenium
1376 715 1596 812 personarum
1633 718 1904 795 contrahentium
1933 710 2052 813 tegitis

339 826 555 917 exprimunt,
582 818 783 924 efficientem
801 822 950 911 conjugii
968 816 1097 898 musam
1119 816 1182 894 etse
1203 848 1298 897 mum
1315 845 1357 895 aa
1370 826 1522 925 justum,
1555 822 1624 915 legi
1645 824 1768 897 divine
1784 827 1827 898 de
1848 820 2051 897 honorandia

286 923 289 930 '
334 925 472 1022 ‚rolant
521 927 568 998 ht
589 921 652 999 hac
668 924 798 996 ratione
815 943 853 993 te
878 913 948 1010 ipsa
971 917 1182 1023 agnoscunt,
1206 923 1403 1019 parentibus
1422 925 1689 1019 congruentem,
1714 923 1780 1024 hoc
1799 925 1865 1004 eh,
1889 934 1927 994 ut
1943 918 2052 1013 expli·

339 1022 535 1105 consensum
566 1020 629 1101 effe
655 1017 783 1096 causam
805 1021 1009 1093 matrimonii
1034 1018 1184 1095 efficien·
1206 1028 1311 1100 catius
1332 1026 1399 1096 dici
1419 1016 1520 1111 solet,
1545 1026 1672 1115 requiri
1694 1049 1762 1099 non
1786 1020 1893 1098 solum
1917 1043 2052 1096 conua-
2091 1069 2094 1074 -

307 1127 311 1134 '
341 1153 435 1218 tent,
474 1127 551 1215 quia
573 1118 724 1219 persone
756 1116 991 1194 contrahentes
1012 1147 1079 1194 noa
1108 1117 1183 1194 sunt
1206 1117 1381 1210 hennum,
1412 1119 1468 1199 sed
1498 1126 1598 1200 etiarn
1629 1135 1807 1222 parentum
1844 1118 2051 1219 eonsensum,
2097 1128 2100 1135 '

242 1309 246 1316 ,
293 1215 310 1291 ¹<
340 1225 437 1307 truse
457 1225 623 1312 efficiens,
664 1220 724 1294 nist
756 1230 918 1318 quatenus
950 1218 1404 1318 consentiunt,.Gravishac
1419 1229 1462 1299 de
1479 1250 1517 1299 re
1537 1223 1761 1299 controversia
1782 1222 1926 1299 ecclesiia
1948 1246 2051 1298 evan-
2084 1316 2086 1322 Ι

296 1381 299 1386 -
340 1341 379 1409 dt
393 1318 586 1402 consensum
602 1319 697 1396 suum
720 1323 865 1394 exterius
889 1324 1095 1414 exprimunt.
1111 1326 1184 1397 -Ca-
1206 1325 1325 1421 gelicit
1362 1350 1439 1397 curn
1472 1331 1627 1401 Romana
1656 1320 1822 1418 synagoge
1858 1324 2051 1399 intercedit.

344 1423 610 1506 adustioni.
633 1424 677 1496 de
697 1414 806 1512 spons.
831 1446 862 1495 c.
896 1446 924 1492 1.
990 1426 1081 1515 Ergo
1105 1447 1185 1496 con·
1208 1426 1410 1503 Concedunt
1418 1420 1661 1507 Romanenses,
1683 1422 1954 1499 contrahentium
1972 1448 2052 1516 per·

263 1579 266 1586 -
343 1523 452 1604 sensus
478 1527 514 1596 in
540 1501 689 1616 periuriis
712 1518 989 1595 contrahentibus
1017 1525 1064 1597 est
1088 1517 1183 1596 eausa
1208 1523 1364 1599 sonarum
1392 1521 1586 1600 consensum
1608 1528 1757 1615 requiri3
1789 1521 1833 1597 fic
1860 1525 1951 1599 enirn
1976 1521 2051 1620 Bel7

342 1627 518 1708 efficiens,
538 1623 620 1697 ficut
635 1623 727 1695 reste
745 1619 902 1715 colligo,
919 1616 1068 1713 persone
1091 1624 1185 1703 duc,
1209 1623 1370 1699 larminur
1389 1622 1466 1698 libr.
1494 1629 1537 1700 de
1562 1629 1709 1698 matrim.
1737 1618 1818 1699 sacr.
1849 1648 1923 1716 cap.
1956 1625 2051 1697 xtx.
2092 1687 2100 1704 ι

342 1748 505 1822 quatenus
519 1723 719 1814 stipulantur
726 1771 739 1807 ,
765 1720 993 1804 conuehent,
1018 1746 1102 1815 ergo
1133 1723 1188 1794 sti·
1209 1751 1310 1819 prop.
1342 1746 1372 1798 ι.
1424 1721 1510 1800 Solo
1539 1721 1695 1821 consensu
1723 1734 1902 1823 parentum
1930 1722 2054 1798 matri⁴

273 1831 276 1838 '
342 1827 472 1921 palatio
487 1828 533 1896 est
547 1817 642 1897 cause
660 1817 807 1894 efficiens
830 1827 1031 1895 contractus.
1082 1826 1186 1896 Unde
1210 1827 1359 1900 monium
1392 1824 1480 1900 inter
1506 1824 1608 1926 filios
1637 1824 1801 1901 celebrari
1833 1847 1901 1900 non
1919 1825 2053 1925 potest,

346 1928 508 2002 Carerius
524 1922 547 1997 l.
565 1928 597 1995 d.
620 1920 706 1995 hanc
723 1916 896 2013 subjungit
913 1922 1158 1996 distinctionem
1176 1946 1186 1992 ι
1211 1925 1285 2001 ideo
1298 1943 1365 1998 non
1372 1928 1480 2028 potest
1495 1925 1716 2025 paterfilinm
1732 1923 1780 1999 ad
1795 1925 2051 1999 matrimonium

352 2020 538 2124 Consensns
562 2018 751 2119 dupliciter
766 2017 1009 2195 efficeatur,
1033 2044 1100 2095 unc
1118 2043 1188 2095 mc·
1210 2049 1337 2125 cogere.
1362 2057 1367 2068 Ι
1390 2031 1453 2102 Sed
1469 2046 1648 2119 pareatum
1662 2020 1856 2099 eonsensum
1871 2028 1906 2097 in
1923 2027 2055 2119 nupti'u·

824 2146 845 2194 ιι

346 2123 412 2210 ro,
435 2134 474 2199 ut
493 2126 537 2226 ιβ
557 2122 650 2196 ratio
674 2131 793 2195 contra
846 2120 983 2209 s,'alio
1005 2121 1126 2205 modo,
1149 2129 1189 2196 ut
1210 2127 1398 2201 liberorum
1430 2122 1609 2201 necetiario
1633 2127 1790 2215 requiri,
1823 2148 1975 2216 negant,
2007 2123 2077 2201 fic-

233 2255 241 2264 ·
346 2224 516 2332 ejiciar,
541 2246 605 2320 qua
624 2219 821 2297 contraiiur.
826 2221 886 2321 fit.
944 2218 1188 2324 Consensnscst
1210 2223 1302 2302 e'nitn
1323 2227 1434 2300 statuit
1455 2223 1634 2299 concilium
1650 2226 1746 2299 Trid.
1774 2220 1842 2298 seli
1868 2231 1993 2299 xxtv.
2016 2227 2054 2298 in

347 2323 450 2424 causa
469 2323 615 2425 efficiens
639 2319 822 2408 eomodo,
851 2343 916 2419 quo
942 2324 1034 2399 ratio
1061 2345 1085 2397 a
1110 2320 1189 2396 endi
1211 2330 1336 2400 decret.
1355 2331 1398 2399 de
1418 2322 1556 2398 reform.
1581 2327 1726 2399 matrim.
1750 2348 1824 2414 cap.
1844 2331 1871 2398 1.
1924 2320 2054 2400 Sardo

348 2426 477 2503 dicitur
500 2424 640 2523 efficiens
662 2447 724 2523 per
753 2421 935 2519 quomdam
966 2347 1189 2522 adproiatio·
1203 2425 1358 2527 synodus
1375 2425 1589 2516 anathemate
1608 2422 1751 2500 damnat
1771 2448 1849 2511 eor,
1871 2426 1931 2522 qui
1951 2422 2054 2524 salso

326 2552 441 2623 nem,
465 2550 509 2600 ex
523 2548 585 2611 eo,
614 2522 703 2619 quod
725 2524 819 2597 ratio
840 2513 966 2619 agendi
976 2520 1017 2622 se
1038 2534 1125 2598 tenet
1144 2548 1189 2598 ex
1212 2525 1417 2627 adfirmant,
1440 2525 1698 2599 matrimoniaa
1717 2524 1972 2625 filiissamiliar
1980 2530 2057 2629 βιιι
2086 2555 2091 2578 ι

284 2627 287 2631 ’
346 2637 447 2732 porte
465 2626 616 2723 agentia,
645 2620 686 2699 tr
701 2623 861 2720 qnoniam
878 2622 1107 2699 contrahentes
1122 2646 1189 2697 non
1212 2624 1369 2726 consensu
1387 2626 1542 2724 parentis
1565 2625 1735 2701 contracta
1761 2626 1864 2699 irrita
1892 2652 1909 2700 e
1934 2652 1977 2715 e,
2013 2625 2056 2703 8

228 2762 233 2769 “
350 2725 451 2846 effent
482 2721 585 2925 cossa
613 2724 758 2827 efficiens
791 2724 1030 2812 matrimonii,
1061 2724 1126 2826 nist
1153 2724 1190 2797 in
1209 2739 1367 2827 parentes
1382 2749 1421 2799 ea
1437 2739 1528 2814 rata,
1542 2724 1595 2799 vel
1611 2727 1714 2800 irrita
1716 2725 1834 2822 facere
1844 2712 1942 2828 pa'e.
1958 2724 2056 2803 ctos-

351 2829 441 2930 rdem
463 2822 706 2912 caecutirent,
733 2819 807 2897 ideo
825 2823 1008 2923 consensus,
1021 2826 1077 2899 cel
1098 2822 1191 2900 auat
1213 2827 1247 2902 so
1266 2833 1300 2901 in
1322 2827 1396 2919 cap.
1413 2826 1537 2901 mulier
1553 2836 1619 2902 dcc.
1641 2828 1714 2900 diti.
1737 2849 1795 2919 32.
1821 2853 1854 2915 q.
1884 2853 1916 2903 2.
1944 2831 2058 2914 dicit,

350 2925 563 3009 namneum,
589 2939 653 3022 pto
675 2920 905 3021 consentiunt,
935 2923 1065 3001 elicitur
1089 2919 1190 3023 causta
1212 2930 1365 3028 patriam
1382 2930 1577 3025 potestatem
1595 2924 1692 3024 sitivi
1710 2925 2053 3026 aduenientr'adnita

352 3029 515 3130 efficiens,
532 3022 807 3124 quemadmodum
825 3048 892 3099 non
902 3022 1021 3123 solnm
1033 3028 1192 3124 ignisca-
1215 3039 1335 3117 aetate,
1360 3026 1472 3125 procul
1482 3022 1770 3127 juramentum&
1786 3027 2053 3107 matrimonium.

353 3117 520 3227 infaciem
540 3123 668 3203 dicitnr
694 3120 797 3223 causa
818 3126 963 3223 efficiens
977 3128 1028 3202 rei
1051 3124 1197 3213 calido,v
1215 3131 1322 3223 Quod
1338 3130 1473 3218 quidam
1497 3153 1640 3202 canones
1662 3149 1839 3220 parentum
1864 3126 2068 3220 consensum·

344 3225 411 3335 sed
430 3230 534 3304 etiam
555 3224 651 3303 color
665 3227 765 3328 ipfius
780 3226 890 3319 ignis,
918 3253 991 3316 cnm
1012 3238 1123 3300 tamen
1139 3246 1194 3298 eo·
1216 3230 1417 3317 requirunt,
1440 3231 1475 3300 id
1490 3224 1593 3322 glotia
1610 3231 1644 3300 in
1664 3253 1736 3315 cap.
1758 3233 1830 3302 Tua
1846 3232 1914 3303 &a
1930 3236 2056 3303 decret

350 3333 409 3410 lor
420 3332 470 3433 fit
492 3328 584 3414 ratic
615 3329 708 3428 ignis
724 3322 948 3425 calefaciendi
980 3322 1049 3402 tte.
1098 3327 1194 3400 Idem
1217 3332 1261 3402 de
1284 3323 1389 3418 spons.
1415 3326 1547 3418 impub.
1576 3324 1620 3401 stc
1647 3327 1810 3418 explicat,
1848 3328 2059 3403 coirentatem

353 3432 563 3520 iib.11.cap.
592 3452 621 3510 ι.
680 3424 923 3505 Contrahcnter
939 3427 1194 3503 matrimonium
1214 3437 1395 3529 parentum
1424 3427 1552 3525 requiri
1585 3425 1632 3500 ad
1672 3427 1826 3502 decorum
1861 3432 2061 3528 nuptiarum

318 3617 322 3624 ¹
355 3527 629 3631 conficerentur,
651 3533 797 3632 primo,
829 3541 867 3605 ut
884 3526 969 3630 stent
985 3529 1195 3627 principium
1219 3528 1361 3625 magis,
1387 3550 1488 3625 paam
1509 3524 1710 3625 enceffluior
1734 3532 1779 3604 ite
1796 3551 1835 3603 ut
1858 3528 1883 3604 st
1907 3554 2063 3621 parentet

354 3635 460 3736 tpfim
480 3628 894 3730 contramureffeiiiuum
918 3652 982 3727 quo
999 3628 1097 3703 modo
1115 3624 1197 3724 sient
1218 3628 1328 3704 nolint
1342 3626 1548 3720 consentire,
1573 3613 1633 3701 iiiii
1652 3652 1763 3705 tamen
1787 3626 1849 3703 fint
1874 3629 1999 3715 liberi,
2027 3642 2064 3709 dt

222 3784 226 3795 ·
355 3730 458 3832 ransc
473 3728 822 3833 efficienrssecnnclo,
843 3739 882 3805 nt
899 3728 1041 3807 tradunt
1053 3725 1124 3831 fibi
1144 3730 1197 3804 in-
1219 3755 1284 3822 pro
1305 3725 1361 3802 suo
1387 3729 1550 3802 arbitratu
1574 3726 1697 3820 poliint
1721 3730 1930 3806 contrahere.
1945 3733 2063 3805 matri-

353 3837 464 3911 vicem
494 3833 691 3934 potestatem
709 3829 852 3931 suorum
883 3854 1059 3931 corporum
1084 3827 1197 3926 quoad
1219 3832 1392 3910 monium,
1417 3833 1498 3919 quin
1516 3831 1585 3902 imo
1601 3831 1738 3919 quidam
1751 3856 1892 3904 canones
1914 3844 1957 3905 e'o
1978 3846 2060 3922 p'to·

354 3932 464 4013 chrum
482 3934 719 4035 conjugalem,
744 3955 808 4031 qno
829 3931 928 4008 modo
937 3930 1023 4032 sunt
1040 3930 1195 4005 materia.
1220 3933 1370 4013 cedunt,
1395 3951 1433 4001 ut
1449 3930 1539 4002 inter
1553 3954 1723 4020 raptorem
1742 3941 1777 4005 τι
1797 3953 1927 4022 raptam
1945 3937 2065 4007 decre·

354 4040 409 4113 nc
429 4036 596 4110 Henricus
617 4040 659 4110 de
674 4035 883 4109 Wurim'eria
902 4036 942 4110 in
953 4031 1011 4105 lib.
1037 4037 1095 4103 tv.
1113 4025 1195 4104 lent.
1221 4032 1332 4104 verint
1345 4027 1437 4120 palie
1450 4032 1529 4103 iniri
1537 4032 1796 4124 matrimonium.
1807 4057 1883 4103 cuna
1893 4028 1977 4105 cius.
1994 4042 2064 4108 dte.
2080 4019 2086 4042 ’

354 4136 429 4226 dist.
454 4158 512 4227 27.
533 4139 567 4226 S.
595 4163 624 4213 ι.
649 4135 762 4221 dicit,
786 4131 976 4231 efficientem
1000 4126 1042 4207 fi
1058 4129 1198 4227 sorma-
1220 4134 1264 4205 de
1279 4131 1443 4220 raptorio·
1464 4139 1500 4204 dc
1520 4127 1700 4203 incendiar.
1763 4126 1882 4205 Puella
1900 4141 2003 4233 rapta
2018 4155 2065 4207 erc

354 4234 421 4314 lem
440 4230 588 4334 cansam·
592 4232 847 4337 substantialem
863 4230 924 4340 effe
948 4230 1004 4307 lie
1028 4236 1129 4307 unum
1156 4225 1198 4305 ii
1221 4226 1351 4308 cedibus
1377 4231 1492 4328 patris
1524 4231 1779 4305 matrimonium
1821 4254 1896 4305 cnm
1924 4244 2065 4332 raptore

354 4330 455 4414 idem.
526 4336 745 4411 Bellrrntinus
776 4338 818 4410 de
848 4336 993 4410 matrim.
1023 4359 1096 4427 cap,
1121 4336 1197 4404 vlt.
1221 4341 1461 4417 contraxerat,
1480 4342 1582 4428 pater
1601 4330 1795 4428 hujusmodi
1813 4334 1943 4430 nuptiis
1956 4332 2066 4408 recla-
2079 4329 2088 4422 f

323 4489 327 4498 -
356 4439 494 4514 adducit
510 4439 683 4512 decretum
702 4437 836 4511 concilii
849 4432 1056 4509 Florentini:
1083 4427 1199 4529 Causa
1222 4442 1317 4516 mat,
1341 4457 1430 4524 papa
1456 4425 1653 4523 respondet,
1676 4443 1749 4507 ctum
1765 4433 1875 4533 puella
1895 4431 2065 4534 consense-

355 4536 499 4642 efficienr
516 4538 730 4628 matrimonii
754 4535 967 4633 regulariter
992 4536 1037 4638 est
1065 4544 1199 4609 mutnus
1222 4535 1289 4620 rit,
1314 4556 1381 4609 non
1394 4526 1484 4631 ptmse
1504 4531 1614 4607 videri
1629 4545 1787 4631 raptam,
1821 4538 1964 4627 ideoque
1992 4561 2066 4610 nta-

334 4631 531 4740 .cortsmsus
542 4662 605 4736 per
620 4635 723 4714 uerbo
742 4637 781 4711 dc
795 4634 955 4737 praesenti
970 4630 1148 4734 exprrfficr.
1208 4635 1418 4718 ,trimoniutn
1439 4636 1639 4724 pronuntiat
1665 4630 1729 4710 elie
1751 4658 1875 4709 ratum.
1937 4639 2065 4732 Endon]

670 4753 698 4827 ς.
724 4744 830 4813 Lvu.
881 4740 943 4812 Sed
961 4734 1005 4810 ab
1028 4734 1091 4811 hac
1115 4733 1199 4809 levit
1221 4730 1351 4808 sanato.
1368 4736 1510 4824 repetita
1529 4737 1565 4819 in
1582 4734 1725 4809 concilio
1739 4738 1832 4809 Trid.
1850 4731 1916 4809 sest
1934 4742 2065 4811 XXIV.

263 4823 269 4834 ¹
356 4821 570 4926 Assrtttirli·
616 4840 778 4916 momen'
808 4824 1093 4922 controvertiolr‚
1122 4860 1196 4925 quc
1221 4860 1294 4926 cap.
1311 4842 1345 4910 6.
1362 4833 1420 4909 ubi
1440 4836 1651 4913 decernitur,
1667 4835 1701 4935 β
1720 4835 1827 4932 puelia
1840 4848 1943 4933 rapta
1956 4846 2063 4910 extra

355 4910 571 5022 imm‘s‘usm
600 4945 655 5036 ,in
697 4860 920 5031 explicatione
975 4937 1199 5011 terminorum
1224 4936 1380 5034 ‘raptoris
1406 4933 1602 5037 potestatim
1635 4939 1832 5040 constituta,
1862 4934 1903 5011 Θ
1932 4938 1969 5009 in
1990 4936 2084 5010 loco-

357 4993 556 5146 'Wmffl
588 5109 592 5120 ,
620 5042 757 5135 potius,
782 5063 881 5129 quam
897 5042 933 5111 in
953 5063 990 5111 re
1007 5035 1077 5129 ipse
1097 5033 1205 5109 consr-
1229 5046 1302 5111 tnta
1322 5033 1429 5110 libero
1448 5032 1603 5132 consensu
1623 5061 1696 5109 cnm
1712 5051 1849 5135 raptore
1868 5039 2069 5135 conjuginm

357 5151 432 5240 stit,
459 5082 630 5250 talliam]
645 5139 804 5260 faciamus
823 5141 863 5212 ad
883 5141 1090 5233 graviorem.
1115 5138 1205 5234 Di·
1229 5136 1454 5220 contraheret,
1482 5138 1733 5212 matrimonium
1753 5137 1812 5237 ιβι
1839 5152 1979 5224 ratum,
2005 5160 2070 5213 nec

356 5255 469 5329 rimae
489 5250 531 5336 a‘d
547 5235 738 5342 legitimum
753 5239 951 5334 conjugium
970 5239 1099 5344 requiri
1119 5260 1205 5313 coa·
1224 5233 1317 5340 ροβε
1336 5261 1359 5313 ιι
1377 5247 1476 5339 patre
1499 5237 1664 5338 irritari,
1692 5244 1810 5332 ‘Atque
1829 5238 1901 5313 hec
1924 5241 2069 5331 opinio,

1975 5345 2071 5430 quod

1082 5493 1086 5531 1.
1204 5502 1227 5590 Χ·
1591 5499 1636 5546 ·ι
