4884 5984
514 554 529 566 ,
613 488 674 558 nr
725 457 953 559 cerninus
1001 481 1264 558 ruotttutrts
1313 485 1366 556 ut
1415 485 1530 594 Jvttt
1581 483 1765 559 ornato.
1949 473 2017 577 κῃ·

360 687 503 779 potrum
535 689 570 755 δι
602 703 742 770 nepotes
770 679 926 780 filioram
963 681 1184 775 adpellatiune
1208 679 1453 774 putrisfrater,
1478 681 1514 752 lit
1535 679 1582 752 illi
1605 682 1680 755 loeo
1699 683 1828 772 patris(
1866 677 2018 755 Diximus

366 783 566 868 quandoque
597 783 768 878 uariunt.x
807 780 1023 854 Bellatntinut
1052 788 1094 855 de
1116 804 1319 878 ma-xauteut
1346 779 1411 878 sao
1448 781 1544 853 mado
1583 781 1786 855 collaterales
1815 802 1949 869 patrum
1978 804 2017 854 ae

368 881 458 962 trina.
487 901 560 966 rap.
585 886 707 951 xxiv.
729 888 756 971 ς.
788 903 832 950 ex
854 904 917 975 quo
939 881 1184 977 inteligimar:
1210 876 1355 952 filiorum
1374 883 1508 951 nomine
1532 883 1660 963 venire,
1687 884 1762 969 quia
1781 878 1845 950 hoc
1860 903 1926 950 uun
1942 902 2020 968 pot·

366 970 508 1061 scribit,
535 975 573 1048 id
588 977 677 1072 qnod
689 978 905 1050 cornmunr'ter
919 981 991 1052 diri
1002 979 1118 1077 solet,
1150 982 1184 1052 in
1210 980 1256 1050 est
1277 978 1445 1051 adfirmari
1462 982 1503 1050 de
1522 979 1676 1050 omnibus
1693 975 1948 1057 collateralibus,
1964 974 2018 1052 sed

367 1069 461 1146 linea
473 1072 560 1149 retia
576 1076 611 1147 in
633 1076 801 1175 infinitum
821 1077 995 1174 prohiberi
1009 1078 1184 1165 cannabia,
1209 1079 1251 1149 de
1269 1076 1333 1149 illis
1354 1081 1530 1159 duntaxat,
1556 1078 1611 1165 qui
1630 1099 1695 1148 una
1714 1086 1846 1150 tantam
1862 1074 1974 1168 gradu
1994 1099 2017 1148 a

366 1174 457 1268 qood
468 1175 600 1272 primus
608 1173 704 1267 forte
713 1173 851 1275 scripfit
864 1181 964 1265 Cajus
978 1178 1000 1253 1.
1018 1182 1140 1268 nuptia
1152 1205 1182 1251 2.
1207 1176 1319 1271 pipin
1333 1174 1417 1272 stant
1437 1176 1557 1274 divist,
1590 1174 1638 1246 illi
1658 1178 1747 1247 enirn
1771 1175 1905 1262 reliquis
1932 1173 1987 1247 inl
2002 1214 2015 1230 ·

367 1267 406 1344 ff.
428 1275 540 1344 derit.
559 1295 693 1364 nupta
714 1275 830 1348 multis
844 1278 973 1372 negari.
1007 1281 1070 1353 Sed
1087 1277 1183 1365 hujus
1208 1275 1352 1347 rioribus
1383 1278 1604 1364 utrinque'er
1630 1272 1782 1363 opposito
1820 1272 2017 1346 exstantibus

365 1373 554 1462 negationis
587 1371 716 1444 nullum
743 1378 876 1447 adducit
904 1375 1183 1457 fundamentum,
1208 1367 1282 1448 sunt
1303 1372 1588 1463 locoparentum»
1613 1398 1676 1462 ‘11¹³
1693 1376 1733 1447 de
1751 1371 1953 1464 replurlbut
1967 1376 2015 1446 in·

364 1492 404 1542 ec
429 1472 584 1558 quamvis
605 1496 671 1542 non
695 1471 731 1544 stt
757 1474 886 1563 equalis
910 1477 1075 1566 graduum
1100 1497 1180 1564 pro.
1205 1467 1309 1543 fetius
1326 1474 1485 1544 dicemus.

365 1570 536 1659 pinquitas
566 1570 654 1641 inter
677 1592 807 1660 patrem
839 1582 874 1645 &
906 1569 1008 1643 tiliam
1032 1597 1070 1645 ac
1093 1575 1181 1644 iuter
1255 1583 1283 1659 §.
1304 1574 1553 1644 cclxxxvi.
1579 1576 1652 1656 tx.)
1674 1565 1759 1669 Qaae
1827 1567 1905 1665 1X5)
1932 1568 2016 1664 Qum

364 1690 468 1740 erum
489 1679 523 1741 dt
540 1671 686 1758 neptim,
713 1692 824 1743 tamen
839 1678 944 1758 major
955 1673 1007 1752 eli
1024 1695 1181 1744 reveren.
1204 1668 1324 1742 mulier
1348 1667 1432 1740 mihi
1452 1666 1630 1766 prohibita
1652 1672 1694 1769 ιβ
1718 1667 1760 1741 ab
1808 1648 2014 1743 mul'i'.'”¹¹⁸'

367 1767 411 1837 tia
432 1770 543 1856 neptis
563 1791 644 1861 erga
665 1792 765 1840 avum
781 1791 942 1856 ,utputa
967 1791 1063 1859 patre
1085 1765 1180 1861 supe·
1200 1768 1485 1864 propinquitatem
1507 1769 1646 1849 carnis,
1669 1766 1761 1842 illius
1804 1728 2015 1890 {²:⁰¹¹}be

365 1867 518 1947 tiorem,
535 1889 637 1954 quam
652 1862 726 1937 hliae
743 1893 823 1960 erga
844 1891 994 1956 patrem,
1020 1871 1108 1957 quod
1127 1891 1181 1941 er·
1204 1868 1356 1941 mulieris
1368 1865 1485 1959 frater
1502 1866 1695 1964 prohibitur
1716 1870 1759 1967 ιβ
1807 1829 1900 1951 raiz„
1947 1905 2017 1950 sar„

352 1971 412 2057 'go
431 1966 675 2055 propinquitati
696 1970 818 2058 gradus
835 1970 949 2047 deest,
974 1970 1007 2040 id
1024 1994 1181 2040 reveren·
1204 1965 1417 2063 meaesorori.
1469 1969 1569 2040 Ratio
1587 1970 1633 2040 est
1654 1970 1758 2038 mani·
1804 1972 1881 2062 nis,
1900 1971 1992 2044 tritas,

367 2065 419 2135 tiae
437 2067 648 2137 incremento
672 2061 926 2155 compensatur,
951 2070 1039 2138 unde
1057 2067 1181 2138 Bellar·
1203 2063 1303 2146 felia,
1328 2068 1404 2155 quia
1422 2071 1541 2138 eodem
1558 2068 1676 2158 gradu,
1692 2091 1759 2154 quo
1804 2047 1944 2111 ’ΝΜ
2105 2121 2107 2128 .

367 2164 476 2246 miuus
503 2159 573 2252 ipse
599 2163 750 2249 subjicit:
792 2159 1001 2265 Quamquam
1021 2188 1087 2237 non
1110 2166 1180 2265 ιβ,
1204 2168 1431 2254 propinquam
1449 2164 1538 2235 illam
1556 2167 1758 2235 caruismeae
1799 2126 2013 2293 {tal-{1:554

371 2261 514 2356 (inquit)
530 2286 589 2335 cur
607 2260 647 2333 de
661 2259 724 2332 tac
744 2284 778 2334 re
794 2260 894 2335 valde
906 2260 1042 2359 soliciti
1058 2265 1179 2356 paras,
1205 2262 1271 2334 sive
1286 2285 1464 2355 cognatam
1488 2265 1674 2351 proximam
1700 2266 1758 2333 ad·
1804 2303 1888 2349 mm
1898 2285 2014 2372 pomp,

370 2383 438 2434 cum
454 2362 522 2441 uix
545 2359 735 2455 contingere
751 2361 871 2461 poffit,
896 2374 934 2434 at
954 2354 1093 2460 capiant
1113 2362 1178 2435 ali·
1205 2364 1333 2451 tingo,
1376 2364 1497 2432 eudem
1532 2361 1631 2433 etiam
1668 2358 1758 2431 illitis

371 2461 424 2555 pti
436 2459 691 2533 matrimonium
713 2459 798 2532 inire
816 2464 851 2534 in
865 2462 1107 2557 graduquintu
1121 2473 1181 2535 atat
1205 2456 1310 2533 frater
1340 2460 1483 2548 adtingit
1509 2485 1617 2531 meam
1643 2455 1801 2531 sororem.
1867 2459 1919 2533 Sic
1938 2461 2017 2550 quia
2041 2497 2043 2502 ·
2128 2503 2132 2512 ·

371 2559 574 2633 alteriorein
595 2557 796 2634 retraham.
849 2558 927 2633 Ant
941 2564 1028 2635 mim
1049 2586 1113 2634 non
1130 2563 1181 2635 ir·
1205 2562 1304 2630 amita
1318 2583 1356 2630 ac
1371 2579 1548 2630 matertera
1569 2556 1772 2647 prohibetur
1785 2578 1803 2641 ,·
1816 2584 1851 2632 v.
1876 2582 1931 2632 ιι.
1959 2581 2014 2650 ¹3·
2145 2625 2147 2630 ,
2203 2617 2211 2625 .

373 2662 546 2734 amiuntur
567 2658 715 2733 homines
733 2660 822 2739 vivi,
849 2672 910 2733 aar
926 2658 1011 2755 sant
1031 2661 1082 2733 ita
1101 2662 1181 2734 irtae·
1204 2683 1289 2749 ergo
1306 2659 1404 2728 etiarn
1431 2681 1511 2728 mee
1533 2650 1635 2729 sorori
1653 2679 1790 2745 patruus
1812 2666 1846 2731 te
1866 2680 2015 2729 avuncu-
2124 2680 2133 2693 ‘

374 2758 480 2853 males
505 2758 617 2856 quoad
647 2768 807 2844 atatem,
850 2771 888 2832 nt
916 2758 1180 2857 absurdiffimam
1203 2754 1684 2845 lusprohibitusintelligitur.
1735 2762 1929 2850 ltem,qttae
1943 2779 2015 2827 mu·

370 2859 429 2958 β,
452 2883 510 2932 eos
524 2861 611 2932 inter
623 2856 663 2955 se
687 2861 938 2932 matrimonium
954 2859 1032 2932 aelle
1047 2871 1181 2932 corttra·
1204 2852 1270 2925 lier
1292 2853 1376 2926 mihi
1394 2852 1569 2949 prohibita
1594 2856 1637 2956 ιβ
1661 2851 1702 2925 ob
1726 2853 2014 2950 propinquitatem

376 2953 458 3044 lere,
485 2980 565 3031 nom
589 2968 627 3031 rtt
655 2955 785 3043 demur,
810 2961 845 3030 in
868 2959 985 3053 aliqua
1005 2959 1095 3031 linea
1129 2984 1180 3030 m·
1204 2953 1338 3037 carnis,
1361 2956 1431 3048 rjus
1449 2950 1599 3032 mulieris
1619 2952 1760 3027 maritas
1781 2951 1883 3026 etiam
1895 2950 2014 3048 sorori

376 3057 466 3151 gatos
476 3059 636 3154 gignere,
663 3078 737 3129 cum
757 3059 905 3154 primum
916 3083 977 3155 prr
991 3069 1122 3132 aetatem
1137 3058 1180 3131 li·
1204 3056 1330 3152 meaeest
1337 3051 1539 3147 prohibitum
1554 3053 1709 3135 ratioesb
1724 3052 1811 3139 quia,
1823 3077 1889 3140 quo
1905 3058 2013 3143 gradu

378 3168 432 3241 cet,
458 3157 497 3231 id
513 3160 575 3257 ιβ,
601 3181 672 3229 rum
686 3157 733 3228 ad
750 3181 874 3229 annum
896 3184 946 3240 rt.
962 3157 1179 3253 pervenerint,
1206 3148 1495 3243 consanguinitatis
1515 3147 1633 3222 mulier
1652 3147 1707 3221 illa
1731 3176 1784 3221 me
1808 3159 1844 3224 hc
1867 3148 2014 3224 sororem

379 3253 582 3350 patrumm
607 3279 686 3330 raro
706 3268 766 3328 ant
787 3279 953 3353 utinquam
979 3258 1128 3341 occidit,
1149 3258 1181 3354 β
1205 3276 1313 3321 meam
1341 3253 1508 3339 adtingit,
1542 3252 1660 3319 eodem
1696 3252 1803 3337 gradu
1836 3246 2013 3342 adfinitatis

377 3353 518 3429 deberent
544 3356 579 3428 in
605 3356 720 3451 quinta
745 3355 856 3451 gradu
880 3359 1057 3452 cortjungi,
1082 3353 1181 3429 habr-
1204 3348 1303 3437 ipsius
1322 3352 1458 3418 maritus
1486 3371 1544 3417 ¹10⁵
1575 3348 1746 3437 adtingit,
1782 3348 1908 3437 quippe
1935 3374 2012 3421 curn

378 3467 418 3529 ret
431 3481 517 3530 artur
532 3455 640 3528 aanor
661 3480 718 3548 90.
736 3456 824 3527 alter
847 3480 897 3541 ις.
1203 3472 1270 3537 quo
1289 3470 1429 3535 cognata
1453 3448 1561 3515 nulira
1582 3441 1667 3514 futla
1682 3446 1729 3514 eli
1750 3469 1814 3514 una
1829 3470 1916 3517 caro.
1960 3451 2013 3519 Sic
2083 3532 2094 3544 .

511 3583 515 3590 ·
595 3589 599 3598 ·
682 3558 709 3647 i.
726 3557 956 3627 cclxxxv.
983 3559 1090 3636 vui.)
1108 3550 1175 3625 Pa.
1204 3544 1387 3635 prohibeor
1414 3548 1535 3614 ducere
1571 3543 1737 3621 amitam,
1768 3567 1851 3640 ergo
1875 3547 2013 3616 maritus

391 3645 500 3725 Vnt.)
520 3649 578 3711 Pa·
628 3663 716 3727 trum
742 3648 782 3725 (5
804 3650 961 3749 filiorum
989 3652 1120 3724 nuntiae
1140 3652 1179 3723 ‘in
1203 3646 1310 3714 amite
1334 3668 1414 3712 mee
1437 3637 1634 3729 prohibetur
1649 3645 1770 3711 ducere
1789 3665 1897 3712 meam
1921 3636 2012 3716 soro-

380 3727 578 3815 mffffiliv·
623 3750 853 3851 propfhipiom
880 3754 1016 3826 vmfunr
1036 3775 1101 3821 „072
1119 3747 1179 3845 so.
1203 3766 1296 3822 remt
1322 3739 1505 3829 prohibeor
1523 3741 1644 3811 ducere
1669 3761 1899 3827 materteram,
1926 3744 2011 3834 et'gc

337 3903 339 3910 .
380 3827 578 3971 mum&
629 3850 698 3924 tum
720 3848 950 3946 adscendente,
978 3847 1018 3924 ξς
1045 3848 1178 3946 descen.
1203 3842 1340 3911 maritus
1361 3864 1439 3909 meae
1462 3858 1647 3910 matertera
1668 3837 1869 3928 prohibetur
1889 3842 2025 3916 ducere

381 3967 456 4032 mdo
491 3968 581 4031 cota·
631 3951 792 4024 deuteria
810 3950 900 4024 lima
922 3948 1024 4034 retia,
1041 3945 1177 4047 sedsao
1204 3964 1312 4011 meam
1327 3932 1484 4008 sororem·
1731 3998 1742 4017 .

378 4049 527 4138 letales·
632 4052 733 4124 etiam
774 4049 870 4121 modu
903 4048 1107 4122 collaterales
1144 4048 1180 4119 in
1253 4038 1567 4125 §CCLXXXVIL
1608 4031 1670 4129 Χ.)
1689 4028 1755 4106 Cui
1805 4030 2011 4132 xncnmer

543 4196 548 4202 .
630 4149 720 4224 rima
745 4147 881 4245 obliqua
904 4145 1073 4245 inaquosi,
1111 4150 1178 4218 De.
1205 4157 1277 4207 meo
1297 4157 1386 4247 penae
1411 4128 1759 4242 ratiortrladfinitatis
1806 4135 1887 4255 mr
1906 4117 2012 4258 ems

381 4249 502 4323 heitar
517 4248 590 4321 ltzc
604 4249 719 4342 regula
734 4275 773 4322 ex
793 4272 850 4335 eo,
878 4249 1000 4338 quiade
1023 4247 1180 4336 conjugio
1202 4232 1377 4345 promittit}
1405 4233 1487 4344 est,
1526 4228 1644 4342 slim.
1668 4253 1758 4345 uxqr
1806 4238 1892 4335 Μ’
1918 4277 2010 4338 „jam

383 4349 536 4430 arnitaeac
550 4358 736 4424 reraterterae
758 4346 868 4420 fratris
888 4373 926 4419 ac
950 4341 1071 4416 sororis
1094 4342 1179 4413 filius
1204 4333 1306 4405 etiam
1327 4328 1410 4405 artha
1432 4325 1610 4440 potamia
1630 4327 1752 4400 tutelli·
1801 4352 1877 4413 atili
1904 4351 2010 4436 protit-

384 4453 525 4530 rr'ettur‚
556 4476 589 4520 u.
616 4475 670 4527 ιι.
694 4472 746 4534 ra.
770 4472 836 4516 uon
860 4448 968 4518 minus
993 4469 1030 4515 ac
1054 4440 1139 4512 filius
1160 4466 1179 4511 a
1202 4435 1318 4525 gitur:
1338 4424 1539 4541 &tiqlffimt
1555 4450 1648 4539 “llll
1663 4449 1754 4542 maor
1843 4432 1918 4500 bito.

384 4550 528 4640 cunjugio
556 4550 694 4629 matris,
727 4553 820 4632 cujus
850 4542 1084 4635 prohibitionis
1109 4538 1178 4611 hare
1203 4532 1288 4604 milri
1302 4524 1476 4624 prohibita
1494 4527 1554 4638 est,
1581 4523 1630 4638 tlh
1650 4537 1754 4599 ettam
1779 4625 1789 4636 ‚

385 4647 542 4738 thratia,
567 4653 655 4735 quod
676 4649 795 4724 amita,
822 4666 937 4733 utpote
957 4644 1058 4732 patris
1075 4635 1177 4722 soror,
1203 4656 1274 4704 ntea
1296 4652 1385 4703 uxor
1397 4629 1441 4726 ιβ
1455 4621 1638 4737 prolrtlttta.
1691 4626 1792 4700 Ratio
1816 4635 1942 4721 pandet
1970 4658 2010 4708 ιχ

387 4741 475 4817 ltilli
495 4744 718 4831 locotnatris,
746 4755 779 4816 ot
803 4746 890 4830 quod
912 4763 1106 4822 matertera,
1125 4762 1178 4808 ut·
1203 4728 1441 4821 prohibitionis
1478 4726 1740 4810 reciprocatione
1773 4730 1810 4803 &
1844 4738 2010 4823 graduum

338 4841 342 4912 l
384 4861 450 4929 pote
471 4840 710 4929 matrissorur,
737 4845 850 4913 itidem
874 4840 911 4910 ht
935 4840 981 4908 illi
1002 4836 1181 4908 matrislo.
1204 4830 1398 4919 equalitate.
1448 4827 1500 4897 sic
1521 4848 1596 4937 qma
1616 4825 1773 4939 privigno
1797 4855 1939 4903 noverca
1962 4835 2010 4910 ell

338 4983 345 4992 ··
371 4961 436 5023 ¹co,
457 4949 536 5016 item
569 4950 656 5032 quod
681 4943 790 5014 fratris
812 4939 877 5009 filia
898 4936 1098 5026 prohibetur
1120 4963 1179 5008 nu·
1203 4929 1399 5021 prohibita,
1421 4950 1452 4994 v.
1480 4938 1511 5007 8.
1534 4925 1609 5030 tdeo
1631 4948 1729 4995 ettam
1754 4929 1900 5021 privigni
1925 4929 2009 5003 uxor

384 5035 450 5113 bete
471 5065 616 5131 patruo,
642 5071 673 5113 v.
699 5067 747 5129 ¹4·
766 5045 857 5119 cujus
876 5036 1109 5125 prohibitionis
1129 5062 1180 5107 ra·
1206 5034 1324 5101 vitrico
1349 5027 1395 5096 eh
1411 5016 1590 5112 prohibita.
1643 5025 1732 5117 Quia
1760 5019 1873 5099 socero
1895 5028 2011 5116 prohi-

338 5145 342 5160 '
382 5144 419 5213 tio
439 5143 551 5213 itidem
575 5142 644 5212 haec
665 5143 740 5223 eli,
758 5140 847 5229 quod
867 5158 1024 5227 patruus,
1060 5157 1181 5227 utpote
1203 5130 1302 5204 betur
1320 5147 1439 5202 nurus,
1455 5148 1488 5195 r.
1515 5140 1566 5211 15.
1581 5123 1777 5214 ergoetiam
1790 5149 1916 5218 genero
1933 5150 2012 5211 pro.

423 5235 514 5317 Tam.
542 5237 589 5317 X
589 5238 635 5315 V.
1253 5233 1337 5306 Mn
1746 5243 1748 5247 ’
1918 5223 2012 5307 hibe·
