<?xml version="1.0" encoding="UTF-8"?>
<!DOCTYPE html PUBLIC "-//W3C//DTD XHTML 1.0 Transitional//EN"
    "http://www.w3.org/TR/xhtml1/DTD/xhtml1-transitional.dtd">
<html xmlns="http://www.w3.org/1999/xhtml" xml:lang="en" lang="en">
 <head>
  <title>
</title>
<meta http-equiv="Content-Type" content="text/html;charset=utf-8" />
  <meta name='ocr-system' content='tesseract 3.04.00' />
  <meta name='ocr-capabilities' content='ocr_page ocr_carea ocr_par ocr_line ocrx_word'/>
</head>
<body>
  <div class='ocr_page' id='page_1' title='image "./locitheologicic06cottgoog_0631.png"; bbox 0 0 4884 5984; ppageno 0'>
   <div class='ocr_carea' id='block_1_1' title="bbox 558 505 1887 614">
    <p class='ocr_par' dir='ltr' id='par_1_1' title="bbox 558 505 1887 614">
     <span class='ocr_line' id='line_1_1' title="bbox 558 505 1887 614; baseline 0.002 -31"><span class='ocrx_word' id='word_1_1' title='bbox 558 609 561 614; x_wconf 16' lang='grc' dir='ltr'><em>ι</em></span> <span class='ocrx_word' id='word_1_2' title='bbox 683 509 745 584; x_wconf 79' lang='lat' dir='ltr'>DE</span> <span class='ocrx_word' id='word_1_3' title='bbox 788 506 1182 585; x_wconf 73' lang='lat' dir='ltr'>ottomawloata</span> <span class='ocrx_word' id='word_1_4' title='bbox 1230 505 1458 585; x_wconf 77' lang='lat' dir='ltr'>otvoltrtt.</span> <span class='ocrx_word' id='word_1_5' title='bbox 1820 527 1887 600; x_wconf 81' lang='lat'>123</span> 
     </span>
    </p>
   </div>
   <div class='ocr_carea' id='block_1_2' title="bbox 266 681 1893 914">
    <p class='ocr_par' dir='ltr' id='par_1_2' title="bbox 266 681 1893 914">
     <span class='ocr_line' id='line_1_2' title="bbox 266 681 1893 799; baseline 0.003 -26"><span class='ocrx_word' id='word_1_6' title='bbox 266 681 456 784; x_wconf 63' lang='lat' dir='ltr'>Secundum</span> <span class='ocrx_word' id='word_1_7' title='bbox 474 696 615 785; x_wconf 68' lang='lat' dir='ltr'>adistat</span> <span class='ocrx_word' id='word_1_8' title='bbox 640 727 802 792; x_wconf 83' lang='lat' dir='ltr'>exponet,</span> <span class='ocrx_word' id='word_1_9' title='bbox 827 728 967 796; x_wconf 84' lang='lat' dir='ltr'>propter</span> <span class='ocrx_word' id='word_1_10' title='bbox 987 725 1071 799; x_wconf 85' lang='lat' dir='ltr'>quas</span> <span class='ocrx_word' id='word_1_11' title='bbox 1108 703 1151 782; x_wconf 78' lang='lat' dir='ltr'>ri</span> <span class='ocrx_word' id='word_1_12' title='bbox 1173 706 1250 797; x_wconf 71' lang='lat' dir='ltr'>artic</span> <span class='ocrx_word' id='word_1_13' title='bbox 1283 704 1465 787; x_wconf 69' lang='lat' dir='ltr'>tractabit,</span> <span class='ocrx_word' id='word_1_14' title='bbox 1514 704 1573 779; x_wconf 77' lang='lat' dir='ltr'>uir</span> <span class='ocrx_word' id='word_1_15' title='bbox 1595 705 1629 775; x_wconf 91' lang='lat' dir='ltr'>in</span> <span class='ocrx_word' id='word_1_16' title='bbox 1651 703 1796 781; x_wconf 81' lang='lat' dir='ltr'>divortio</span> <span class='ocrx_word' id='word_1_17' title='bbox 1820 725 1893 779; x_wconf 82' lang='lat' dir='ltr'>rat·</span> 
     </span>
     <span class='ocr_line' id='line_1_3' title="bbox 267 727 1753 914; baseline 0.006 -44"><span class='ocrx_word' id='word_1_18' title='bbox 267 801 389 914; x_wconf 76' lang='lat' dir='ltr'>causat</span> <span class='ocrx_word' id='word_1_19' title='bbox 419 796 493 874; x_wconf 83' lang='lat' dir='ltr'>lieri</span> <span class='ocrx_word' id='word_1_20' title='bbox 523 800 624 892; x_wconf 85' lang='lat' dir='ltr'>potiit</span> <span class='ocrx_word' id='word_1_21' title='bbox 646 805 839 878; x_wconf 80' lang='lat' dir='ltr'>divortium.</span> <span class='ocrx_word' id='word_1_22' title='bbox 921 799 1068 914; x_wconf 65' lang='lat' dir='ltr'>Tertium</span> <span class='ocrx_word' id='word_1_23' title='bbox 1107 803 1169 876; x_wconf 79' lang='lat' dir='ltr'>dus</span> <span class='ocrx_word' id='word_1_24' title='bbox 1193 829 1232 875; x_wconf 82' lang='lat' dir='ltr'>ac</span> <span class='ocrx_word' id='word_1_25' title='bbox 1250 800 1415 902; x_wconf 79' lang='lat' dir='ltr'>proceffiu</span> <span class='ocrx_word' id='word_1_26' title='bbox 1436 727 1604 879; x_wconf 67' lang='lat' dir='ltr'>observari</span> <span class='ocrx_word' id='word_1_27' title='bbox 1624 801 1753 879; x_wconf 81' lang='lat' dir='ltr'>debeat.</span> 
     </span>
    </p>
   </div>
   <div class='ocr_carea' id='block_1_3' title="bbox 624 997 1542 1220">
    <p class='ocr_par' dir='ltr' id='par_1_3' title="bbox 624 997 1542 1220">
     <span class='ocr_line' id='line_1_4' title="bbox 853 997 1308 1079; baseline 0.002 -5"><span class='ocrx_word' id='word_1_28' title='bbox 853 997 1233 1079; x_wconf 83' lang='lat' dir='ltr'><em>ARTICVLVS</em></span> <span class='ocrx_word' id='word_1_29' title='bbox 1277 999 1308 1075; x_wconf 87' lang='grc' dir='ltr'>Ι.</span> 
     </span>
     <span class='ocr_line' id='line_1_5' title="bbox 624 1149 1542 1220; baseline 0 -2"><span class='ocrx_word' id='word_1_30' title='bbox 624 1151 695 1218; x_wconf 83' lang='lat' dir='ltr'>DE</span> <span class='ocrx_word' id='word_1_31' title='bbox 741 1149 1210 1220; x_wconf 77' lang='lat' dir='ltr'>ONOMATOLOGlA</span> <span class='ocrx_word' id='word_1_32' title='bbox 1261 1150 1542 1220; x_wconf 82' lang='lat' dir='ltr'>DlVORTil.</span> 
     </span>
    </p>
   </div>
   <div class='ocr_carea' id='block_1_4' title="bbox 231 1284 2031 5115">
    <p class='ocr_par' dir='ltr' id='par_1_4' title="bbox 274 1284 2031 1496">
     <span class='ocr_line' id='line_1_6' title="bbox 308 1284 1940 1401; baseline -0.001 -40"><span class='ocrx_word' id='word_1_33' title='bbox 308 1334 451 1401; x_wconf 50' lang='lat' dir='ltr'>Dium</span> <span class='ocrx_word' id='word_1_34' title='bbox 597 1295 758 1378; x_wconf 66' lang='lat' dir='ltr'>§.Duxi</span> <span class='ocrx_word' id='word_1_35' title='bbox 780 1289 1072 1388; x_wconf 66' lang='lat' dir='ltr'>l.)Erurto&gt;co&#39;yiu.</span> <span class='ocrx_word' id='word_1_36' title='bbox 1098 1292 1140 1362; x_wconf 84' lang='lat' dir='ltr'>cle</span> <span class='ocrx_word' id='word_1_37' title='bbox 1164 1289 1258 1361; x_wconf 86' lang='lat' dir='ltr'>verb.</span> <span class='ocrx_word' id='word_1_38' title='bbox 1281 1289 1362 1380; x_wconf 81' lang='lat' dir='ltr'>slgn.</span> <span class='ocrx_word' id='word_1_39' title='bbox 1411 1286 1507 1363; x_wconf 83' lang='lat' dir='ltr'><em>Inter</em></span> <span class='ocrx_word' id='word_1_40' title='bbox 1528 1287 1712 1361; x_wconf 80' lang='lat' dir='ltr'>diuortium</span> <span class='ocrx_word' id='word_1_41' title='bbox 1735 1284 1777 1360; x_wconf 67' lang='grc' dir='ltr'>θ’</span> <span class='ocrx_word' id='word_1_42' title='bbox 1797 1310 1895 1386; x_wconf 79' lang='lat' dir='ltr'>repu-</span> <span class='ocrx_word' id='word_1_43' title='bbox 1938 1343 1940 1350; x_wconf 84' lang='lat'><em>.</em></span> 
     </span>
     <span class='ocr_line' id='line_1_7' title="bbox 274 1386 2031 1496; baseline -0.001 -36"><span class='ocrx_word' id='word_1_44' title='bbox 274 1411 329 1496; x_wconf 61' lang='grc'>1,)</span> <span class='ocrx_word' id='word_1_45' title='bbox 351 1419 483 1487; x_wconf 54' lang='lat' dir='ltr'>mm..</span> <span class='ocrx_word' id='word_1_46' title='bbox 533 1387 751 1474; x_wconf 79' lang='lat' dir='ltr'>Divortiurn‚</span> <span class='ocrx_word' id='word_1_47' title='bbox 770 1392 903 1475; x_wconf 84' lang='lat' dir='ltr'>quidam</span> <span class='ocrx_word' id='word_1_48' title='bbox 948 1393 1073 1461; x_wconf 71' lang='lat' dir='ltr'>dictum</span> <span class='ocrx_word' id='word_1_49' title='bbox 1098 1387 1191 1462; x_wconf 82' lang='lat' dir='ltr'>dium</span> <span class='ocrx_word' id='word_1_50' title='bbox 1224 1386 1286 1460; x_wconf 82' lang='lat' dir='ltr'>itoc</span> <span class='ocrx_word' id='word_1_51' title='bbox 1308 1390 1462 1487; x_wconf 74' lang='lat' dir='ltr'>interest,</span> <span class='ocrx_word' id='word_1_52' title='bbox 1491 1388 1580 1484; x_wconf 80' lang='lat' dir='ltr'>quod</span> <span class='ocrx_word' id='word_1_53' title='bbox 1598 1387 1771 1482; x_wconf 79' lang='lat' dir='ltr'>repudiari</span> <span class='ocrx_word' id='word_1_54' title='bbox 1791 1391 1895 1459; x_wconf 84' lang='lat' dir='ltr'>etiam</span> <span class='ocrx_word' id='word_1_55' title='bbox 2027 1427 2031 1437; x_wconf 88' lang='lat'><strong>·</strong></span> 
     </span>
    </p>

    <p class='ocr_par' dir='ltr' id='par_1_5' title="bbox 259 1481 1946 3246">
     <span class='ocr_line' id='line_1_8' title="bbox 351 1481 1946 1585; baseline 0.005 -32"><span class='ocrx_word' id='word_1_56' title='bbox 351 1499 409 1568; x_wconf 61' lang='lat' dir='ltr'>rt«,</span> <span class='ocrx_word' id='word_1_57' title='bbox 534 1481 1075 1584; x_wconf 80' lang='lat' dir='ltr'>censentadiversttatementium,</span> <span class='ocrx_word' id='word_1_58' title='bbox 1093 1485 1251 1581; x_wconf 82' lang='lat' dir='ltr'>futurum</span> <span class='ocrx_word' id='word_1_59' title='bbox 1269 1487 1530 1576; x_wconf 83' lang='lat' dir='ltr'>matrimonium</span> <span class='ocrx_word' id='word_1_60' title='bbox 1560 1488 1689 1585; x_wconf 78' lang='lat' dir='ltr'>potest,</span> <span class='ocrx_word' id='word_1_61' title='bbox 1723 1508 1788 1558; x_wconf 91' lang='lat' dir='ltr'>non</span> <span class='ocrx_word' id='word_1_62' title='bbox 1814 1482 1897 1559; x_wconf 76' lang='lat' dir='ltr'>relic</span> <span class='ocrx_word' id='word_1_63' title='bbox 1944 1558 1946 1561; x_wconf 83' lang='lat'>.</span> 
     </span>
     <span class='ocr_line' id='line_1_9' title="bbox 534 1580 1894 1682; baseline 0.003 -31"><span class='ocrx_word' id='word_1_64' title='bbox 534 1586 609 1671; x_wconf 78' lang='lat' dir='ltr'>quia</span> <span class='ocrx_word' id='word_1_65' title='bbox 627 1609 703 1654; x_wconf 87' lang='lat' dir='ltr'>cum</span> <span class='ocrx_word' id='word_1_66' title='bbox 722 1587 891 1656; x_wconf 81' lang='lat' dir='ltr'>dirimitur</span> <span class='ocrx_word' id='word_1_67' title='bbox 906 1591 1075 1659; x_wconf 86' lang='lat' dir='ltr'>matrimo·</span> <span class='ocrx_word' id='word_1_68' title='bbox 1100 1597 1209 1658; x_wconf 90' lang='lat' dir='ltr'>autem</span> <span class='ocrx_word' id='word_1_69' title='bbox 1232 1582 1358 1682; x_wconf 84' lang='lat' dir='ltr'>spansa</span> <span class='ocrx_word' id='word_1_70' title='bbox 1389 1580 1555 1681; x_wconf 72' lang='lat' dir='ltr'>dioertiffe</span> <span class='ocrx_word' id='word_1_71' title='bbox 1583 1585 1724 1657; x_wconf 81' lang='lat' dir='ltr'>dicitur.</span> <span class='ocrx_word' id='word_1_72' title='bbox 1772 1589 1894 1656; x_wconf 84' lang='lat' dir='ltr'>Mode-</span> 
     </span>
     <span class='ocr_line' id='line_1_10' title="bbox 277 1673 1893 1773; baseline 0.004 -27"><span class='ocrx_word' id='word_1_73' title='bbox 277 1673 392 1760; x_wconf 82' lang='lat' dir='ltr'>trium,</span> <span class='ocrx_word' id='word_1_74' title='bbox 423 1698 500 1764; x_wconf 85' lang='lat' dir='ltr'>pars</span> <span class='ocrx_word' id='word_1_75' title='bbox 518 1701 656 1768; x_wconf 85' lang='lat' dir='ltr'>utraque</span> <span class='ocrx_word' id='word_1_76' title='bbox 680 1682 732 1754; x_wconf 88' lang='lat' dir='ltr'>vel</span> <span class='ocrx_word' id='word_1_77' title='bbox 753 1683 912 1755; x_wconf 87' lang='lat' dir='ltr'>alterutra</span> <span class='ocrx_word' id='word_1_78' title='bbox 930 1706 1075 1756; x_wconf 78' lang='lat' dir='ltr'>mentem</span> <span class='ocrx_word' id='word_1_79' title='bbox 1101 1687 1200 1756; x_wconf 76' lang='lat' dir='ltr'>[tinus</span> <span class='ocrx_word' id='word_1_80' title='bbox 1214 1682 1236 1754; x_wconf 90' lang='lat' dir='ltr'>l.</span> <span class='ocrx_word' id='word_1_81' title='bbox 1290 1693 1379 1755; x_wconf 71' lang='lat' dir='ltr'>linter</span> <span class='ocrx_word' id='word_1_82' title='bbox 1391 1687 1540 1773; x_wconf 83' lang='lat' dir='ltr'>stuprum</span> <span class='ocrx_word' id='word_1_83' title='bbox 1561 1707 1637 1757; x_wconf 84' lang='grc' dir='ltr'><strong>ιοι.</strong></span> <span class='ocrx_word' id='word_1_84' title='bbox 1656 1694 1689 1772; x_wconf 61' lang='grc' dir='ltr'>ς.</span> <span class='ocrx_word' id='word_1_85' title='bbox 1711 1706 1738 1753; x_wconf 86' lang='grc' dir='ltr'>ι.</span> <span class='ocrx_word' id='word_1_86' title='bbox 1753 1685 1803 1754; x_wconf 86' lang='lat' dir='ltr'>tit.</span> <span class='ocrx_word' id='word_1_87' title='bbox 1817 1685 1893 1754; x_wconf 80' lang='lat' dir='ltr'>eod.</span> 
     </span>
     <span class='ocr_line' id='line_1_11' title="bbox 277 1771 1898 1877; baseline 0.004 -33"><span class='ocrx_word' id='word_1_88' title='bbox 277 1771 425 1844; x_wconf 79' lang='lat' dir='ltr'>eltaniae</span> <span class='ocrx_word' id='word_1_89' title='bbox 436 1771 602 1848; x_wconf 81' lang='lat' dir='ltr'>diversant</span> <span class='ocrx_word' id='word_1_90' title='bbox 613 1776 735 1852; x_wconf 82' lang='lat' dir='ltr'>habere</span> <span class='ocrx_word' id='word_1_91' title='bbox 748 1781 965 1871; x_wconf 83' lang='lat' dir='ltr'>intelligitur,</span> <span class='ocrx_word' id='word_1_92' title='bbox 977 1807 1075 1869; x_wconf 87' lang='lat' dir='ltr'>quom</span> <span class='ocrx_word' id='word_1_93' title='bbox 1103 1779 1305 1855; x_wconf 85' lang='lat' dir='ltr'>Dinortinm</span> <span class='ocrx_word' id='word_1_94' title='bbox 1322 1785 1408 1854; x_wconf 78' lang='lat' dir='ltr'>inter</span> <span class='ocrx_word' id='word_1_95' title='bbox 1420 1783 1530 1854; x_wconf 83' lang='lat' dir='ltr'>uirum</span> <span class='ocrx_word' id='word_1_96' title='bbox 1551 1777 1591 1852; x_wconf 64' lang='grc' dir='ltr'><em>ὃ</em></span> <span class='ocrx_word' id='word_1_97' title='bbox 1603 1792 1740 1852; x_wconf 84' lang='lat' dir='ltr'>uxorem</span> <span class='ocrx_word' id='word_1_98' title='bbox 1749 1780 1831 1877; x_wconf 80' lang='lat' dir='ltr'>fieri</span> <span class='ocrx_word' id='word_1_99' title='bbox 1842 1778 1898 1850; x_wconf 79' lang='lat' dir='ltr'>dc·-</span> 
     </span>
     <span class='ocr_line' id='line_1_12' title="bbox 276 1870 1896 1976; baseline 0.006 -37"><span class='ocrx_word' id='word_1_100' title='bbox 276 1873 373 1974; x_wconf 84' lang='lat' dir='ltr'>prius</span> <span class='ocrx_word' id='word_1_101' title='bbox 398 1870 535 1954; x_wconf 90' lang='lat' dir='ltr'>habuit,</span> <span class='ocrx_word' id='word_1_102' title='bbox 577 1881 924 1950; x_wconf 79' lang='lat' dir='ltr'>cunt-matrimonium</span> <span class='ocrx_word' id='word_1_103' title='bbox 947 1903 1076 1951; x_wconf 86' lang='lat' dir='ltr'>contra·</span> <span class='ocrx_word' id='word_1_104' title='bbox 1101 1881 1208 1962; x_wconf 88' lang='lat' dir='ltr'>citur,</span> <span class='ocrx_word' id='word_1_105' title='bbox 1234 1881 1405 1976; x_wconf 72' lang='lat' dir='ltr'>repudium</span> <span class='ocrx_word' id='word_1_106' title='bbox 1422 1904 1499 1953; x_wconf 81' lang='lat' dir='ltr'>uero</span> <span class='ocrx_word' id='word_1_107' title='bbox 1509 1877 1642 1976; x_wconf 75' lang='lat' dir='ltr'>sponsa</span> <span class='ocrx_word' id='word_1_108' title='bbox 1661 1880 1790 1952; x_wconf 77' lang='lat' dir='ltr'>remitti</span> <span class='ocrx_word' id='word_1_109' title='bbox 1805 1877 1896 1952; x_wconf 83' lang='lat' dir='ltr'>vide·</span> 
     </span>
     <span class='ocr_line' id='line_1_13' title="bbox 278 1968 1919 2076; baseline 0.007 -39"><span class='ocrx_word' id='word_1_110' title='bbox 278 1968 387 2042; x_wconf 83' lang='lat' dir='ltr'>heret.</span> <span class='ocrx_word' id='word_1_111' title='bbox 444 1979 506 2044; x_wconf 88' lang='lat' dir='ltr'>Sed</span> <span class='ocrx_word' id='word_1_112' title='bbox 532 1972 653 2046; x_wconf 69' lang='lat' dir='ltr'>cestius</span> <span class='ocrx_word' id='word_1_113' title='bbox 676 1987 711 2050; x_wconf 80' lang='lat' dir='ltr'>dt</span> <span class='ocrx_word' id='word_1_114' title='bbox 735 1981 953 2065; x_wconf 76' lang='lat' dir='ltr'>propinquius</span> <span class='ocrx_word' id='word_1_115' title='bbox 974 1983 1077 2050; x_wconf 88' lang='lat' dir='ltr'>dedo·</span> <span class='ocrx_word' id='word_1_116' title='bbox 1102 1992 1173 2064; x_wconf 86' lang='lat' dir='ltr'>tur,</span> <span class='ocrx_word' id='word_1_117' title='bbox 1198 1979 1285 2076; x_wconf 83' lang='lat' dir='ltr'>quod</span> <span class='ocrx_word' id='word_1_118' title='bbox 1303 1976 1343 2051; x_wconf 63' lang='grc' dir='ltr'>ὅ</span> <span class='ocrx_word' id='word_1_119' title='bbox 1360 1981 1395 2049; x_wconf 88' lang='lat' dir='ltr'>in</span> <span class='ocrx_word' id='word_1_120' title='bbox 1417 1981 1537 2051; x_wconf 76' lang='lat' dir='ltr'>rixaris</span> <span class='ocrx_word' id='word_1_121' title='bbox 1556 1969 1818 2073; x_wconf 77' lang='lat' dir='ltr'>personam¹nor</span> <span class='ocrx_word' id='word_1_122' title='bbox 1836 1973 1919 2048; x_wconf 80' lang='lat' dir='ltr'>at·-</span> 
     </span>
     <span class='ocr_line' id='line_1_14' title="bbox 259 2069 1898 2175; baseline 0.004 -37"><span class='ocrx_word' id='word_1_123' title='bbox 259 2069 366 2170; x_wconf 70' lang='lat' dir='ltr'>citur</span> <span class='ocrx_word' id='word_1_124' title='bbox 397 2095 416 2140; x_wconf 81' lang='lat' dir='ltr'>a</span> <span class='ocrx_word' id='word_1_125' title='bbox 441 2071 660 2154; x_wconf 81' lang='lat' dir='ltr'>divertendo,</span> <span class='ocrx_word' id='word_1_126' title='bbox 701 2079 777 2164; x_wconf 89' lang='lat' dir='ltr'>quia</span> <span class='ocrx_word' id='word_1_127' title='bbox 809 2099 870 2162; x_wconf 88' lang='lat' dir='ltr'>per</span> <span class='ocrx_word' id='word_1_128' title='bbox 895 2080 1078 2148; x_wconf 84' lang='lat' dir='ltr'>divortium</span> <span class='ocrx_word' id='word_1_129' title='bbox 1095 2078 1198 2175; x_wconf 79' lang='lat' dir='ltr'>surda</span> <span class='ocrx_word' id='word_1_130' title='bbox 1221 2077 1322 2149; x_wconf 83' lang='lat' dir='ltr'>cadit.</span> <span class='ocrx_word' id='word_1_131' title='bbox 1374 2080 1426 2150; x_wconf 86' lang='lat' dir='ltr'>Sia</span> <span class='ocrx_word' id='word_1_132' title='bbox 1444 2103 1525 2170; x_wconf 79' lang='lat' dir='ltr'>ergo</span> <span class='ocrx_word' id='word_1_133' title='bbox 1546 2081 1725 2163; x_wconf 81' lang='lat' dir='ltr'>repudium</span> <span class='ocrx_word' id='word_1_134' title='bbox 1741 2071 1819 2147; x_wconf 77' lang='lat' dir='ltr'>elset</span> <span class='ocrx_word' id='word_1_135' title='bbox 1837 2097 1898 2145; x_wconf 89' lang='lat' dir='ltr'>no·</span> 
     </span>
     <span class='ocr_line' id='line_1_15' title="bbox 279 2168 1903 2267; baseline 0.004 -32"><span class='ocrx_word' id='word_1_136' title='bbox 279 2168 437 2256; x_wconf 75' lang='lat' dir='ltr'>coniuges</span> <span class='ocrx_word' id='word_1_137' title='bbox 462 2173 605 2241; x_wconf 82' lang='lat' dir='ltr'>invicem</span> <span class='ocrx_word' id='word_1_138' title='bbox 630 2173 820 2256; x_wconf 87' lang='lat' dir='ltr'>divertunt,</span> <span class='ocrx_word' id='word_1_139' title='bbox 850 2168 914 2244; x_wconf 91' lang='lat' dir='ltr'>hoc</span> <span class='ocrx_word' id='word_1_140' title='bbox 939 2175 1009 2256; x_wconf 85' lang='lat' dir='ltr'>est,</span> <span class='ocrx_word' id='word_1_141' title='bbox 1044 2176 1079 2242; x_wconf 91' lang='lat' dir='ltr'>in</span> <span class='ocrx_word' id='word_1_142' title='bbox 1103 2204 1179 2248; x_wconf 88' lang='lat' dir='ltr'>men</span> <span class='ocrx_word' id='word_1_143' title='bbox 1199 2174 1373 2267; x_wconf 83' lang='lat' dir='ltr'>generale,</span> <span class='ocrx_word' id='word_1_144' title='bbox 1404 2198 1473 2244; x_wconf 91' lang='lat' dir='ltr'>tum</span> <span class='ocrx_word' id='word_1_145' title='bbox 1496 2172 1617 2263; x_wconf 70' lang='lat' dir='ltr'>sponsa</span> <span class='ocrx_word' id='word_1_146' title='bbox 1633 2199 1703 2244; x_wconf 86' lang='lat' dir='ltr'>tum</span> <span class='ocrx_word' id='word_1_147' title='bbox 1723 2175 1832 2244; x_wconf 82' lang='lat' dir='ltr'>uxoris</span> <span class='ocrx_word' id='word_1_148' title='bbox 1849 2172 1903 2243; x_wconf 69' lang='lat' dir='ltr'>di«</span> 
     </span>
     <span class='ocr_line' id='line_1_16' title="bbox 281 2257 1899 2359; baseline 0.006 -27"><span class='ocrx_word' id='word_1_149' title='bbox 281 2257 555 2352; x_wconf 75' lang='lat' dir='ltr'>diuerlaapartes</span> <span class='ocrx_word' id='word_1_150' title='bbox 579 2275 670 2340; x_wconf 84' lang='lat' dir='ltr'>e&#39;unt.</span> <span class='ocrx_word' id='word_1_151' title='bbox 719 2273 818 2340; x_wconf 86' lang='lat' dir='ltr'>Gaius</span> <span class='ocrx_word' id='word_1_152' title='bbox 840 2268 862 2339; x_wconf 90' lang='lat' dir='ltr'>l.</span> <span class='ocrx_word' id='word_1_153' title='bbox 886 2273 1079 2342; x_wconf 86' lang='lat' dir='ltr'>Divortium</span> <span class='ocrx_word' id='word_1_154' title='bbox 1103 2275 1287 2346; x_wconf 79' lang='lat' dir='ltr'>millioneor</span> <span class='ocrx_word' id='word_1_155' title='bbox 1312 2272 1562 2359; x_wconf 74' lang='lat' dir='ltr'>complettenst</span> <span class='ocrx_word' id='word_1_156' title='bbox 1604 2274 1785 2342; x_wconf 86' lang='lat' dir='ltr'>divortium</span> <span class='ocrx_word' id='word_1_157' title='bbox 1818 2291 1899 2341; x_wconf 72' lang='lat' dir='ltr'>vero</span> 
     </span>
     <span class='ocr_line' id='line_1_17' title="bbox 283 2357 1901 2462; baseline 0.002 -28"><span class='ocrx_word' id='word_1_158' title='bbox 283 2384 317 2432; x_wconf 79' lang='lat'>2.</span> <span class='ocrx_word' id='word_1_159' title='bbox 344 2357 381 2434; x_wconf 87' lang='lat' dir='ltr'>ff.</span> <span class='ocrx_word' id='word_1_160' title='bbox 406 2373 448 2437; x_wconf 86' lang='lat' dir='ltr'>de</span> <span class='ocrx_word' id='word_1_161' title='bbox 474 2368 595 2440; x_wconf 81' lang='lat' dir='ltr'>divort.</span> <span class='ocrx_word' id='word_1_162' title='bbox 664 2362 864 2440; x_wconf 85' lang='lat' dir='ltr'>Diuortium</span> <span class='ocrx_word' id='word_1_163' title='bbox 897 2369 949 2441; x_wconf 80' lang='lat' dir='ltr'>vel</span> <span class='ocrx_word' id='word_1_164' title='bbox 977 2391 999 2438; x_wconf 88' lang='lat' dir='ltr'>a</span> <span class='ocrx_word' id='word_1_165' title='bbox 1026 2368 1079 2440; x_wconf 85' lang='lat' dir='ltr'>di·</span> <span class='ocrx_word' id='word_1_166' title='bbox 1104 2368 1260 2462; x_wconf 82' lang='lat' dir='ltr'>speciale,</span> <span class='ocrx_word' id='word_1_167' title='bbox 1286 2366 1382 2440; x_wconf 91' lang='lat' dir='ltr'>solius</span> <span class='ocrx_word' id='word_1_168' title='bbox 1399 2374 1507 2440; x_wconf 89' lang='lat' dir='ltr'>uxoris</span> <span class='ocrx_word' id='word_1_169' title='bbox 1530 2367 1751 2440; x_wconf 84' lang='lat' dir='ltr'>dimiffionem</span> <span class='ocrx_word' id='word_1_170' title='bbox 1776 2365 1901 2458; x_wconf 80' lang='lat' dir='ltr'>fignifi-</span> 
     </span>
     <span class='ocr_line' id='line_1_18' title="bbox 281 2463 1897 2564; baseline 0.004 -34"><span class='ocrx_word' id='word_1_171' title='bbox 281 2463 434 2550; x_wconf 64' lang='lat' dir='ltr'>versttatr</span> <span class='ocrx_word' id='word_1_172' title='bbox 453 2464 611 2536; x_wconf 84' lang='lat' dir='ltr'>mentium</span> <span class='ocrx_word' id='word_1_173' title='bbox 632 2465 754 2538; x_wconf 79' lang='lat' dir='ltr'>ditium</span> <span class='ocrx_word' id='word_1_174' title='bbox 772 2469 831 2564; x_wconf 80' lang='lat' dir='ltr'>est,</span> <span class='ocrx_word' id='word_1_175' title='bbox 864 2465 918 2538; x_wconf 84' lang='lat' dir='ltr'>vel</span> <span class='ocrx_word' id='word_1_176' title='bbox 942 2470 1022 2560; x_wconf 78' lang='lat' dir='ltr'>quia</span> <span class='ocrx_word' id='word_1_177' title='bbox 1045 2468 1080 2535; x_wconf 88' lang='lat' dir='ltr'>in</span> <span class='ocrx_word' id='word_1_178' title='bbox 1103 2498 1190 2543; x_wconf 87' lang='lat' dir='ltr'>cans.</span> <span class='ocrx_word' id='word_1_179' title='bbox 1240 2466 1454 2540; x_wconf 83' lang='lat' dir='ltr'>Bellacminus</span> <span class='ocrx_word' id='word_1_180' title='bbox 1475 2466 1531 2537; x_wconf 90' lang='lat' dir='ltr'>lib.</span> <span class='ocrx_word' id='word_1_181' title='bbox 1551 2468 1575 2538; x_wconf 91' lang='lat' dir='ltr'>l.</span> <span class='ocrx_word' id='word_1_182' title='bbox 1596 2471 1638 2538; x_wconf 87' lang='lat' dir='ltr'>de</span> <span class='ocrx_word' id='word_1_183' title='bbox 1658 2468 1802 2537; x_wconf 86' lang='lat' dir='ltr'>matrim.</span> <span class='ocrx_word' id='word_1_184' title='bbox 1823 2489 1897 2555; x_wconf 87' lang='lat' dir='ltr'>cap.</span> 
     </span>
     <span class='ocr_line' id='line_1_19' title="bbox 281 2556 1901 2664; baseline 0.002 -36"><span class='ocrx_word' id='word_1_185' title='bbox 281 2556 433 2656; x_wconf 76' lang='lat' dir='ltr'>diuersas</span> <span class='ocrx_word' id='word_1_186' title='bbox 455 2574 569 2660; x_wconf 78' lang='lat' dir='ltr'>partes</span> <span class='ocrx_word' id='word_1_187' title='bbox 594 2575 689 2647; x_wconf 88' lang='lat' dir='ltr'>eunt,</span> <span class='ocrx_word' id='word_1_188' title='bbox 716 2565 772 2659; x_wconf 85' lang='lat' dir='ltr'>qui</span> <span class='ocrx_word' id='word_1_189' title='bbox 796 2565 983 2664; x_wconf 71' lang='lat' dir='ltr'>distrahunt</span> <span class='ocrx_word' id='word_1_190' title='bbox 1010 2586 1080 2658; x_wconf 87' lang='lat' dir='ltr'>ma·</span> <span class='ocrx_word' id='word_1_191' title='bbox 1105 2567 1205 2639; x_wconf 87' lang='lat' dir='ltr'>XlV.</span> <span class='ocrx_word' id='word_1_192' title='bbox 1218 2565 1317 2636; x_wconf 88' lang='lat' dir='ltr'>talem</span> <span class='ocrx_word' id='word_1_193' title='bbox 1333 2566 1466 2635; x_wconf 84' lang='lat' dir='ltr'>divortii</span> <span class='ocrx_word' id='word_1_194' title='bbox 1481 2587 1518 2634; x_wconf 86' lang='lat' dir='ltr'>ac</span> <span class='ocrx_word' id='word_1_195' title='bbox 1531 2567 1664 2648; x_wconf 84' lang='lat' dir='ltr'>repudii</span> <span class='ocrx_word' id='word_1_196' title='bbox 1678 2561 1901 2635; x_wconf 75' lang='lat' dir='ltr'>differentiam</span> 
     </span>
     <span class='ocr_line' id='line_1_20' title="bbox 283 2656 1905 2758; baseline 0.001 -30"><span class='ocrx_word' id='word_1_197' title='bbox 283 2657 490 2734; x_wconf 86' lang='lat' dir='ltr'>trimouium.</span> <span class='ocrx_word' id='word_1_198' title='bbox 570 2665 686 2732; x_wconf 83' lang='lat' dir='ltr'>Paulus</span> <span class='ocrx_word' id='word_1_199' title='bbox 722 2667 744 2736; x_wconf 89' lang='lat' dir='ltr'>l.</span> <span class='ocrx_word' id='word_1_200' title='bbox 777 2667 864 2733; x_wconf 87' lang='lat' dir='ltr'>inter</span> <span class='ocrx_word' id='word_1_201' title='bbox 901 2666 1080 2732; x_wconf 84' lang='lat' dir='ltr'>divortium</span> <span class='ocrx_word' id='word_1_202' title='bbox 1105 2666 1305 2747; x_wconf 82' lang='lat' dir='ltr'>introducit,</span> <span class='ocrx_word' id='word_1_203' title='bbox 1329 2660 1617 2749; x_wconf 81' lang='lat' dir='ltr'>quoddivortium</span> <span class='ocrx_word' id='word_1_204' title='bbox 1636 2664 1773 2757; x_wconf 81' lang='lat' dir='ltr'>proprie</span> <span class='ocrx_word' id='word_1_205' title='bbox 1785 2662 1833 2758; x_wconf 86' lang='lat' dir='ltr'>stt</span> <span class='ocrx_word' id='word_1_206' title='bbox 1845 2656 1905 2755; x_wconf 91' lang='lat' dir='ltr'>so·</span> 
     </span>
     <span class='ocr_line' id='line_1_21' title="bbox 290 2756 1902 2854; baseline 0.002 -28"><span class='ocrx_word' id='word_1_207' title='bbox 290 2782 369 2842; x_wconf 76' lang='lat'>193.</span> <span class='ocrx_word' id='word_1_208' title='bbox 396 2758 431 2831; x_wconf 84' lang='lat' dir='ltr'>ff.</span> <span class='ocrx_word' id='word_1_209' title='bbox 459 2764 501 2832; x_wconf 87' lang='lat' dir='ltr'>de</span> <span class='ocrx_word' id='word_1_210' title='bbox 525 2760 621 2831; x_wconf 70' lang='lat' dir='ltr'>verb.</span> <span class='ocrx_word' id='word_1_211' title='bbox 654 2759 735 2849; x_wconf 78' lang='lat' dir='ltr'>fign.</span> <span class='ocrx_word' id='word_1_212' title='bbox 805 2756 1006 2842; x_wconf 78' lang='lat' dir='ltr'>Diuortium</span> <span class='ocrx_word' id='word_1_213' title='bbox 1038 2783 1082 2831; x_wconf 83' lang='lat' dir='ltr'>rx</span> <span class='ocrx_word' id='word_1_214' title='bbox 1106 2763 1192 2845; x_wconf 85' lang='lat' dir='ltr'>intio</span> <span class='ocrx_word' id='word_1_215' title='bbox 1213 2759 1423 2832; x_wconf 77' lang='lat' dir='ltr'>matrimonii</span> <span class='ocrx_word' id='word_1_216' title='bbox 1437 2757 1674 2854; x_wconf 86' lang='lat' dir='ltr'>consummati,</span> <span class='ocrx_word' id='word_1_217' title='bbox 1701 2758 1811 2853; x_wconf 78' lang='lat' dir='ltr'>quoad</span> <span class='ocrx_word' id='word_1_218' title='bbox 1828 2757 1902 2829; x_wconf 86' lang='lat' dir='ltr'>tito·</span> 
     </span>
     <span class='ocr_line' id='line_1_22' title="bbox 281 2855 1903 2958; baseline 0 -30"><span class='ocrx_word' id='word_1_219' title='bbox 281 2880 320 2928; x_wconf 87' lang='lat' dir='ltr'>ro</span> <span class='ocrx_word' id='word_1_220' title='bbox 352 2857 476 2932; x_wconf 70' lang='lat' dir='ltr'>ditium</span> <span class='ocrx_word' id='word_1_221' title='bbox 502 2860 571 2958; x_wconf 79' lang='lat' dir='ltr'>rfl,</span> <span class='ocrx_word' id='word_1_222' title='bbox 613 2857 701 2952; x_wconf 69' lang='lat' dir='ltr'>quati</span> <span class='ocrx_word' id='word_1_223' title='bbox 727 2858 937 2953; x_wconf 73' lang='lat' dir='ltr'>indiversus</span> <span class='ocrx_word' id='word_1_224' title='bbox 969 2871 1179 2955; x_wconf 72' lang='lat' dir='ltr'>parternum</span> <span class='ocrx_word' id='word_1_225' title='bbox 1195 2857 1489 2932; x_wconf 77' lang='lat' dir='ltr'>&amp;habitationem</span> <span class='ocrx_word' id='word_1_226' title='bbox 1510 2871 1660 2930; x_wconf 84' lang='lat' dir='ltr'>manente</span> <span class='ocrx_word' id='word_1_227' title='bbox 1679 2855 1903 2929; x_wconf 88' lang='lat' dir='ltr'>viuculocon·</span> 
     </span>
     <span class='ocr_line' id='line_1_23' title="bbox 544 2953 1905 3056; baseline 0.001 -30"><span class='ocrx_word' id='word_1_228' title='bbox 544 2968 643 3040; x_wconf 85' lang='lat' dir='ltr'>eunt,</span> <span class='ocrx_word' id='word_1_229' title='bbox 683 2958 739 3050; x_wconf 89' lang='lat' dir='ltr'>qui</span> <span class='ocrx_word' id='word_1_230' title='bbox 777 2955 958 3052; x_wconf 83' lang='lat' dir='ltr'>discedunt.</span> <span class='ocrx_word' id='word_1_231' title='bbox 1010 2957 1081 3048; x_wconf 80' lang='lat' dir='ltr'>ll.)</span> <span class='ocrx_word' id='word_1_232' title='bbox 1109 2959 1240 3056; x_wconf 77' lang='lat' dir='ltr'>angoti,-</span> <span class='ocrx_word' id='word_1_233' title='bbox 1262 2957 1433 3052; x_wconf 77' lang='lat' dir='ltr'>repudium</span> <span class='ocrx_word' id='word_1_234' title='bbox 1450 2979 1526 3027; x_wconf 85' lang='lat' dir='ltr'>vero</span> <span class='ocrx_word' id='word_1_235' title='bbox 1532 2955 1662 3051; x_wconf 82' lang='lat' dir='ltr'>solutio</span> <span class='ocrx_word' id='word_1_236' title='bbox 1676 2957 1777 3030; x_wconf 85' lang='lat' dir='ltr'>etiam</span> <span class='ocrx_word' id='word_1_237' title='bbox 1792 2953 1905 3051; x_wconf 75' lang='lat' dir='ltr'>quoad</span> 
     </span>
     <span class='ocr_line' id='line_1_24' title="bbox 285 3045 1904 3144; baseline 0.001 -19"><span class='ocrx_word' id='word_1_238' title='bbox 285 3045 496 3126; x_wconf 67' lang='lat' dir='ltr'>illimato.</span> <span class='ocrx_word' id='word_1_239' title='bbox 551 3055 761 3144; x_wconf 71' lang='lat' dir='ltr'>Ouutuuiu.</span> <span class='ocrx_word' id='word_1_240' title='bbox 806 3054 1086 3143; x_wconf 82' lang='lat' dir='ltr'>t.)Divortiivo·</span> <span class='ocrx_word' id='word_1_241' title='bbox 1108 3055 1287 3132; x_wconf 86' lang='lat' dir='ltr'>uinculum.</span> <span class='ocrx_word' id='word_1_242' title='bbox 1352 3058 1412 3126; x_wconf 83' lang='lat' dir='ltr'>Sed</span> <span class='ocrx_word' id='word_1_243' title='bbox 1437 3052 1686 3128; x_wconf 74' lang='lat' dir='ltr'>haecdistintlio</span> <span class='ocrx_word' id='word_1_244' title='bbox 1709 3079 1748 3126; x_wconf 85' lang='lat' dir='ltr'>ex</span> <span class='ocrx_word' id='word_1_245' title='bbox 1770 3057 1904 3126; x_wconf 82' lang='lat' dir='ltr'>tanoni-</span> 
     </span>
     <span class='ocr_line' id='line_1_25' title="bbox 553 3150 1904 3246; baseline 0.001 -26"><span class='ocrx_word' id='word_1_246' title='bbox 553 3151 626 3221; x_wconf 88' lang='lat' dir='ltr'>cula</span> <span class='ocrx_word' id='word_1_247' title='bbox 637 3151 858 3246; x_wconf 68' lang='lat' dir='ltr'>rttetapltorice</span> <span class='ocrx_word' id='word_1_248' title='bbox 871 3154 1031 3239; x_wconf 84' lang='lat' dir='ltr'>accipitur</span> <span class='ocrx_word' id='word_1_249' title='bbox 1044 3161 1085 3224; x_wconf 88' lang='lat' dir='ltr'>dc</span> <span class='ocrx_word' id='word_1_250' title='bbox 1108 3163 1228 3230; x_wconf 82' lang='lat' dir='ltr'>ilerum</span> <span class='ocrx_word' id='word_1_251' title='bbox 1251 3154 1373 3225; x_wconf 87' lang='lat' dir='ltr'>laconis</span> <span class='ocrx_word' id='word_1_252' title='bbox 1396 3176 1461 3221; x_wconf 87' lang='lat' dir='ltr'>non</span> <span class='ocrx_word' id='word_1_253' title='bbox 1485 3175 1522 3221; x_wconf 79' lang='lat' dir='ltr'>er</span> <span class='ocrx_word' id='word_1_254' title='bbox 1548 3150 1740 3240; x_wconf 77' lang='lat' dir='ltr'>scripture,</span> <span class='ocrx_word' id='word_1_255' title='bbox 1779 3153 1831 3223; x_wconf 83' lang='lat' dir='ltr'>vel</span> <span class='ocrx_word' id='word_1_256' title='bbox 1853 3155 1904 3222; x_wconf 89' lang='lat' dir='ltr'>iu-</span> 
     </span>
    </p>

    <p class='ocr_par' dir='ltr' id='par_1_6' title="bbox 266 3245 1966 3742">
     <span class='ocr_line' id='line_1_26' title="bbox 282 3245 1966 3344; baseline -0.005 -18"><span class='ocrx_word' id='word_1_257' title='bbox 282 3252 458 3326; x_wconf 73' lang='lat' dir='ltr'>itineribus</span> <span class='ocrx_word' id='word_1_258' title='bbox 478 3245 533 3322; x_wconf 90' lang='lat' dir='ltr'>seu</span> <span class='ocrx_word' id='word_1_259' title='bbox 555 3250 654 3333; x_wconf 83' lang='lat' dir='ltr'>locis,</span> <span class='ocrx_word' id='word_1_260' title='bbox 678 3248 719 3318; x_wconf 83' lang='lat' dir='ltr'>fic</span> <span class='ocrx_word' id='word_1_261' title='bbox 735 3255 868 3322; x_wconf 82' lang='lat' dir='ltr'>Tacitus</span> <span class='ocrx_word' id='word_1_262' title='bbox 887 3254 987 3344; x_wconf 77' lang='lat' dir='ltr'>dicit:</span> <span class='ocrx_word' id='word_1_263' title='bbox 1012 3247 1083 3322; x_wconf 86' lang='lat' dir='ltr'>Ar·</span> <span class='ocrx_word' id='word_1_264' title='bbox 1107 3257 1151 3328; x_wconf 88' lang='lat' dir='ltr'>ris</span> <span class='ocrx_word' id='word_1_265' title='bbox 1165 3252 1288 3331; x_wconf 82' lang='lat' dir='ltr'>civilia,</span> <span class='ocrx_word' id='word_1_266' title='bbox 1315 3249 1366 3322; x_wconf 80' lang='lat' dir='ltr'>uel</span> <span class='ocrx_word' id='word_1_267' title='bbox 1385 3249 1597 3336; x_wconf 84' lang='lat' dir='ltr'>probatorum</span> <span class='ocrx_word' id='word_1_268' title='bbox 1614 3247 1810 3335; x_wconf 88' lang='lat' dir='ltr'>scriptorum</span> <span class='ocrx_word' id='word_1_269' title='bbox 1829 3246 1903 3319; x_wconf 87' lang='lat' dir='ltr'>son·</span> <span class='ocrx_word' id='word_1_270' title='bbox 1962 3257 1966 3264; x_wconf 89' lang='lat'>&#39;</span> 
     </span>
     <span class='ocr_line' id='line_1_27' title="bbox 284 3342 1903 3451; baseline -0.006 -27"><span class='ocrx_word' id='word_1_271' title='bbox 284 3351 420 3451; x_wconf 64' lang='lat' dir='ltr'>difflmo</span> <span class='ocrx_word' id='word_1_272' title='bbox 445 3351 533 3422; x_wconf 88' lang='lat' dir='ltr'>inter</span> <span class='ocrx_word' id='word_1_273' title='bbox 557 3344 732 3442; x_wconf 81' lang='lat' dir='ltr'>Europam</span> <span class='ocrx_word' id='word_1_274' title='bbox 761 3344 942 3446; x_wconf 74' lang='lat' dir='ltr'>Aſsamque</span> <span class='ocrx_word' id='word_1_275' title='bbox 969 3348 1084 3420; x_wconf 81' lang='lat' dir='ltr'>diuor-</span> <span class='ocrx_word' id='word_1_276' title='bbox 1108 3353 1195 3424; x_wconf 88' lang='lat' dir='ltr'>tibus</span> <span class='ocrx_word' id='word_1_277' title='bbox 1218 3349 1328 3420; x_wconf 78' lang='lat' dir='ltr'>hausta</span> <span class='ocrx_word' id='word_1_278' title='bbox 1348 3351 1420 3426; x_wconf 84' lang='lat' dir='ltr'>etl,</span> <span class='ocrx_word' id='word_1_279' title='bbox 1452 3369 1488 3415; x_wconf 87' lang='lat' dir='ltr'>ut</span> <span class='ocrx_word' id='word_1_280' title='bbox 1506 3372 1544 3417; x_wconf 85' lang='lat' dir='ltr'>cr</span> <span class='ocrx_word' id='word_1_281' title='bbox 1572 3342 1778 3435; x_wconf 86' lang='lat' dir='ltr'>sequentibus</span> <span class='ocrx_word' id='word_1_282' title='bbox 1801 3347 1903 3432; x_wconf 84' lang='lat' dir='ltr'>adpa-</span> 
     </span>
     <span class='ocr_line' id='line_1_28' title="bbox 284 3441 1903 3542; baseline -0.007 -18"><span class='ocrx_word' id='word_1_283' title='bbox 284 3441 335 3524; x_wconf 74' lang='lat' dir='ltr'>tto</span> <span class='ocrx_word' id='word_1_284' title='bbox 354 3447 567 3542; x_wconf 72' lang='lat' dir='ltr'>Byzantium</span> <span class='ocrx_word' id='word_1_285' title='bbox 592 3449 627 3517; x_wconf 87' lang='lat' dir='ltr'>in</span> <span class='ocrx_word' id='word_1_286' title='bbox 648 3460 797 3519; x_wconf 80' lang='lat' dir='ltr'>extrema</span> <span class='ocrx_word' id='word_1_287' title='bbox 816 3447 958 3542; x_wconf 79' lang='lat' dir='ltr'>Europa</span> <span class='ocrx_word' id='word_1_288' title='bbox 986 3443 1078 3519; x_wconf 85' lang='lat' dir='ltr'>Grae·</span> <span class='ocrx_word' id='word_1_289' title='bbox 1108 3449 1203 3524; x_wconf 83' lang='lat' dir='ltr'>tebit.</span> <span class='ocrx_word' id='word_1_290' title='bbox 1257 3453 1340 3518; x_wconf 88' lang='lat' dir='ltr'>Beza</span> <span class='ocrx_word' id='word_1_291' title='bbox 1362 3443 1421 3514; x_wconf 88' lang='lat' dir='ltr'>lib.</span> <span class='ocrx_word' id='word_1_292' title='bbox 1445 3450 1485 3514; x_wconf 96' lang='lat' dir='ltr'>de</span> <span class='ocrx_word' id='word_1_293' title='bbox 1504 3458 1576 3532; x_wconf 83' lang='lat' dir='ltr'>cept</span> <span class='ocrx_word' id='word_1_294' title='bbox 1600 3455 1633 3517; x_wconf 79' lang='grc' dir='ltr'>δι</span> <span class='ocrx_word' id='word_1_295' title='bbox 1650 3446 1718 3515; x_wconf 84' lang='lat' dir='ltr'>div.</span> <span class='ocrx_word' id='word_1_296' title='bbox 1742 3449 1774 3514; x_wconf 89' lang='lat' dir='ltr'>in</span> <span class='ocrx_word' id='word_1_297' title='bbox 1794 3449 1903 3531; x_wconf 71' lang='lat' dir='ltr'>prino·</span> 
     </span>
     <span class='ocr_line' id='line_1_29' title="bbox 266 3539 1904 3646; baseline -0.007 -25"><span class='ocrx_word' id='word_1_298' title='bbox 266 3551 318 3621; x_wconf 91' lang='lat' dir='ltr'>·ci</span> <span class='ocrx_word' id='word_1_299' title='bbox 336 3545 526 3646; x_wconf 83' lang='lat' dir='ltr'>posueruut.</span> <span class='ocrx_word' id='word_1_300' title='bbox 580 3554 661 3615; x_wconf 85' lang='lat' dir='ltr'>item</span> <span class='ocrx_word' id='word_1_301' title='bbox 684 3569 844 3639; x_wconf 85' lang='lat' dir='ltr'>aquarum</span> <span class='ocrx_word' id='word_1_302' title='bbox 865 3545 1018 3619; x_wconf 83' lang='lat' dir='ltr'>divortia</span> <span class='ocrx_word' id='word_1_303' title='bbox 1036 3548 1080 3616; x_wconf 91' lang='lat' dir='ltr'>di·</span> <span class='ocrx_word' id='word_1_304' title='bbox 1108 3549 1288 3619; x_wconf 81' lang='lat' dir='ltr'>divortium</span> <span class='ocrx_word' id='word_1_305' title='bbox 1312 3566 1442 3640; x_wconf 76' lang='lat' dir='ltr'>caricum¹</span> <span class='ocrx_word' id='word_1_306' title='bbox 1465 3539 1535 3612; x_wconf 86' lang='lat' dir='ltr'>fieri</span> <span class='ocrx_word' id='word_1_307' title='bbox 1552 3542 1660 3615; x_wconf 85' lang='lat' dir='ltr'>ce&#39;nlet</span> <span class='ocrx_word' id='word_1_308' title='bbox 1678 3543 1712 3613; x_wconf 93' lang='lat' dir='ltr'>in</span> <span class='ocrx_word' id='word_1_309' title='bbox 1732 3542 1904 3624; x_wconf 77' lang='lat' dir='ltr'>matrimo-</span> 
     </span>
     <span class='ocr_line' id='line_1_30' title="bbox 284 3637 1903 3742; baseline -0.006 -23"><span class='ocrx_word' id='word_1_310' title='bbox 284 3667 426 3724; x_wconf 82' lang='lat' dir='ltr'>cuntttr,</span> <span class='ocrx_word' id='word_1_311' title='bbox 453 3670 524 3734; x_wconf 85' lang='lat' dir='ltr'>qnae</span> <span class='ocrx_word' id='word_1_312' title='bbox 547 3641 616 3712; x_wconf 82' lang='lat' dir='ltr'>eliis</span> <span class='ocrx_word' id='word_1_313' title='bbox 639 3638 712 3714; x_wconf 87' lang='lat' dir='ltr'>sunt</span> <span class='ocrx_word' id='word_1_314' title='bbox 736 3648 906 3737; x_wconf 75' lang='lat' dir='ltr'>divergia,</span> <span class='ocrx_word' id='word_1_315' title='bbox 937 3645 994 3714; x_wconf 89' lang='lat' dir='ltr'>ubi</span> <span class='ocrx_word' id='word_1_316' title='bbox 1017 3669 1085 3713; x_wconf 90' lang='lat' dir='ltr'>am·</span> <span class='ocrx_word' id='word_1_317' title='bbox 1108 3648 1165 3718; x_wconf 84' lang='lat' dir='ltr'>uio</span> <span class='ocrx_word' id='word_1_318' title='bbox 1192 3668 1251 3742; x_wconf 79' lang='lat' dir='ltr'>ptr</span> <span class='ocrx_word' id='word_1_319' title='bbox 1275 3639 1427 3736; x_wconf 76' lang='lat' dir='ltr'>copulam</span> <span class='ocrx_word' id='word_1_320' title='bbox 1459 3639 1626 3711; x_wconf 86' lang='lat' dir='ltr'>carnalem</span> <span class='ocrx_word' id='word_1_321' title='bbox 1654 3637 1903 3737; x_wconf 77' lang='lat' dir='ltr'>consummato,</span> 
     </span>
    </p>

    <p class='ocr_par' dir='ltr' id='par_1_7' title="bbox 231 3735 1912 3926">
     <span class='ocr_line' id='line_1_31' title="bbox 231 3735 1905 3835; baseline -0.004 -19"><span class='ocrx_word' id='word_1_322' title='bbox 231 3739 242 3750; x_wconf 78' lang='grc'><strong>”</strong></span> <span class='ocrx_word' id='word_1_323' title='bbox 284 3750 335 3816; x_wconf 87' lang='lat' dir='ltr'>nis</span> <span class='ocrx_word' id='word_1_324' title='bbox 361 3739 510 3816; x_wconf 75' lang='lat' dir='ltr'>diversos</span> <span class='ocrx_word' id='word_1_325' title='bbox 538 3738 674 3810; x_wconf 85' lang='lat' dir='ltr'>insulam</span> <span class='ocrx_word' id='word_1_326' title='bbox 704 3738 791 3812; x_wconf 85' lang='lat' dir='ltr'>facit.</span> <span class='ocrx_word' id='word_1_327' title='bbox 860 3740 1086 3813; x_wconf 80' lang='lat' dir='ltr'>Tertullianus</span> <span class='ocrx_word' id='word_1_328' title='bbox 1109 3770 1175 3816; x_wconf 91' lang='lat' dir='ltr'>non</span> <span class='ocrx_word' id='word_1_329' title='bbox 1200 3754 1310 3814; x_wconf 84' lang='lat' dir='ltr'>autem</span> <span class='ocrx_word' id='word_1_330' title='bbox 1335 3740 1370 3809; x_wconf 90' lang='lat' dir='ltr'>iu</span> <span class='ocrx_word' id='word_1_331' title='bbox 1401 3740 1615 3810; x_wconf 82' lang='lat' dir='ltr'>matrimonio</span> <span class='ocrx_word' id='word_1_332' title='bbox 1642 3736 1720 3834; x_wconf 87' lang='lat' dir='ltr'>solo</span> <span class='ocrx_word' id='word_1_333' title='bbox 1751 3735 1905 3835; x_wconf 72' lang='lat' dir='ltr'>consensu</span> 
     </span>
     <span class='ocr_line' id='line_1_32' title="bbox 285 3835 1912 3926; baseline -0.005 -12"><span class='ocrx_word' id='word_1_334' title='bbox 285 3843 346 3916; x_wconf 86' lang='lat' dir='ltr'>lib.</span> <span class='ocrx_word' id='word_1_335' title='bbox 377 3843 421 3914; x_wconf 85' lang='lat' dir='ltr'>de</span> <span class='ocrx_word' id='word_1_336' title='bbox 448 3843 558 3914; x_wconf 85' lang='lat' dir='ltr'>anima</span> <span class='ocrx_word' id='word_1_337' title='bbox 580 3863 722 3911; x_wconf 86' lang='lat' dir='ltr'>mortem</span> <span class='ocrx_word' id='word_1_338' title='bbox 753 3838 867 3910; x_wconf 86' lang='lat' dir='ltr'>delinit</span> <span class='ocrx_word' id='word_1_339' title='bbox 900 3841 1022 3912; x_wconf 75' lang='lat' dir='ltr'>anima</span> <span class='ocrx_word' id='word_1_340' title='bbox 1046 3835 1087 3910; x_wconf 84' lang='lat'><em>&amp;</em></span> <span class='ocrx_word' id='word_1_341' title='bbox 1111 3855 1204 3926; x_wconf 87' lang='lat' dir='ltr'>rato,</span> <span class='ocrx_word' id='word_1_342' title='bbox 1237 3845 1335 3926; x_wconf 89' lang='lat' dir='ltr'>idque</span> <span class='ocrx_word' id='word_1_343' title='bbox 1354 3838 1577 3908; x_wconf 81' lang='lat' dir='ltr'>demonstrare</span> <span class='ocrx_word' id='word_1_344' title='bbox 1601 3861 1738 3908; x_wconf 88' lang='lat' dir='ltr'>conatur</span> <span class='ocrx_word' id='word_1_345' title='bbox 1758 3863 1798 3909; x_wconf 86' lang='lat' dir='ltr'>ex</span> <span class='ocrx_word' id='word_1_346' title='bbox 1818 3839 1912 3907; x_wconf 70' lang='lat' dir='ltr'>diua·</span> 
     </span>
    </p>

    <p class='ocr_par' dir='ltr' id='par_1_8' title="bbox 240 3937 1910 4424">
     <span class='ocr_line' id='line_1_33' title="bbox 240 3937 1908 4036; baseline -0.006 -24"><span class='ocrx_word' id='word_1_347' title='bbox 240 3989 244 3994; x_wconf 96' lang='lat'>-</span> <span class='ocrx_word' id='word_1_348' title='bbox 285 3940 437 4036; x_wconf 80' lang='lat' dir='ltr'>corporis</span> <span class='ocrx_word' id='word_1_349' title='bbox 457 3938 652 4012; x_wconf 79' lang='lat' dir='ltr'>diuortium.</span> <span class='ocrx_word' id='word_1_350' title='bbox 702 3943 770 4010; x_wconf 87' lang='lat' dir='ltr'>Hic</span> <span class='ocrx_word' id='word_1_351' title='bbox 791 3963 871 4009; x_wconf 86' lang='lat' dir='ltr'>uero</span> <span class='ocrx_word' id='word_1_352' title='bbox 889 3940 925 4008; x_wconf 91' lang='lat' dir='ltr'>in</span> <span class='ocrx_word' id='word_1_353' title='bbox 944 3938 1085 4033; x_wconf 79' lang='lat' dir='ltr'>propria</span> <span class='ocrx_word' id='word_1_354' title='bbox 1108 3942 1129 4012; x_wconf 95' lang='lat' dir='ltr'>l.</span> <span class='ocrx_word' id='word_1_355' title='bbox 1159 3949 1251 4010; x_wconf 87' lang='lat' dir='ltr'>incer</span> <span class='ocrx_word' id='word_1_356' title='bbox 1272 3939 1420 4024; x_wconf 85' lang='lat' dir='ltr'>iluptum</span> <span class='ocrx_word' id='word_1_357' title='bbox 1441 3941 1482 4005; x_wconf 89' lang='lat' dir='ltr'>dc</span> <span class='ocrx_word' id='word_1_358' title='bbox 1501 3941 1587 4008; x_wconf 63' lang='grc' dir='ltr'>Μ.</span> <span class='ocrx_word' id='word_1_359' title='bbox 1621 3940 1683 4007; x_wconf 88' lang='lat' dir='ltr'>Sed</span> <span class='ocrx_word' id='word_1_360' title='bbox 1707 3937 1908 4005; x_wconf 76' lang='lat' dir='ltr'>ostendimus</span> 
     </span>
     <span class='ocr_line' id='line_1_34' title="bbox 286 4029 1907 4132; baseline -0.004 -22"><span class='ocrx_word' id='word_1_361' title='bbox 286 4035 524 4132; x_wconf 77' lang='lat' dir='ltr'>significatione</span> <span class='ocrx_word' id='word_1_362' title='bbox 551 4038 593 4107; x_wconf 90' lang='lat' dir='ltr'>de</span> <span class='ocrx_word' id='word_1_363' title='bbox 622 4038 733 4107; x_wconf 86' lang='lat' dir='ltr'>mariti</span> <span class='ocrx_word' id='word_1_364' title='bbox 763 4046 797 4109; x_wconf 80' lang='grc' dir='ltr'>δι</span> <span class='ocrx_word' id='word_1_365' title='bbox 821 4039 929 4107; x_wconf 82' lang='lat' dir='ltr'>uxoris</span> <span class='ocrx_word' id='word_1_366' title='bbox 958 4036 1085 4122; x_wconf 81' lang='lat' dir='ltr'>separa·</span> <span class='ocrx_word' id='word_1_367' title='bbox 1109 4035 1165 4110; x_wconf 87' lang='lat' dir='ltr'>suo</span> <span class='ocrx_word' id='word_1_368' title='bbox 1186 4035 1280 4124; x_wconf 84' lang='lat' dir='ltr'>loco,</span> <span class='ocrx_word' id='word_1_369' title='bbox 1309 4057 1375 4105; x_wconf 88' lang='lat' dir='ltr'>nou</span> <span class='ocrx_word' id='word_1_370' title='bbox 1396 4031 1623 4114; x_wconf 83' lang='lat' dir='ltr'>concubitum,</span> <span class='ocrx_word' id='word_1_371' title='bbox 1647 4029 1703 4126; x_wconf 79' lang='lat' dir='ltr'>sed</span> <span class='ocrx_word' id='word_1_372' title='bbox 1722 4029 1907 4129; x_wconf 75' lang='lat' dir='ltr'>consensum</span> 
     </span>
     <span class='ocr_line' id='line_1_35' title="bbox 285 4134 1909 4230; baseline -0.003 -22"><span class='ocrx_word' id='word_1_373' title='bbox 285 4135 377 4210; x_wconf 85' lang='lat' dir='ltr'>tione</span> <span class='ocrx_word' id='word_1_374' title='bbox 399 4137 572 4224; x_wconf 83' lang='lat' dir='ltr'>accipitur.</span> <span class='ocrx_word' id='word_1_375' title='bbox 628 4146 691 4220; x_wconf 62' lang='lat' dir='ltr'>mi</span> <span class='ocrx_word' id='word_1_376' title='bbox 708 4137 897 4205; x_wconf 83' lang='lat' dir='ltr'>Diuortiusn</span> <span class='ocrx_word' id='word_1_377' title='bbox 917 4136 971 4207; x_wconf 85' lang='lat' dir='ltr'>vel</span> <span class='ocrx_word' id='word_1_378' title='bbox 992 4158 1087 4228; x_wconf 74' lang='lat' dir='ltr'>garta·</span> <span class='ocrx_word' id='word_1_379' title='bbox 1103 4136 1219 4230; x_wconf 80' lang='lat' dir='ltr'>facere</span> <span class='ocrx_word' id='word_1_380' title='bbox 1235 4134 1391 4226; x_wconf 82' lang='lat' dir='ltr'>nuptias,</span> <span class='ocrx_word' id='word_1_381' title='bbox 1415 4134 1490 4202; x_wconf 92' lang='lat' dir='ltr'>ideo</span> <span class='ocrx_word' id='word_1_382' title='bbox 1509 4135 1611 4202; x_wconf 86' lang='lat' dir='ltr'>etiam</span> <span class='ocrx_word' id='word_1_383' title='bbox 1632 4135 1664 4203; x_wconf 90' lang='lat' dir='ltr'>in</span> <span class='ocrx_word' id='word_1_384' title='bbox 1683 4135 1838 4223; x_wconf 77' lang='lat' dir='ltr'>coniugio</span> <span class='ocrx_word' id='word_1_385' title='bbox 1855 4156 1909 4203; x_wconf 85' lang='lat' dir='ltr'>ra·</span> 
     </span>
     <span class='ocr_line' id='line_1_36' title="bbox 285 4226 1909 4328; baseline -0.006 -16"><span class='ocrx_word' id='word_1_386' title='bbox 285 4233 410 4312; x_wconf 79' lang='lat' dir='ltr'>taliter</span> <span class='ocrx_word' id='word_1_387' title='bbox 437 4257 478 4304; x_wconf 89' lang='lat' dir='ltr'>ac</span> <span class='ocrx_word' id='word_1_388' title='bbox 504 4231 573 4303; x_wconf 82' lang='lat' dir='ltr'>late</span> <span class='ocrx_word' id='word_1_389' title='bbox 603 4232 764 4322; x_wconf 83' lang='lat' dir='ltr'>accipitur</span> <span class='ocrx_word' id='word_1_390' title='bbox 791 4257 854 4319; x_wconf 90' lang='lat' dir='ltr'>pro</span> <span class='ocrx_word' id='word_1_391' title='bbox 883 4226 1087 4320; x_wconf 82' lang='lat' dir='ltr'>separatione</span> <span class='ocrx_word' id='word_1_392' title='bbox 1110 4258 1145 4305; x_wconf 91' lang='lat' dir='ltr'>to</span> <span class='ocrx_word' id='word_1_393' title='bbox 1170 4258 1286 4304; x_wconf 87' lang='lat' dir='ltr'>verum</span> <span class='ocrx_word' id='word_1_394' title='bbox 1309 4233 1376 4302; x_wconf 83' lang='lat' dir='ltr'>erit</span> <span class='ocrx_word' id='word_1_395' title='bbox 1394 4231 1584 4300; x_wconf 86' lang='lat' dir='ltr'>divortium.</span> <span class='ocrx_word' id='word_1_396' title='bbox 1646 4230 1696 4328; x_wconf 85' lang='lat'>3.)</span> <span class='ocrx_word' id='word_1_397' title='bbox 1715 4232 1909 4302; x_wconf 85' lang='lat' dir='ltr'>Divortiutrt</span> 
     </span>
     <span class='ocr_line' id='line_1_37' title="bbox 285 4325 1910 4424; baseline -0.007 -16"><span class='ocrx_word' id='word_1_398' title='bbox 285 4359 355 4408; x_wconf 87' lang='lat' dir='ltr'>nou</span> <span class='ocrx_word' id='word_1_399' title='bbox 378 4327 484 4404; x_wconf 79' lang='lat' dir='ltr'>solum</span> <span class='ocrx_word' id='word_1_400' title='bbox 509 4329 617 4416; x_wconf 74' lang='lat' dir='ltr'>mariti</span> <span class='ocrx_word' id='word_1_401' title='bbox 640 4341 674 4402; x_wconf 90' lang='lat'>&amp;</span> <span class='ocrx_word' id='word_1_402' title='bbox 696 4332 827 4407; x_wconf 83' lang='lat' dir='ltr'>uxoris,</span> <span class='ocrx_word' id='word_1_403' title='bbox 854 4325 920 4403; x_wconf 77' lang='lat' dir='ltr'>sive</span> <span class='ocrx_word' id='word_1_404' title='bbox 942 4330 1087 4418; x_wconf 78' lang='lat' dir='ltr'>coniugii</span> <span class='ocrx_word' id='word_1_405' title='bbox 1111 4328 1295 4419; x_wconf 82' lang='lat' dir='ltr'>specialiter</span> <span class='ocrx_word' id='word_1_406' title='bbox 1317 4327 1359 4398; x_wconf 83' lang='lat' dir='ltr'>stc</span> <span class='ocrx_word' id='word_1_407' title='bbox 1379 4328 1505 4397; x_wconf 73' lang='lat' dir='ltr'>dictum</span> <span class='ocrx_word' id='word_1_408' title='bbox 1522 4330 1686 4415; x_wconf 85' lang='lat' dir='ltr'>accipitur</span> <span class='ocrx_word' id='word_1_409' title='bbox 1708 4328 1760 4401; x_wconf 85' lang='lat' dir='ltr'>vel</span> <span class='ocrx_word' id='word_1_410' title='bbox 1783 4330 1910 4424; x_wconf 79' lang='lat' dir='ltr'>itupro·¹</span> 
     </span>
    </p>

    <p class='ocr_par' dir='ltr' id='par_1_9' title="bbox 238 4411 1912 4644">
     <span class='ocr_line' id='line_1_38' title="bbox 238 4411 1911 4527; baseline -0.006 -20"><span class='ocrx_word' id='word_1_411' title='bbox 238 4411 256 4432; x_wconf 56' lang='lat'><strong>⁴</strong></span> <span class='ocrx_word' id='word_1_412' title='bbox 286 4431 475 4514; x_wconf 63' lang='lat' dir='ltr'>contracti,</span> <span class='ocrx_word' id='word_1_413' title='bbox 498 4423 550 4501; x_wconf 84' lang='lat' dir='ltr'>sed</span> <span class='ocrx_word' id='word_1_414' title='bbox 567 4429 667 4498; x_wconf 87' lang='lat' dir='ltr'>etiam</span> <span class='ocrx_word' id='word_1_415' title='bbox 684 4423 788 4514; x_wconf 80' lang='lat' dir='ltr'>sponfi</span> <span class='ocrx_word' id='word_1_416' title='bbox 803 4433 840 4497; x_wconf 78' lang='lat' dir='ltr'>ac&#39;</span> <span class='ocrx_word' id='word_1_417' title='bbox 856 4425 993 4514; x_wconf 75' lang='lat' dir='ltr'>sponse,</span> <span class='ocrx_word' id='word_1_418' title='bbox 1019 4424 1087 4496; x_wconf 76' lang='lat' dir='ltr'>&#39;sinc</span> <span class='ocrx_word' id='word_1_419' title='bbox 1109 4430 1181 4527; x_wconf 77' lang='lat' dir='ltr'>pria</span> <span class='ocrx_word' id='word_1_420' title='bbox 1207 4451 1271 4518; x_wconf 86' lang='lat' dir='ltr'>pro</span> <span class='ocrx_word' id='word_1_421' title='bbox 1300 4417 1500 4519; x_wconf 79' lang='lat' dir='ltr'>separatione</span> <span class='ocrx_word' id='word_1_422' title='bbox 1532 4449 1674 4507; x_wconf 84' lang='lat' dir='ltr'>eorum,</span> <span class='ocrx_word' id='word_1_423' title='bbox 1718 4430 1804 4496; x_wconf 88' lang='lat' dir='ltr'>inter</span> <span class='ocrx_word' id='word_1_424' title='bbox 1828 4449 1911 4515; x_wconf 86' lang='lat' dir='ltr'>quos</span> 
     </span>
     <span class='ocr_line' id='line_1_39' title="bbox 284 4521 1912 4644; baseline -0.007 -38"><span class='ocrx_word' id='word_1_425' title='bbox 284 4523 436 4644; x_wconf 49' lang='lat' dir='ltr'>coniugii</span> <span class='ocrx_word' id='word_1_426' title='bbox 452 4528 600 4624; x_wconf 82' lang='lat' dir='ltr'>nondum</span> <span class='ocrx_word' id='word_1_427' title='bbox 615 4529 749 4614; x_wconf 87' lang='lat' dir='ltr'>quidem</span> <span class='ocrx_word' id='word_1_428' title='bbox 767 4530 948 4606; x_wconf 75' lang='lat' dir='ltr'>contracti,</span> <span class='ocrx_word' id='word_1_429' title='bbox 973 4521 1025 4598; x_wconf 81' lang='lat' dir='ltr'>sed</span> <span class='ocrx_word' id='word_1_430' title='bbox 1042 4547 1090 4593; x_wconf 84' lang='lat' dir='ltr'>tc·</span> <span class='ocrx_word' id='word_1_431' title='bbox 1105 4551 1280 4622; x_wconf 69' lang='lat' dir='ltr'>nunquam</span> <span class='ocrx_word' id='word_1_432' title='bbox 1302 4521 1364 4594; x_wconf 87' lang='lat' dir='ltr'>fuit</span> <span class='ocrx_word' id='word_1_433' title='bbox 1388 4548 1503 4592; x_wconf 84' lang='lat' dir='ltr'>verum</span> <span class='ocrx_word' id='word_1_434' title='bbox 1517 4532 1550 4595; x_wconf 71' lang='grc' dir='ltr'>ὃ(</span> <span class='ocrx_word' id='word_1_435' title='bbox 1558 4529 1826 4626; x_wconf 48' lang='lat' dir='ltr'>consummatum</span> <span class='ocrx_word' id='word_1_436' title='bbox 1841 4547 1912 4596; x_wconf 86' lang='lat' dir='ltr'>ma·</span> 
     </span>
    </p>

    <p class='ocr_par' dir='ltr' id='par_1_10' title="bbox 231 4607 1934 5115">
     <span class='ocr_line' id='line_1_40' title="bbox 231 4607 1913 4716; baseline -0.006 -12"><span class='ocrx_word' id='word_1_437' title='bbox 231 4607 242 4634; x_wconf 32' lang='lat' dir='ltr'>i</span> <span class='ocrx_word' id='word_1_438' title='bbox 282 4655 366 4704; x_wconf 81' lang='lat' dir='ltr'>meu</span> <span class='ocrx_word' id='word_1_439' title='bbox 392 4619 541 4716; x_wconf 74' lang='lat' dir='ltr'>promissi</span> <span class='ocrx_word' id='word_1_440' title='bbox 565 4647 603 4692; x_wconf 88' lang='lat' dir='ltr'>ac</span> <span class='ocrx_word' id='word_1_441' title='bbox 623 4626 730 4713; x_wconf 67' lang='lat' dir='ltr'>pann</span> <span class='ocrx_word' id='word_1_442' title='bbox 760 4620 782 4692; x_wconf 88' lang='lat' dir='ltr'>l.</span> <span class='ocrx_word' id='word_1_443' title='bbox 834 4625 937 4714; x_wconf 87' lang='lat' dir='ltr'>Quod</span> <span class='ocrx_word' id='word_1_444' title='bbox 958 4625 1089 4696; x_wconf 81' lang='lat' dir='ltr'>Seruius</span> <span class='ocrx_word' id='word_1_445' title='bbox 1113 4619 1484 4698; x_wconf 84' lang='lat' dir='ltr'>trimonium,utsrob</span> <span class='ocrx_word' id='word_1_446' title='bbox 1498 4619 1737 4694; x_wconf 82' lang='lat' dir='ltr'>inhabilitatem</span> <span class='ocrx_word' id='word_1_447' title='bbox 1752 4647 1790 4693; x_wconf 90' lang='lat' dir='ltr'>ac</span> <span class='ocrx_word' id='word_1_448' title='bbox 1804 4623 1913 4714; x_wconf 82' lang='lat' dir='ltr'>impo-</span> 
     </span>
     <span class='ocr_line' id='line_1_41' title="bbox 281 4715 1913 4820; baseline -0.004 -22"><span class='ocrx_word' id='word_1_449' title='bbox 281 4731 326 4804; x_wconf 91' lang='lat' dir='ltr'>de</span> <span class='ocrx_word' id='word_1_450' title='bbox 342 4729 445 4798; x_wconf 88' lang='lat' dir='ltr'>cond.</span> <span class='ocrx_word' id='word_1_451' title='bbox 463 4716 548 4793; x_wconf 85' lang='lat' dir='ltr'>caus.</span> <span class='ocrx_word' id='word_1_452' title='bbox 569 4724 635 4793; x_wconf 85' lang='lat' dir='ltr'>dat.</span> <span class='ocrx_word' id='word_1_453' title='bbox 652 4721 705 4792; x_wconf 88' lang='lat' dir='ltr'>vel</span> <span class='ocrx_word' id='word_1_454' title='bbox 719 4717 916 4815; x_wconf 83' lang='lat' dir='ltr'>specialiter</span> <span class='ocrx_word' id='word_1_455' title='bbox 929 4746 970 4794; x_wconf 90' lang='lat' dir='ltr'>ac</span> <span class='ocrx_word' id='word_1_456' title='bbox 978 4721 1090 4820; x_wconf 71' lang='lat' dir='ltr'>stritie</span> <span class='ocrx_word' id='word_1_457' title='bbox 1115 4726 1253 4797; x_wconf 88' lang='lat' dir='ltr'>tentiam</span> <span class='ocrx_word' id='word_1_458' title='bbox 1269 4715 1470 4797; x_wconf 83' lang='lat' dir='ltr'>naturalem,</span> <span class='ocrx_word' id='word_1_459' title='bbox 1495 4745 1566 4805; x_wconf 78' lang='lat' dir='ltr'>que</span> <span class='ocrx_word' id='word_1_460' title='bbox 1582 4745 1599 4786; x_wconf 89' lang='lat' dir='ltr'>a</span> <span class='ocrx_word' id='word_1_461' title='bbox 1614 4723 1780 4810; x_wconf 88' lang='lat' dir='ltr'>principio</span> <span class='ocrx_word' id='word_1_462' title='bbox 1795 4719 1913 4816; x_wconf 81' lang='lat' dir='ltr'>adfuit,</span> 
     </span>
     <span class='ocr_line' id='line_1_42' title="bbox 276 4809 1934 4920; baseline -0.005 -22"><span class='ocrx_word' id='word_1_463' title='bbox 276 4851 348 4920; x_wconf 76' lang='lat' dir='ltr'>pro</span> <span class='ocrx_word' id='word_1_464' title='bbox 372 4819 575 4910; x_wconf 83' lang='lat' dir='ltr'>separatione</span> <span class='ocrx_word' id='word_1_465' title='bbox 597 4821 704 4891; x_wconf 77' lang='lat' dir='ltr'>ceratiti</span> <span class='ocrx_word' id='word_1_466' title='bbox 722 4823 899 4903; x_wconf 79' lang='lat' dir='ltr'>&amp;,ttxoris‚</span> <span class='ocrx_word' id='word_1_467' title='bbox 927 4820 992 4892; x_wconf 82' lang='lat' dir='ltr'>sive</span> <span class='ocrx_word' id='word_1_468' title='bbox 1009 4823 1088 4893; x_wconf 80' lang='lat' dir='ltr'>obn·</span> <span class='ocrx_word' id='word_1_469' title='bbox 1113 4823 1295 4895; x_wconf 85' lang='lat' dir='ltr'>divortium</span> <span class='ocrx_word' id='word_1_470' title='bbox 1318 4819 1520 4899; x_wconf 79' lang='lat' dir='ltr'>instituitur,</span> <span class='ocrx_word' id='word_1_471' title='bbox 1558 4815 1610 4888; x_wconf 82' lang='lat' dir='ltr'>vel</span> <span class='ocrx_word' id='word_1_472' title='bbox 1629 4815 1765 4914; x_wconf 75' lang='lat' dir='ltr'>propria</span> <span class='ocrx_word' id='word_1_473' title='bbox 1786 4820 1848 4905; x_wconf 86' lang='lat' dir='ltr'>p&#39;ro</span> <span class='ocrx_word' id='word_1_474' title='bbox 1865 4809 1934 4891; x_wconf 47' lang='lat' dir='ltr'>se·x</span> 
     </span>
     <span class='ocr_line' id='line_1_43' title="bbox 276 4917 1918 5018; baseline -0.001 -26"><span class='ocrx_word' id='word_1_475' title='bbox 276 4926 368 5018; x_wconf 76' lang='lat' dir='ltr'>ingii</span> <span class='ocrx_word' id='word_1_476' title='bbox 392 4925 540 4992; x_wconf 81' lang='lat' dir='ltr'>iamduttt</span> <span class='ocrx_word' id='word_1_477' title='bbox 562 4920 741 4999; x_wconf 66' lang='lat' dir='ltr'>commiti,</span> <span class='ocrx_word' id='word_1_478' title='bbox 766 4944 829 5006; x_wconf 83' lang='lat' dir='ltr'>qua</span> <span class='ocrx_word' id='word_1_479' title='bbox 849 4923 975 4990; x_wconf 87' lang='lat' dir='ltr'>ratione</span> <span class='ocrx_word' id='word_1_480' title='bbox 999 4946 1016 4990; x_wconf 86' lang='lat' dir='ltr'>a</span> <span class='ocrx_word' id='word_1_481' title='bbox 1039 4947 1088 4992; x_wconf 87' lang='lat' dir='ltr'>rc·</span> <span class='ocrx_word' id='word_1_482' title='bbox 1115 4922 1287 5009; x_wconf 87' lang='lat' dir='ltr'>paratione</span> <span class='ocrx_word' id='word_1_483' title='bbox 1309 4927 1446 4993; x_wconf 74' lang='lat' dir='ltr'>eorum,</span> <span class='ocrx_word' id='word_1_484' title='bbox 1480 4917 1830 5003; x_wconf 60' lang='lat' dir='ltr'>intermortuam,</span> <span class='ocrx_word' id='word_1_485' title='bbox 1866 4939 1918 4990; x_wconf 84' lang='lat' dir='ltr'>ra-·</span> 
     </span>
     <span class='ocr_line' id='line_1_44' title="bbox 274 5010 1919 5115; baseline -0.004 -22"><span class='ocrx_word' id='word_1_486' title='bbox 274 5023 406 5115; x_wconf 76' lang='lat' dir='ltr'>podio,</span> <span class='ocrx_word' id='word_1_487' title='bbox 440 5020 531 5108; x_wconf 82' lang='lat' dir='ltr'>quud</span> <span class='ocrx_word' id='word_1_488' title='bbox 557 5019 602 5088; x_wconf 80' lang='lat' dir='ltr'>en</span> <span class='ocrx_word' id='word_1_489' title='bbox 632 5010 869 5103; x_wconf 80' lang='lat' dir='ltr'>sponsaliorum</span> <span class='ocrx_word' id='word_1_490' title='bbox 899 5014 1091 5098; x_wconf 80' lang='lat' dir='ltr'>dissolutio,</span> <span class='ocrx_word' id='word_1_491' title='bbox 1118 5045 1189 5089; x_wconf 84' lang='lat' dir='ltr'>tum</span> <span class='ocrx_word' id='word_1_492' title='bbox 1210 5043 1246 5085; x_wconf 93' lang='lat' dir='ltr'>ac</span> <span class='ocrx_word' id='word_1_493' title='bbox 1266 5011 1528 5084; x_wconf 86' lang='lat' dir='ltr'>consummatum</span> <span class='ocrx_word' id='word_1_494' title='bbox 1549 5017 1799 5085; x_wconf 83' lang='lat' dir='ltr'>matrimonium</span> <span class='ocrx_word' id='word_1_495' title='bbox 1823 5017 1919 5088; x_wconf 79' lang='lat' dir='ltr'>exni-</span> 
     </span>
    </p>
   </div>
   <div class='ocr_carea' id='block_1_5' title="bbox 263 5110 1923 5257">
    <p class='ocr_par' dir='ltr' id='par_1_11' title="bbox 263 5110 1923 5257">
     <span class='ocr_line' id='line_1_45' title="bbox 263 5110 1923 5257; baseline -0.006 -61"><span class='ocrx_word' id='word_1_496' title='bbox 263 5121 510 5214; x_wconf 71' lang='lat' dir='ltr'>-diltinguitan</span> <span class='ocrx_word' id='word_1_497' title='bbox 550 5113 671 5188; x_wconf 84' lang='lat' dir='ltr'>Paulus</span> <span class='ocrx_word' id='word_1_498' title='bbox 687 5117 718 5186; x_wconf 87' lang='lat' dir='ltr'>d.</span> <span class='ocrx_word' id='word_1_499' title='bbox 737 5112 759 5187; x_wconf 91' lang='lat' dir='ltr'>l.</span> <span class='ocrx_word' id='word_1_500' title='bbox 800 5123 890 5189; x_wconf 83' lang='lat' dir='ltr'>inter</span> <span class='ocrx_word' id='word_1_501' title='bbox 906 5118 1089 5190; x_wconf 85' lang='lat' dir='ltr'>divortium</span> <span class='ocrx_word' id='word_1_502' title='bbox 1121 5113 1278 5257; x_wconf 42' lang='lat' dir='ltr'>tithutssst</span> <span class='ocrx_word' id='word_1_503' title='bbox 1299 5131 1438 5203; x_wconf 84' lang='lat' dir='ltr'>propter</span> <span class='ocrx_word' id='word_1_504' title='bbox 1458 5110 1656 5185; x_wconf 86' lang='lat' dir='ltr'>adulterium</span> <span class='ocrx_word' id='word_1_505' title='bbox 1676 5114 1858 5185; x_wconf 79' lang='lat' dir='ltr'>instituitur</span> <span class='ocrx_word' id='word_1_506' title='bbox 1876 5112 1923 5188; x_wconf 76' lang='lat' dir='ltr'>sc·</span> 
     </span>
    </p>
   </div>
   <div class='ocr_carea' id='block_1_6' title="bbox 0 0 2468 5984">
    <p class='ocr_par' dir='ltr' id='par_1_12' title="bbox 0 0 2468 5984">
     <span class='ocr_line' id='line_1_46' title="bbox 0 0 2468 5984; baseline 0 0"><span class='ocrx_word' id='word_1_507' title='bbox 0 0 2468 5984; x_wconf 95' lang='lat' dir='ltr'> </span> 
     </span>
    </p>
   </div>
  </div>
 </body>
</html>
