4884 5984
440 517 472 546 „
564 527 568 538 ,
639 451 702 531 ne
753 446 980 528 oanotnvs
1030 395 1297 578 innarenn
1317 472 1321 478 ·
1338 444 1393 520 nt
1447 440 1561 541 June
1619 445 1802 528 ouruo.
1990 445 2064 546 ze,

368 659 585 752 ter·nepotem
597 656 633 724 de
646 647 779 737 oviam,
792 652 879 722 inter
890 669 993 722 auum
1009 656 1045 722 δι
1058 670 1199 745 pronep·
1219 643 1309 743 quod
1325 640 1366 718 il
1379 657 1445 719 nda
1461 641 1540 719 licet
1552 641 1638 744 legis
1651 645 1805 736 maculo,
1829 641 1871 722 f!
1884 669 1950 722 non
1964 643 2048 724 aedi-

369 761 455 840 um,
481 755 570 825 inter
586 747 736 843 fratrem
758 760 793 824 δι
811 745 961 844 sororem
982 771 1198 844 germanam,
1214 746 1303 846 ficut
1315 743 1521 844 discrepante
1533 748 1673 843 pietatis
1692 741 1845 846 ordine?
1854 743 2049 843 {uellentn-
2191 782 2200 807 ·

369 845 492 941 [juxta
514 852 737 939 quorumdem
759 850 1065 938 interpretationem
1110 849 1198 918 intes
1222 869 1284 917 nus
1299 844 1377 919 libr.
1393 848 1435 918 de
1449 848 1595 921 matrim.
1611 871 1683 937 cap.
1698 855 1821 921 xxiv.
1838 845 1935 928 dicit,
1958 841 2050 920 Ant·

342 946 486 1049 ‚filiam
495 946 630 1046 sororis
651 943 691 1021 tr
706 946 930 1033 anaticulum,
954 949 989 1017 in
1005 969 1067 1017 con
1082 950 1199 1038 engui-
1222 942 1364 1037 bradam
1387 946 1546 1020 memoria
1569 941 1628 1043 ιβι
1650 942 1781 1044 lapsum
1808 950 1844 1020 in
1863 968 1917 1031 eo,
1962 942 2051 1042 quod
2097 1033 2099 1038 .

363 1050 494 1133 'nitatea
518 1051 606 1122 inter
628 1048 826 1144 privignum
846 1056 881 1120 δι
902 1066 1141 1141 pronavercam
1163 1046 1199 1116 in
1222 1051 1342 1138 negat,
1365 1040 1509 1140 expreffe
1525 1043 1698 1141 prohiberi
1719 1047 1755 1120 in
1770 1044 1842 1142 lege
1856 1046 2050 1142 conjugium

369 1145 567 1226 adfinitate,
598 1147 674 1234 quia
694 1146 812 1218 'talium
834 1140 1049 1234 personarum
1070 1168 1137 1214 non
1162 1140 1200 1213 fit
1219 1143 1333 1239 patris
1348 1163 1422 1214 cum
1433 1143 1548 1243 fill&-
1576 1147 1639 1218 Sed
1653 1146 1738 1216 iniis
1753 1170 1824 1232 quae
1843 1145 1877 1215 in
1894 1168 1927 1237 3.
1945 1169 2052 1216 mem·

370 1243 521 1334 capsella
540 1246 576 1316 in
598 1239 686 1316 hisce
702 1243 831 1335 legibus
850 1245 986 1315 mentio.
1037 1244 1098 1313 Sed
1121 1265 1200 1313 con·
1222 1240 1286 1313 bro
1309 1239 1406 1328 hujus
1427 1253 1454 1334 §.
1476 1246 1564 1314 dista
1588 1239 1677 1328 sunt,
1706 1239 1881 1316 Ambrosio
1900 1264 2053 1332 peratum
2116 1238 2121 1251 '

370 1338 512 1431 sequeus
529 1344 576 1414 est
597 1336 787 1415 absurdum.
838 1346 925 1436 Ergo
944 1350 979 1414 dc
994 1343 1201 1412 antecedens.
1224 1342 1271 1412 est
1285 1343 1544 1441 patrocinium]
1574 1344 1777 1433 Augustinus
1796 1346 1830 1413 in
1849 1344 1960 1429 quaeu.
1978 1336 2053 1431 sup.

371 1440 471 1536 Quin
492 1444 562 1515 iuno
585 1436 727 1528 fiquis,
755 1448 846 1528 Juxta
867 1439 1100 1515 Rabbinorutn
1129 1433 1201 1512 sen·
1224 1439 1333 1511 levit.
1354 1463 1388 1526 q.
1414 1459 1469 1528 59.
1493 1461 1575 1512 tom.
1595 1447 1652 1512 tv.
1677 1439 1741 1512 col.
1774 1462 1855 1515 cer.
1911 1437 2056 1514 Videtur

372 1542 534 1620 tentiam,
555 1547 590 1612 ν’.
599 1558 632 1629 7.
655 1561 718 1628 per
737 1538 924 1611 nuditatem
941 1538 1056 1633 patris
1079 1534 1202 1608 intelli·
1225 1531 1342 1631 Mases
1357 1547 1489 1618 tantum
1506 1531 1710 1634 pratibuiffi
1720 1536 1871 1635 sororem
1888 1561 1933 1611 ex
1947 1536 2055 1611 altero
2181 1525 2185 1540 '

372 1661 457 1731 gere
477 1638 561 1711 velit
578 1656 718 1724 matrem
733 1666 751 1710 a
767 1660 862 1725 patre
876 1639 916 1709 ad
936 1630 1202 1726 cognoscendum
1222 1644 1362 1731 parente
1378 1648 1579 1732 cognatam,
1607 1633 1648 1711 ὅ
1659 1632 2054 1736 pretermistffesararem

372 1740 595 1814 denudatam,
619 1761 659 1807 ac
678 1763 711 1808 v.
735 1762 787 1829 tq.
809 1759 871 1826 per
886 1731 1071 1807 nuditatem
1084 1732 1203 1830 putrui
1226 1743 1421 1830 exrttroque
1431 1747 1581 1832 parente.
1639 1735 1764 1810 Verum
1777 1737 1930 1832 quianon
1944 1735 2059 1810 videat
2158 1767 2175 1796 -·

374 1860 516 1909 uxorem
541 1835 653 1925 patrui
673 1836 715 1906 ad
740 1829 1007 1925 cognoscendum
1029 1830 1071 1903 ab
1092 1856 1132 1904 eo
1147 1835 1204 1904 de·
1228 1832 1331 1905 etiam
1350 1832 1411 1905 lrac
1433 1833 1642 1931 prolriltitum
1672 1831 1731 1931 ιβι
1762 1834 1867 1908 resulto
1897 1837 2056 1908 maxime.

375 1938 535 2008 nudatam
549 1957 587 2005 ac
600 1933 763 2004 denudari
780 1928 979 2011 concellum,
1003 1926 1203 2023 consequens
1230 1927 1274 2003 Si
1291 1931 1379 2003 mint
1395 1955 1461 2005 non
1481 1932 1559 2006 licet
1566 1930 1701 2029 sororis
1712 1933 1953 2031 turpitudinem
1972 1958 2061 2009 reve·
2201 1943 2224 2014 “,

375 2029 490 2120 foret,
514 2032 712 2121 nequidem
735 2027 809 2102 filia:
832 2055 908 2102 cum
924 2053 1043 2118 patre,
1068 2027 1124 2102 vel
1144 2053 1205 2117 pa·
1230 2029 1303 2102 lare
1321 2054 1366 2101 ex
1385 2031 1533 2128 qualibet
1552 2043 1689 2129 parente
1713 2045 1820 2116 nutae,
1848 2044 1971 2128 quanta
1990 2054 2062 2107 raa⁴

378 2152 456 2205 troo
474 2132 606 2220 nuptias
627 2125 783 2218 erpreffis
799 2127 908 2202 verbis
926 2125 989 2201 ess'e
1003 2125 1206 2216 prohibitas,
1230 2123 1288 2225 gis
1311 2153 1355 2201 ex
1379 2133 1543 2227 utroque?
1568 2158 1600 2221 q.
1623 2136 1680 2224 76.
1709 2154 1788 2204 tom.
1809 2139 1866 2204 tv.
1892 2130 1955 2204 col.
1976 2154 2021 2209 22
2028 2154 2061 2224 5.

378 2254 418 2304 ae
436 2230 582 2321 proinde
603 2226 696 2317 juxta
714 2230 826 2298 datam
849 2224 1045 2315 hypothesin
1075 2220 1204 2297 conces·
1239 2222 1436 2324 Quicunque
1449 2230 1624 2304 dormierit
1637 2255 1709 2303 cam
1730 2241 1877 2326 cognata
1881 2228 1965 2327 saa,
1991 2241 2065 2318 tur·

378 2324 444 2402 sas:
489 2331 542 2414 4.)
558 2321 598 2399 A
611 2335 754 2398 veterum
771 2322 990 2405 audieritatc3
1018 2324 1076 2393 ubi
1096 2324 1208 2412 primo
1230 2325 1418 2423 pitudiuem
1453 2330 1665 2423 cognationis
1680 2327 1755 2426 seue
1789 2327 1954 2420 renclapit
1992 2326 2078 2422 &a

381 2428 598 2515 producimus
608 2434 740 2521 patres,
763 2419 1102 2497 secundoRalrbr'nar.
1127 2425 1209 2492 Am·
1241 2420 1434 2522 Quaeritur,
1458 2450 1620 2524 quousque
1635 2429 1683 2527 ste
1700 2426 1916 2525 intelligenda
1931 2431 1993 2530 ι’βι
2011 2447 2065 2500 cas
2116 2427 2121 2458 ³

382 2521 509 2598 broseus
524 2525 618 2613 epist.
631 2528 691 2597 66.
713 2526 753 2594 ad
774 2525 951 2594 Paternum
973 2541 1053 2593 tom.
1071 2526 1130 2590 111.
1151 2543 1207 2607 op.
1233 2525 1376 2620 gnatia,
1406 2549 1478 2599 cum
1500 2550 1545 2600 ex
1571 2526 1674 2623 longo
1694 2526 1806 2623 gradu
1829 2526 1931 2601 liceat
1954 2528 2007 2602 uti
2087 2552 2089 2556 ·

330 2661 332 2704 ε
383 2624 449 2697 eol.
469 2645 550 2714 ¹73·
608 2616 657 2695 Tu
680 2618 836 2718 copulare
855 2643 963 2716 parus
978 2617 1095 2716 filiunt
1118 2627 1209 2690 tuum
1235 2625 1381 2720 accipere
1402 2645 1566 2707 uxorem,
1586 2622 1776 2723 semperque
1800 2625 1944 2701 licuerit.
1996 2551 2087 2700 gend

330 2719 333 2792 i
387 2719 427 2798 {5
444 2746 484 2794 ne
508 2733 572 2793 tem
589 2745 633 2794 ess
642 2720 744 2819 filia,
768 2716 878 2890 ι’άιβ,
901 2730 939 2792 ut
958 2719 1104 2815 accipiat
1111 2714 1211 2813 soro·
1235 2722 1486 2816 intelligendum
1499 2727 1542 2824 ιβ
1553 2749 1598 2798 ex
1613 2723 1667 2797 leis
1682 2722 1863 2820 gradibus,
1887 2749 1968 2822 quos
2029 2749 2064 2797 o·
2206 2743 2212 2766 ¹

386 2822 435 2898 ris
447 2746 523 2918 lille
535 2818 652 2919 filiam
675 2814 809 2913 diuerso
841 2819 905 2891 icet
924 2827 1031 2890 matre
1044 2812 1212 2912 quamse-
1236 2819 1423 2895 ltilruitnon
1439 2820 1537 2896 licere
1559 2819 1599 2895 fr
1607 2821 1788 2921 secartdum
1810 2822 1900 2921 ipsas
1919 2750 2063 2900 diligat

386 2944 459 2996 crus
477 2919 642 3018 editusstt
659 2915 727 2992 &a
778 2913 969 2991 Pretenrlir
990 2917 1027 2989 iu
1047 2916 1116 2987 tuis
1136 2913 1212 2987 lite·
1235 2921 1439 3012 Quicunque
1453 2924 1626 2993 dormierit
1642 2947 1718 2993 cum
1735 2947 1876 3013 cognata
1897 2918 1987 3001 luas·
2006 2920 2065 2996 ubi
2156 2967 2173 2978 -

388 3021 453 3112 eir,
476 3016 566 3117 quod
578 3014 768 3115 permistum
786 3013 847 3088 leuc
864 3014 980 3090 diuina
992 3017 1070 3109 jure
1090 3014 1281 3091 cornew&
1299 3018 1416 3113 aliqua
1431 3042 1496 3091 non
1513 3030 1769 3093 commemorata
1784 3020 2065 3115 intelligendadif
2159 3053 2164 3060 ·

361 3129 366 3135 '
389 3118 477 3194 mum
495 3115 687 3215 hujusmodi
707 3112 908 3212 pignoribus
927 3114 1151 3214 existimetur,
1176 3134 1212 3183 ea
1237 3117 1343 3215 rnistt,
1360 3118 1450 3216 ficut
1462 3115 1613 3212 sororem
1633 3116 1673 3191 de
1692 3130 1829 3214 utroque
1845 3131 1999 3216 parente,
2016 3119 2067 3221 fi·
2111 3151 2119 3164 ·

391 3218 475 3318 qaod
494 3237 562 3290 narr
576 3217 625 3317 fit
643 3212 863 3313 prohibitum.
933 3212 1016 3307 Ego
1037 3222 1145 3284 auum
1171 3206 1212 3284 ὅ
1235 3227 1292 3288 cat
1310 3238 1449 3289 uxorem
1470 3214 1602 3309 fratris
1624 3218 1770 3301 matris,
1809 3218 1930 3318 idest,
1961 3243 2067 3311 auun-

387 3313 593 3416 pialribitum
606 3312 755 3411 adsero,
781 3315 862 3409 quia
877 3337 950 3385 cam
965 3312 1094 3384 leuiora
1109 3312 1212 3382 inter·
1235 3313 1314 3387 culi.
1366 3311 1459 3387 Naue
1477 3314 1517 3386 de
1531 3338 1636 3397 uxore
1647 3317 1765 3412 patrui
1780 3317 1928 3411 primum
1950 3318 2067 3414 psalti-

390 3415 478 3510 ditia
488 3417 560 3518 stnt
582 3413 624 3487 de
645 3408 856 3511 patruelibus
876 3408 1070 3506 fratribus,
1106 3407 1211 3483 neutra
1236 3411 1326 3496 teir,
1362 3415 1514 3508 quartanis
1533 3411 1602 3489 lraec
1619 3437 1684 3486 nan
1701 3413 1883 3508 cognatio,
1900 3414 1964 3511 secl
1981 3416 2068 3514 adfi-

391 3516 500 3614 magis
520 3512 608 3595 tas,
633 3511 720 3610 quod
733 3511 889 3587 aridioris
903 3513 944 3611 ιβ
959 3508 1094 3607 plenum
1108 3504 1212 3602 ncces·
1238 3513 1331 3585 nitas
1341 3509 1539 3608 perhibetur.
1589 3517 1734 3597 Lyranas
1750 3517 1784 3583 in
1800 3538 1830 3586 c.
1844 3521 1967 3587 xvnt.
1986 3520 2065 3589 [ιν.

386 3613 560 3716 fitudinit,
585 3609 793 3686 interditium
821 3608 980 3683 arbitror.
1040 3605 1110 3704 Qui
1129 3608 1215 3678 enim
1241 3609 1372 3683 Eodem
1387 3610 1501 3695 neoda,
1525 3611 1725 3706 quofiutris
1738 3609 1832 3702 filius
1847 3612 1990 3685 amitam
2005 3611 2067 3686 da-

390 3715 518 3790 leuiora
546 3711 754 3813 adstringit,
792 3710 958 3807 graviora
991 3730 1057 3781 nou
1103 3703 1215 3790 olvit,
1240 3732 1308 3781 cere
1324 3707 1537 3805 prohibetur,
1562 3712 1663 3783 etiam
1677 3698 1873 3806 prdlribetur
1893 3713 2068 3786 matrimo-

386 3813 444 3912 βά
469 3809 619 3907 adligat.
683 3807 783 3906 Quod
792 3811 824 3909 β
850 3808 923 3880 ideo
947 3808 1054 3903 peruri
1081 3830 1135 3877 um
1154 3827 1217 3901 pu·
1240 3809 1332 3879 nium
1351 3807 1438 3880 inter
1447 3807 1596 3901 fratrem
1619 3804 1659 3882 65
1671 3808 1788 3906 filiam
1808 3808 1970 3905 ejsudem,
1988 3811 2069 3907 quia

392 3925 464 3995 cas,
481 3911 563 4009 quia
570 3904 837 4008 specialiternou
848 3910 890 4008 ιβ
906 3906 989 3979 illud
995 3902 1216 4002 prohibitum,
1239 3905 1326 3979 idem
1339 3905 1467 4002 gradus
1483 3910 1536 4007 ιβ.
1585 3907 2070 3983 DcRabb‘mistestaturMun·
2123 3962 2125 3966 -
2202 3995 2211 4006 .

352 4026 355 4031 ’
390 4010 542 4087 necillud
557 4007 763 4108 prohibitum
778 4005 930 4103 sermone
946 4004 1033 4099 legis
1056 4005 1216 4100 reperies,
1244 4008 1345 4077 steros
1372 4009 1407 4076 in
1436 4028 1547 4077 annot.
1576 4009 1664 4093 quod
1693 4006 1891 4103 gradatio
1920 4012 2069 4082 Levitico
2093 4065 2108 4086 ..

390 4135 428 4187 nc
438 4103 660 4210 paterfiliam
670 4104 768 4203 suam
785 4106 931 4203 accipiat
943 4109 1092 4178 uxorem.
1121 4097 1218 4173 Nan·
1243 4102 1430 4193 prohibitos
1443 4100 1506 4176 esse
1526 4107 1674 4177 statuant.
1734 4110 1786 4178 De
1805 4106 1920 4177 iisdem
1936 4104 1977 4177 stc
1991 4103 2070 4179 scri·

370 4211 468 4314 ¹quid
496 4209 571 4284 iden
595 4208 692 4289 licet,
721 4204 801 4301 quia
829 4229 894 4277 nan
918 4207 960 4305 ιβ
982 4198 1216 4300 prolribitu'm‘i
1242 4201 1291 4272 bit
1306 4206 1421 4293 Fagius
1439 4205 1472 4273 in
1485 4227 1513 4272 c.
1529 4207 1653 4274 xvur.
1670 4205 1775 4274 [evit.
1798 4200 1917 4275 Placet
1930 4203 1986 4276 lrie
1999 4202 2071 4277 abi-

390 4310 534 4386 minime.
591 4304 800 4380 interditium
816 4305 903 4378 enim
924 4305 966 4402 ιβ
979 4305 1055 4398 jure
1070 4311 1215 4383 natare,
1242 4310 1293 4373 ter
1318 4299 1485 4379 iudicare,
1511 4299 1672 4395 quomoda
1697 4298 1835 4374 Helrei
1857 4302 1934 4401 istos
1953 4300 2071 4399 pralrr‘·

388 4404 601 4577 ‘interdieam
616 4408 659 4497 ιβ
674 4402 772 4500 lege,
785 4426 856 4501 que
874 4405 915 4497 ιβ
934 4403 968 4473 in
984 4398 1218 4500 cordibusstn·
1242 4397 1331 4472 bites
1346 4397 1473 4494 gradus
1485 4388 1790 4493 consanguinitatis
1811 4399 2002 4496 intelligunt
2017 4411 2071 4474 at·
2093 4435 2098 4446 ·
2197 4399 2201 4405 ’

392 4507 515 4609 galera
551 4561 559 4578 .
611 4493 828 4577 Interditium
852 4505 895 4602 ιβ
912 4497 1111 4573 inviolabili
1132 4519 1218 4592 pree·
1242 4523 1302 4595 que
1313 4497 1483 4594 explicent
1499 4494 1566 4570 &a
1576 4500 1664 4599 ficut
1687 4522 1754 4571 non
1770 4497 1848 4571 licet
1864 4501 1938 4575 uiro
1956 4499 2071 4576 ducere

330 4643 333 4686 ε
386 4607 570 4709 scriptione
610 4604 776 4701 pietatis,
832 4598 932 4674 titula
970 4594 1217 4698 neceffitadiuis.
1232 4598 1456 4671 'materteram
1465 4596 1584 4693 fitam,
1610 4596 1662 4670 ita
1680 4622 1746 4670 non
1767 4597 1846 4671 licet
1863 4598 1997 4688 mulieri
2010 4625 2070 4675 nu·

330 4689 337 4716 '
398 4706 539 4807 Quanto
565 4702 755 4798 husjusmodi
778 4702 924 4774 inuenies
946 4723 1013 4771 uon
1041 4694 1219 4772 interdida
1244 4697 1317 4771 bere
1346 4695 1510 4771 auunculo
1530 4695 1618 4794 sua,
1649 4700 1706 4790 qui
1731 4701 1775 4798 ιβ
1789 4696 1906 4790 frater
1931 4703 2069 4788 matris,

394 4809 464 4904 lege
483 4828 543 4902 prr
563 4801 683 4899 Mosen
705 4800 814 4884 edita,
842 4796 882 4872 &
908 4810 1017 4870 tamen
1041 4794 1217 4881 irtterdr'liu
1245 4798 1324 4892 quia
1351 4795 1401 4869 lrae
1427 4794 1575 4893 personae
1599 4794 1762 4869 latenrer
1787 4796 1859 4868 leco
1881 4810 2070 4894 parentum.

387 4902 642 5010 saut-quadam
663 4923 739 4973 vace
754 4893 912 4972 nature?
939 4904 979 4969 Et
998 4899 1126 4985 postca:
1177 4890 1219 4968 Si
1247 4894 1377 4978 Eadem
1404 4896 1535 4968 ratione
1559 4896 1660 4966 etiam
1678 4893 1913 4992 prohibentur,
1944 4922 2072 4992 magua

395 5011 495 5085 etiam
511 5000 555 5075 ab
568 5004 614 5076 iis
626 5023 685 5072 not
705 5009 841 5071 reuocat
861 4996 1047 5095 apostolus,
1068 5017 1139 5091 quae
1156 5018 1221 5066 non
1245 4996 1353 5067 artrita
1391 4991 1432 5067 ὅ
1457 5015 1582 5089 magua
1615 5005 1820 5067 matertera.
1869 5002 1909 5068 Et
1932 5001 2072 5086 postea:
2128 5049 2130 5054 -

395 5105 588 5207 edificant,
631 5098 793 5198 quomoda
815 5094 1011 5194 faciendum
1037 5105 1222 5195 petamus,
1248 5092 1389 5271 chqllte2
1398 5088 1591 5169 mulieribus
1613 5093 1649 5168 in
1668 5092 1741 5192 lege
1755 5092 1941 5193 pralu'bitir
1953 5094 2074 5298 qq‘lqaqq
