4884 5984
468 507 492 556 “.
571 494 656 610 ‘DE
707 487 888 569 CAVSA
933 487 1255 567 meretum
1302 487 1586 570 comvctt
1851 495 1920 590 169

344 695 519 769 ιιιιιιᾶιιιιι
539 690 745 785 dissolvunt,
780 689 930 768 reroeiri
955 685 1075 784 polle,
1098 677 1331 786 pedimentum
1348 697 1522 788 quartum,
1547 697 1583 766 dt
1597 687 1639 764 ed
1656 682 1738 761 illud
1755 691 1923 767 reducum

344 790 577 892 daanseafiem
599 797 799 891 conjugum,
826 792 880 867 vel
902 796 943 865 ed
988 787 1076 886 ersoss
1100 818 1155 866 tur
1171 791 1332 887 cognatio
1338 786 1559 888 spiritualis,
1584 789 1688 881 qualis
1703 789 1750 860 est
1764 792 1852 866 inter
1865 791 1924 866 be-

344 893 573 969 tarnatenses.
623 899 671 966 Ex
692 916 788 983 perte
827 815 1000 989 conscendis
1024 884 1076 960 su-
1099 886 1366 983 prietatemseu
1384 887 1684 965 confirmentem&
1701 887 1920 980 baptizatum,

344 1015 394 1064 ‚ur
411 996 481 1066 duo
499 991 669 1085 generalia
688 991 951 1083 impedimento,
977 991 1076 1085 igaa-
1099 990 1156 1067 seu
1167 989 1459 1076 confirmatum&
1471 990 1631 1086 cognatio
1647 986 1782 1087 legalis,
1798 1016 1870 1083 φιτ
1883 989 1922 1063 fit

344 1091 371 1164 *a
391 1102 427 1166 dt
445 1091 589 1174 condio,-
610 1092 681 1166 hee
694 1095 785 1163 enim
801 1093 869 1164 duo
884 1089 1010 1163 fuciunt
1027 1089 1078 1158 in·
1102 1115 1165 1184 per
1187 1093 1413 1181 adoptionem.
1463 1093 1541 1163 Huc
1560 1092 1832 1181 etismpertinet
1858 1089 1924 1164 od·

344 1194 492 1267 sterium.
540 1195 595 1264 Ad
616 1188 839 1283 ignoruntium
864 1191 1012 1281 pertinet
1025 1210 1079 1260 er·
1093 1191 1239 1291 finitas,
1262 1214 1335 1280 qnae
1357 1211 1421 1279 per
1439 1188 1605 1264 cumulem
1627 1187 1782 1281 copulem
1806 1191 1924 1280 adqui·
2048 1267 2050 1276 ,

344 1287 497 1388 tersoria,
522 1294 611 1380 quod
636 1293 683 1361 est
707 1291 985 1378 impedimentum
1004 1285 1079 1386 pai·
1101 1294 1212 1370 titur,
1242 1313 1316 1378 φιτ
1340 1291 1389 1361 est
1407 1289 1688 1380 impedimentum
1700 1287 1920 1364 undecimum

350 1416 365 1470 3
389 1415 498 1481 neque
524 1393 616 1463 enim
642 1384 829 1461 consentire
860 1384 1012 1461 censetur
1040 1388 1076 1458 in
1101 1395 1143 1463 Et
1163 1390 1310 1477 deniqne
1326 1385 1468 1484 publica
1487 1387 1663 1491 honestas,
1686 1412 1759 1480 qut
1779 1390 1827 1463 est
1844 1385 1927 1466 edn-

344 1490 538 1571 imonium‚
574 1489 633 1577 qui
660 1489 719 1559 uni
750 1482 897 1578 persone
923 1487 1077 1579 juugitur
1099 1492 1183 1562 nitus
1202 1509 1278 1561 arte
1295 1507 1335 1559 ex
1352 1482 1574 1579 sponselibus,
1596 1489 1691 1566 eren
1707 1489 1929 1582 impedimen·

344 1594 443 1660 mens
464 1583 528 1661 elie
553 1585 663 1660 eiiam.
712 1594 798 1659 Item
829 1583 978 1660 conditio
1000 1605 1078 1683 per·
1099 1611 1172 1663 rum
1192 1584 1367 1660 decimum.
1385 1619 1388 1625 ·

359 1689 486 1777 ,quod
502 1687 550 1758 eli
567 1682 750 1784 secundum
773 1688 1076 1777 impedimentum,
1172 1696 1207 1781 5.
1234 1687 1421 1761 ctxxnr.
1470 1690 1565 1760 Inter
1590 1687 1839 1779 impedimenti,
1853 1707 1932 1775 qu·

344 1809 391 1856 rm
406 1787 479 1876 quis
501 1780 629 1858 servam
647 1786 793 1879 occipit,
813 1809 916 1875 quam
937 1781 1078 1856 liberem
1101 1783 1367 1863 contrahendum
1384 1786 1594 1878 impediunt,
1613 1781 1667 1860 sed
1683 1809 1752 1861 non
1763 1789 1927 1868 ἀίιὶιιιιιιιι,

344 1877 506 1960 :redebet
556 1887 610 1958 Ad
631 1888 837 1958 corilionem
855 1884 1003 1974 pertinet
1025 1880 1080 1954 vit
1102 1888 1335 1968 contratrum,
1358 1906 1559 1958 numeretur
1577 1888 1688 1976 primo
1709 1882 1847 1988 ecclefiae
1869 1906 1929 1956 ue·

344 1992 465 2071 meus,
499 1986 588 2074 quod
611 1986 659 2056 est
679 1985 955 2074 impedimentum
973 1979 1082 2080 septi·
1104 1989 1230 2064 titum,
1257 2007 1320 2074 per
1337 1986 1430 2075 quod
1447 1981 1654 2077 intelligitur
1668 1983 1870 2078 prohibitio,
1885 2004 1929 2056 ne

344 2106 359 2156 t.
410 2088 459 2156 Ex
474 2079 799 2181 perrepersaaamm
814 2080 1081 2157 contrabentium
1104 2083 1318 2160 matrimonio
1343 2081 1431 2157 elem
1462 2079 1571 2168 finnt,
1616 2109 1694 2157 cum
1720 2084 1864 2158 debeant
1890 2083 1957 2154 in,

344 2201 436 2254 mtur
455 2181 584 2272 telique
603 2184 738 2271 omnia,
764 2205 909 2271 quorum
926 2180 990 2254 ulie
1005 2184 1083 2254 ted·
1105 2186 1190 2260 facie
1212 2182 1356 2257 ecclesie
1378 2191 1423 2256 te·
1443 2204 1558 2256 corato
1582 2181 1718 2256 testibus
1739 2182 1929 2262 celebrarit

354 2276 535 2371 personam
559 2278 741 2354 inhabilem
758 2277 929 2376 absolute,
956 2291 1085 2371 &pro-
1106 2281 1249 2358 secondo
1266 2280 1400 2380 'tempw
1416 2279 1610 2375 feriatum,
1631 2306 1695 2373 pet
1713 2287 1805 2374 quod
1827 2278 1929 2354 intel·
2058 2317 2060 2322 ·

351 2372 507 2470 respectu
520 2389 747 2470 cujuscunque
765 2381 995 2460 matrimonii,
1018 2376 1083 2450 elie
1106 2384 1259 2478 liguntur
1283 2403 1374 2455 certe
1397 2400 1549 2471 temporo
1570 2376 1683 2464 sucre,
1714 2403 1753 2454 ut
1768 2383 1932 2456 adventus

344 2498 405 2551 unt
431 2473 539 2552 solum
563 2477 744 2551 irrhnbilem
770 2476 923 2572 respediu
946 2476 1085 2566 eliquus
1107 2494 1144 2559 dt
1167 2476 1455 2574 quadregefimae,
1492 2477 1613 2568 quibus
1636 2477 1771 2554 ecclesie
1798 2480 1933 2569 nupties

345 2578 466 2649 imonii
483 2601 556 2649 mm
572 2586 662 2652 certa
678 2577 824 2677 pessima
845 2576 1084 2655 emuttiendi,
1108 2581 1272 2656 celebrari
1294 2582 1411 2652 vetuit.
1463 2580 1583 2653 Monet
1599 2603 1682 2652 vero
1700 2578 1934 2660 Bellerminus,

344 2696 455 2749 tutem
469 2674 627 2750 obsolute.
677 2683 724 2750 Er
746 2677 822 2760 his,
845 2702 918 2767 φιτ
940 2679 1086 2748 reddunt
1114 2683 1341 2775 1.)1’rimum
1368 2677 1492 2751 horum
1520 2678 1840 2767 impedimentorum
1865 2685 1934 2765 jam

344 2797 439 2848 enom
457 2774 641 2850 inhabilem
658 2771 828 2865 obsolute,
852 2774 915 2848 elia
932 2775 1005 2846 sunt
1024 2794 1087 2846 na·
1109 2777 1368 2872 postconcilinm
1375 2777 1613 2851 Tridentinum
1628 2800 1696 2850 non
1710 2775 1774 2849 else
1789 2773 1935 2867 amplius

344 2869 412 2962 lia,
434 2871 500 2948 elia
517 2872 732 2972 'uoluntarim
794 2872 958 2947 Naturale
979 2874 1089 2964 impe-
1110 2901 1241 2953 tantum
1256 2878 1442 2967 impediens
1457 2873 1748 2957 contrahendum,
1770 2872 1935 2949 sedetiotu

344 2995 450 3047 totum
469 2975 518 3047 en
523 2971 714 3070 frigiditas
733 2969 774 3046 &
790 2971 1089 3070 irapotentiaquae·
1111 2982 1270 3053 dirimens
1293 2978 1529 3055 contraitum,
1556 2997 1658 3061 qnare
1684 2971 1740 3048 vel
1770 2974 1935 3047 reducen-

344 3069 471 3146 nemer·
488 3093 665 3164 perpetua,
686 3072 752 3145 five
767 3074 887 3159 innata,
904 3070 972 3143 five
985 3068 1089 3143 male·
1110 3081 1192 3151 dnm
1212 3071 1277 3150 elle
1297 3076 1338 3147 ed
1365 3072 1511 3157 crimen,
1538 3069 1593 3146 vel
1616 3092 1707 3146 certe
1737 3069 1800 3144 elle
1826 3073 1937 3162 impe·

353 3193 553 3263 procurate,
579 3182 616 3247 δι
644 3171 709 3244 hoc
741 3173 787 3243 est
809 3173 1088 3261 impedimentum
1111 3181 1299 3251 elimentum
1313 3171 1480 3246 decimum
1498 3170 1643 3245 tertium.
1694 3167 1749 3268 2.)
1764 3166 1835 3243 Effe
1847 3191 1938 3259 que.

344 3267 511 3344 lecimum.
553 3269 1089 3361 Voluntarinimpedimentrsunt
1112 3275 1273 3350 damulis
1296 3272 1535 3364 impedimenta
1567 3293 1636 3341 non
1667 3269 1875 3351 dirimentis,
1897 3274 1938 3341 ui
2060 3291 2064 3300 ’
2112 3289 2114 3296 ·

345 3392 379 3441 m
388 3365 541 3466 solemne
554 3368 785 3455 commitit,
812 3365 1020 3466 nrdtstcer,
1048 3364 1090 3441 Β
1112 3370 1458 3450 vammeantiaemiae
1470 3364 1642 3469 fimplex,
1659 3364 1858 3465 sousalia,
1884 3366 1939 3440 ie⁴

344 3491 417 3542 mea
442 3492 517 3543 cum
543 3468 618 3543 alio
646 3470 813 3567 conjuge,
840 3493 913 3557 qne
930 3464 1005 3539 sunt
1025 3467 1089 3541 ior·
1106 3472 1246 3578 struiiia
1277 3468 1500 3546 catechumeni
1525 3490 1585 3567 per
1608 3477 1643 3542 tr
1689 3467 1827 3554 itionem
1848 3475 1939 3540 cate·
2087 3547 2093 3552 ,

344 3589 459 3642 mento
475 3569 630 3655 tertium,
654 3568 805 3642 artavum
823 3562 865 3641 Εἰ
884 3588 1018 3640 nanum.
1044 3573 1091 3643 Ee
1114 3570 1257 3671 cirismi,
1289 3571 1333 3658 εἴ
1372 3593 1417 3644 ex
1437 3569 1601 3654 crimina,
1626 3567 1762 3669 incestus
1772 3615 1785 3651 ,
1818 3574 1939 3663 raptat

344 3695 368 3749 i,
390 3683 467 3756 qua
487 3665 670 3742 inhebilem
690 3664 816 3740 fatiunt
836 3665 989 3757 respedtu
1007 3671 1091 3741 certi
1114 3672 1236 3748 aiimae
1245 3667 1335 3768 spon
1350 3691 1406 3756 ae,
1432 3667 1625 3765 conjugium
1656 3690 1731 3739 cura
1753 3661 1938 3764 sanffima·

344 3766 495 3855 imonii,
517 3791 587 3840 non
607 3785 718 3838 autem
743 3761 902 3846 absolute,
924 3768 987 3846 tria
1005 3762 1090 3854 sunt,
1117 3769 1227 3859 niali,
1253 3767 1357 3843 cedes
1373 3766 1520 3851 uxoris,
1551 3763 1771 3839 homicidium
1801 3761 1941 3864 presby·

344 3887 416 3949 ten»
442 3867 552 3940 nimia
580 3862 793 3964 mnjttnliim
819 3875 855 3939 &
882 3864 992 3938 nimia
1019 3866 1092 3942 dis·
1115 3872 1181 3949 teri
1196 3866 1238 3947 &
1254 3863 1440 3967 baptismus
1453 3864 1590 3966 proprii
1602 3859 1690 3965 filii.
1724 3869 1825 3951 Hoee,
1847 3865 1941 3945 dicit,
2040 3883 2043 3892 '

344 3961 405 4040 tio.
468 3967 607 4041 Crimen
634 3966 681 4037 est
700 3965 976 4054 impedimentum
995 3969 1093 4067 quiet·
1115 3970 1284 4064 nonponi
1301 3971 1338 4040 iu
1356 3991 1537 4042 numerum
1552 3962 1682 4038 seorsim
1695 3964 1848 4038 cumillis
1859 3966 1943 4036 duo·

352 4120 363 4152 ,
387 4085 453 4156 per
464 4068 554 4154 quod
569 4061 769 4156 intelligitur
784 4061 987 4139 adulterium
1001 4070 1093 4142 misa-
1116 4072 1180 4145 bus
1195 4069 1330 4162 primis,
1355 4067 1433 4157 quir
1449 4071 1517 4139 duo
1535 4063 1591 4137 iiia
1613 4059 1689 4135 sunt
1702 4065 1944 4155 impedimenta

352 4160 538 4239 homicidio
558 4187 631 4237 cum
651 4163 768 4235 ardiae
786 4160 998 4257 adfuturum
1016 4189 1094 4240 can·
1117 4172 1268 4244 distintis
1290 4168 1428 4240 omnino
1452 4187 1473 4237 a
1494 4159 1750 4248 dirimentibus,
1790 4161 1861 4233 hec
1883 4184 1945 4233 eu·

344 4287 411 4338 um.
461 4267 542 4337 Non
557 4266 646 4337 enim
664 4263 796 4352 potest,
820 4264 878 4350 qni
894 4286 971 4339 cum
985 4266 1095 4357 ulique
1118 4291 1185 4342 tem
1201 4291 1326 4339 novem
1341 4263 1505 4336 teducied
1518 4260 1725 4345 dirimerem,
1739 4270 1775 4337 dc
1788 4283 1865 4332 crem
1878 4256 1945 4330 illis

347 4365 471 4435 terium
499 4360 691 4446 commisit,
724 4368 759 4435 dc
785 4359 854 4451 ejus
883 4362 956 4435 viro
976 4390 1094 4439 necem
1120 4365 1292 4459 explicari.
1310 4356 1945 4437 Nam'sexeriminereduoonturudcri·

344 4464 404 4533 itus
429 4462 500 4540 est,
532 4459 623 4532 illam
645 4484 791 4547 unquam
819 4462 940 4533 ducere
962 4466 996 4536 in
1015 4490 1094 4537 uxoa
1121 4491 1212 4551 men,
1227 4460 1445 4537 catechismus
1459 4454 1507 4533 orl
1527 4457 1760 4555 cognationem
1775 4453 1946 4555 spiritua·

344 4614 351 4632 ·
403 4560 519 4633 Nimli
540 4559 717 4647 &similit
742 4580 878 4629 vocetur
895 4559 1005 4642 cutem
1026 4562 1095 4663 dis·
1120 4552 1946 4655 lemmatumsimpleraduotumfirlemae,&spon-
2043 4649 2048 4668 ..
2143 4545 2148 4552 ’
2200 4595 2201 4606 1

344 4659 428 4744 im·
468 4665 505 4733 &
545 4660 591 4730 tst
624 4658 901 4747 impedimentum
927 4658 1066 4755 ‚sexium
1080 4691 1093 4745 ,·
1119 4665 1194 4739 salia
1204 4665 1246 4733 ad
1259 4659 1418 4756 ligamen.
1440 4655 1875 4730 Hecamniunellermiaus.
1890 4659 1947 4729 De

357 4759 452 4834 enim
474 4759 582 4848 potest
606 4753 713 4829 fidelis
730 4780 806 4827 cum
830 4753 957 4833 infideli
979 4765 1096 4835 marri·
1118 4752 1949 4855 impedimentisexparteconsensusinprrtcedenri

344 4859 419 4929 ium
441 4852 651 4931 commitere·
699 4855 814 4926 Nimia
839 4863 1030 4944 conjundtio
1051 4867 1097 4936 est
1122 4865 1231 4954 capite
1244 4855 1452 4930 ditiumfuit.
1466 4860 1523 4929 De
1536 4856 1783 4947 impedimentis
1798 4871 1950 4943 experte
2040 4882 2045 4892 ·

344 4956 446 5042 tatio,
472 4957 630 5043 adquam
654 4954 718 5023 tria
735 4955 978 5044 impedimenta
1001 4986 1099 5034 revo.
1118 4957 1338 5061 personarum
1356 4955 1622 5030 contrahentium
1636 4955 1671 5027 in
1689 4953 1755 5026 hor
1773 4951 1883 5040 eapite
1897 4951 1949 5023 di·

344 5080 407 5142 ur,
437 5053 597 5124 nimirum
624 5051 782 5145 cognatio
813 5055 1006 5142 naturalis,
1025 5082 1098 5145 φιτ
1122 5056 1471 5145 cendumrestamquae
1486 5057 1575 5127 enim
1592 5051 1700 5125 inillis
1709 5051 1951 5126 eonanistetttuu

344 5179 405 5232 tus,
421 5151 564 5246 proprie
593 5151 878 5245 consanguinitas,
906 5161 942 5229 dc
968 5154 1014 5230 er
1038 5159 1097 5230 im·
1121 5156 1369 5248 impedimentis
1400 5179 1418 5228 r
1451 5152 1548 5227 nobis
1579 5150 1786 5245 probentur,
1807 5143 1864 5225 sel
1887 5147 1953 5219 int·

1169 5261 1249 5332 Χι
1873 5262 1955 5341 ime

1243 5563 1347 5674 *iq

1505 5649 1606 5677 A
