4884 5984
380 567 455 645 344
489 620 492 624 ,
550 523 840 619 oocvsxxvi.
873 542 1033 624 cnuv.
1067 540 1249 654 nonin.
1262 541 1306 612 u.
1333 537 1443 612 nur.
1459 537 1502 606 n.
1532 535 1645 608 rinus
1661 540 1688 610 ι.
1716 535 1840 611 socr.
1855 533 1918 612 ιν.
1939 487 1958 523 ⁵
2046 649 2048 654 Ι

383 737 521 813 vicislint
546 764 590 814 an
615 741 720 814 videro
740 736 859 812 nubere
877 759 921 831 po
959 733 1103 809 tnidrro
1132 733 1191 812 dy.
1213 734 1288 814 ffl,
1324 732 1381 821 qui
1412 736 1534 824 sadus
1562 731 1641 807 licet
1668 731 1702 801 in
1728 732 1844 805 divino·
1870 731 2011 807 &mm

381 829 569 938 incisione
587 838 721 938 sororis
737 834 886 933 instantii
915 836 951 910 ni
964 833 1118 909 mariti?
1209 841 1285 922 iure
1303 830 1492 921 prohibitus
1509 857 1576 904 non
1593 832 1650 912 sn,
1677 836 1837 905 tamenin
1853 835 2010 928 canonio,

1211 942 1247 1008 δι
1271 930 1467 1022 provinciali
1493 939 1566 1018 jure
1593 929 1782 1020 prohibitus
1810 934 1869 1005 eti,
1923 934 2010 1024 Ergo

466 1098 626 1184 ei”juges
676 1089 728 1164 sor
757 1101 791 1165 δι
828 1112 878 1163 rot
935 1093 1097 1179 conjuges
1208 1055 1272 1104 ⁰²⁶
1296 1031 1414 1101 ”idum
1440 1033 1576 1102 ”idum
1602 1019 1867 1128 Ὑυῖωωῖλφθ
1891 1035 2009 1104 <¹¹¹oest

1207 1129 1343 1220 poterit.
1393 1122 1456 1198 An
1485 1152 1550 1203 non
1584 1128 1729 1225 insolens
1754 1129 1866 1202 uideri
1888 1137 2007 1227 quen,

544 1213 622 1252 m*
740 1219 830 1260 W·
945 1209 1026 1253 ‘w'
1116 1223 1146 1297 .’
1208 1222 1322 1300 scribit
1341 1230 1559 1310 Mentzcrus‚
1582 1251 1640 1303 eas
1662 1224 1848 1326 personas,
1872 1249 2009 1324 quarm

406 1283 1158 1438 Pci⁷miugfffsffim-{lfilfl‘J-Sffi'smma’
1208 1325 1309 1400 liberi
1323 1326 1513 1400 contrahere
1525 1330 1612 1402 inter
1624 1327 1665 1426 se
1678 1328 1934 1401 matrimonium
1949 1349 2009 1400 nar

1204 1423 1364 1525 poliunt,
1387 1428 1525 1522 nuptias
1545 1430 1632 1501 inter
1644 1425 1781 1524 seualle
1802 1419 2011 1502 conciliaret

336 1561 343 1570 ·
381 1529 583 1623 Quaeritur,
617 1554 659 1600 an
684 1529 879 1607 Petrucius,
902 1526 1060 1600 detinui
1081 1543 1184 1592 uxore
1213 1532 1266 1618 ς.)
1283 1531 1329 1599 Ex
1346 1524 1608 1623 adpellationnrn
1625 1526 1813 1626 consnstone
1832 1522 1875 1626 si
1889 1545 2010 1626 cogna-

574 988 717 1066 Schema
729 995 792 1094 esta
811 957 996 1164 pasnadii

248 1633 253 1646 '
380 1626 480 1702 Claro
502 1637 537 1704 δι
559 1623 788 1700 uxorissratre
807 1627 924 1707 Titio,
946 1624 1098 1698 relictam
1118 1621 1182 1691 Ti·
1207 1627 1311 1700 tionis
1331 1623 1532 1699 turbatione.
1584 1630 1618 1699 Si
1637 1631 1748 1717 quiex
1766 1629 1880 1717 primo
1902 1624 2012 1702 moui

378 1729 416 1798 tii
430 1729 564 1799 viduam
586 1726 815 1815 Sempronium
833 1726 955 1796 ducere
971 1718 1087 1810 possit?
1116 1721 1183 1790 nd.
1208 1728 1323 1799 monio
1337 1727 1494 1818 utrinque
1523 1721 1664 1817 suscepti
1689 1720 1763 1798 sunt
1783 1724 1883 1799 liberi
1900 1777 1915 1812 ,
1931 1721 2009 1798 sunt

347 1822 514 1897 '‘firmant
527 1824 684 1914 plurimi,
700 1847 776 1895 tum
793 1848 830 1896 ea
849 1820 886 1893 sit
901 1819 1050 1895 adfinitas
1070 1814 1181 1889 secun·
1206 1827 1296 1897 inter
1312 1819 1342 1897 se
1363 1827 1510 1897 amitini:
1535 1820 1759 1914 subsequentis
1787 1825 1938 1918 conjugii
1962 1825 2009 1916 pi.

379 1924 414 1997 (ll
443 1926 601 1996 dufltfflt
632 1925 791 2014 generis,
827 1945 899 2010 ‘11¹²
934 1919 1182 1992 mttrlmllsslum
1206 1949 1313 2015 gnora
1343 1921 1427 2001 fiunt
1462 1922 1524 1995 suis
1558 1926 1703 1996 amitinis
1732 1948 1771 1995 oc
1804 1918 2009 1996 consobrinis

380 2045 447 2094 non
472 2024 623 2112 impedit.
689 2022 891 2112 Negotivorn
914 2021 1036 2092 retiius
1056 2013 1181 2102 ornple·
1207 2021 1326 2094 fratres
1357 2024 1480 2117 portior
1509 2020 1721 2125 ὁμοπάτριοι
1735 2073 1747 2107 ,
1780 2025 1906 2111 portior
1928 2021 2007 2114 ὁμο.

293 2171 298 2184 ·
380 2124 517 2196 &untur
539 2125 732 2193 Mentzcrus
750 2123 791 2192 de
815 2127 950 2212 conjug.
971 2144 1002 2208 p.
1024 2133 1079 2218 80·
1108 2119 1183 2185 Mu·
1205 2122 1352 2226 ningen.
1406 2126 1502 2193 Pater
1522 2146 1583 2211 per
1597 2146 1721 2196 norum
1736 2119 1819 2193 illud
1839 2125 2013 2195 mortim«

330 2241 333 2249 ’
379 2227 431 2309 jor
454 2214 538 2309 disp.
556 2224 598 2291 dc
621 2242 715 2307 nupt.
742 2244 815 2308 cap.
839 2216 934 2290 Xlll.
960 2242 992 2305 q.
1022 2243 1052 2303 3.
1080 2223 1114 2288 te
1143 2236 1182 2283 ex
1207 2223 1300 2292 nium
1313 2219 1350 2291 fit
1362 2217 1428 2291 iilis
1447 2223 1609 2305 vitricus,
1631 2219 1751 2309 quibus
1765 2230 1832 2310 jam
1849 2243 1929 2295 tote
1942 2239 2008 2294 etot

378 2314 629 2407 jurisconsultis,
647 2314 823 2389 Albcricus
833 2315 975 2388 Gentilis
991 2315 1049 2386 lib.
1059 2321 1099 2386 V.
1109 2335 1181 2398 cop.
1207 2318 1283 2392 loco
1306 2322 1479 2409 parentis,
1506 2325 1613 2391 omitae
1634 2317 1757 2394 scilicet
1783 2321 1952 2407 moritus,
1977 2311 2008 2394 tt

381 2417 474 2489 Xlll.
500 2443 577 2510 pag.
601 2441 679 2506 579.
731 2413 812 2488 Non
824 2412 927 2513 sunt,
953 2416 1078 2503 inquit,
1107 2410 1184 2482 iici-
1207 2416 1346 2492 viciffim
1369 2441 1475 2490 mater
1496 2443 1557 2508 per
1577 2414 1775 2508 subsequens
1793 2416 1878 2490 illud
1897 2418 2008 2492 nant·

381 2524 425 2589 tae
443 2517 657 2612 nuptiarum
673 2534 730 2600 ea,
756 2535 828 2611 qna
841 2510 960 2607 socrus
972 2512 1049 2608 snit
1062 2509 1183 2586 uxoris
1207 2518 1356 2590 monium
1379 2514 1416 2587 fit
1437 2517 1501 2587 illis
1519 2541 1685 2597 noverca,
1710 2516 1830 2605 quibos
1844 2524 1915 2607 jour
1938 2535 2007 2588 unte

307 2701 321 2712 „
382 2636 477 2701 nreae,
503 2637 657 2687 noncnnr
683 2615 903 2708 onomius,
927 2605 1184 2710 quimeamsa·
1207 2639 1277 2688 erot
1314 2615 1389 2686 loco
1424 2619 1558 2699 matris,
1583 2618 1737 2687 avunculi
1766 2613 1890 2689 scilicet
1915 2637 2005 2688 uxor.

380 2731 488 2788 rorem
506 2713 626 2786 iabuit
646 2715 803 2799 nxirem,
832 2735 898 2785 non
929 2736 1002 2785 com
1022 2732 1087 2789 ea,
1111 2728 1183 2805 qnae
1208 2718 1266 2805 4.)
1286 2718 1331 2784 Ex
1345 2713 1512 2811 peculiari
1536 2713 1635 2810 injus
1656 2713 1852 2815 adfinitatis
1872 2727 2023 2790 natura..

374 2811 477 2912 fhror
489 2815 538 2915 stt
556 2817 643 2910 ejers,
666 2817 759 2909 cujus
772 2836 832 2908 ego
847 2837 986 2886 notorem
1006 2820 1105 2883 antea
1122 2806 1182 2880 io·
1209 2809 1289 2913 Etst
1302 2816 1440 2910 proprie
1456 2813 1636 2911 loquendo,
1664 2817 1709 2887 ait
1729 2819 1948 2905 Mentzerus,
1973 2837 2011 2887 ιι·-
2047 2817 2049 2920 l

382 2910 464 2998 bui,
489 2936 555 2987 non
577 2913 656 2987 iicet
672 2915 786 2987 ducere
804 2935 928 2988 uxores
947 2912 1088 2986 inarum
1099 2905 1181 3001 fra·
1204 2934 1273 2986 xor
1287 2911 1419 3007 fratris
1440 2935 1518 2988 meae
1541 2913 1663 2987 uxoris
1682 2913 1767 2985 rniii
1779 2937 1845 2985 non
1855 2915 1906 3013 stt
1925 2911 2006 3013 adfi-
2045 2929 2050 3018 i

382 3024 492 3112 trani,
518 3011 680 3086 nonlicet
704 3010 821 3086 nubere
842 3013 929 3088 viris
955 3012 1097 3085 inarum
1121 3005 1180 3105 sa
1204 3013 1259 3086 nis
1280 3015 1315 3085 in
1332 3014 1444 3110 prino
1459 3037 1600 3109 genere,
1627 3023 1738 3087 tomen
1753 3014 1922 3114 existimo,
1936 3019 2020 3087 ean'
2048 3021 2049 3068 l

381 3110 575 3189 narnensic.
628 3110 682 3185 Et
723 3124 808 3185 utem
823 3117 981 3212 egoslore
998 3110 1180 3182 etiamnum
1204 3111 1416 3209 adfinitatem
1436 3114 1584 3185 accedere
1599 3136 1698 3208 qnam
1714 3114 1872 3207 proxime
1886 3113 2004 3186 adera·
2048 3119 2049 3134 ³

274 3257 280 3264 -
376 3211 640 3314 prohibitionem
662 3138 755 3285 iiseim
772 3210 812 3286 rie
830 3237 896 3285 non
911 3209 1180 3290 ducerrda'nxore
1208 3223 1320 3284 turam
1346 3211 1436 3285 illins
1467 3224 1605 3307 propter
1629 3215 1792 3284 unitatem
1814 3213 1910 3286 ittam
1939 3235 2006 3287 car.

373 3311 506 3409 fratris
520 3312 641 3386 uxoris
652 3308 751 3407 snae,
782 3334 853 3408 quae
877 3311 912 3385 in
938 3309 1081 3386 decretis
1101 3330 1182 3403 pro·
1207 3312 1272 3385 nir.
1328 3309 1380 3384 Et
1394 3308 1500 3406 nescio
1517 3313 1799 3411 qnidstnguinris
1813 3313 2009 3410 propinqui·

373 3416 454 3516 flat.
488 3419 696 3507 Argumenta
715 3414 847 3501 potiora
867 3412 935 3484 lraec
955 3408 1044 3481 sunt:
1078 3409 1182 3496 r.)Ex
1209 3411 1293 3484 totis
1310 3409 1369 3508 effe
1392 3411 1525 3484 uidetur
1544 3414 1581 3484 in
1612 3412 1675 3484 inc
1698 3413 1903 3511 adfinitate,
1927 3412 2009 3510 quoi

350 3509 499 3610 ·reguto
527 3509 685 3609 superius
718 3512 913 3610 propostta:
951 3507 994 3584 Si
1024 3506 1183 3581 remotior
1209 3514 1244 3583 in
1263 3509 1500 3607 oliissecrouii
1525 3508 1565 3584 ss
1588 3513 1683 3585 tertii
1696 3514 1827 3609 generis
1848 3514 2010 3611 exemplis

378 3611 509 3712 gradus
527 3606 748 3708 prohibetrir,
774 3609 881 3682 muita
909 3609 1021 3706 magis
1044 3606 1183 3702 propin·
1208 3620 1423 3706 exceptam,
1455 3614 1497 3684 de
1518 3635 1585 3697 quo
1609 3613 1642 3682 in
1666 3615 1847 3701 quaestione'
1862 3617 2011 3702 proximo

402 3714 477 3786 nior
495 3709 698 3806 intelligitur
717 3708 918 3804 proiibitns.
944 3712 975 3782 Si
995 3706 1097 3778 lilium
1114 3729 1182 3779 oon
1209 3717 1265 3782 lV.
1288 3721 1353 3781 non
1364 3706 1476 3804 facile
1492 3711 1665 3808 reperitur.
1719 3716 1869 3800 Adparet
1891 3710 1956 3784 hoc
1974 3735 2011 3784 er

378 3737 458 3883 iicet
478 3812 626 3898 ducere,
657 3808 763 3881 multo
788 3812 895 3882 rninus
916 3831 1069 3881 matrem.
1138 3810 1183 3873 At
1208 3806 1368 3899 pressiore
1412 3808 1508 3896 huJus
1537 3806 1712 3881 adfinitatis
1743 3809 2008 3883 confideretiouc

380 3913 498 3980 viduus
520 3933 587 3980 non
600 3911 707 3997 potest
729 3911 851 3982 ducere
867 3906 969 3980 filiam
989 3904 1110 3983 frutri8‚
1130 3899 1184 3974 vel
1209 3907 1360 3998 Exempli
1386 3912 1512 3999 gratio,
1538 3911 1583 3978 ut'
1598 3912 1631 3977 in
1656 3908 1826 3996 propofito
1849 3905 2011 3983 schemate

379 4003 498 4080 sororis
513 4005 677 4080 defuntus
695 4002 756 4076 suc
775 4010 915 4088 uxoris,
941 4029 978 4077 ut
1003 4003 1184 4093 pr0batum
1209 4005 1433 4096 persistamus:
1461 4010 1630 4079 Petrucius
1645 4032 1722 4079 curn
1738 4007 1838 4082 Clara
1853 4033 1917 4098 per
1937 3995 2012 4082 con·x

380 4104 443 4181 suit
458 4109 567 4195 quast.
587 4114 629 4178 ll.
682 4111 772 4196 Ergo
794 4107 902 4177 multo
924 4107 1035 4176 minus
1058 4106 1181 4174 ducere
1206 4104 1341 4203 jugium
1373 4103 1477 4177 fotius
1500 4108 1547 4178 est
1567 4131 1631 4177 uno
1655 4129 1751 4191 coro,
1776 4109 1885 4180 Titius
1906 4107 2011 4183 Clcrae

264 4281 267 4286 ,
379 4209 504 4298 poterit
516 4204 590 4276 filiae
609 4205 696 4277 illius
711 4228 871 4285 matrem,
897 4205 959 4277 lroc
975 4206 1031 4285 eit,
1048 4204 1181 4272 viduum
1208 4203 1312 4275 frater
1340 4229 1416 4274 cum
1440 4208 1636 4293 Sempronio
1668 4206 1784 4278 itidem
1807 4230 1871 4295 per
1899 4216 2013 4296 conio.

379 4304 491 4379 scotris
506 4302 670 4377 defuncto
689 4306 810 4377 uxoris.
863 4300 1181 4397 n>ssxtiteeorun
1207 4306 1302 4395 giuno
1332 4300 1439 4375 sosius
1468 4307 1514 4373 est
1540 4329 1604 4376 uno
1640 4329 1728 4378 coro.
1792 4303 1911 4406 Quare
1938 4331 2012 4379 cum

375 4405 631 4505 propinquitate
655 4402 830 4499 proximo,
893 4404 1048 4496 Quorum
1070 4394 1184 4489 perso·
1207 4401 1310 4475 Clara
1339 4404 1430 4474 Titio
1456 4397 1578 4474 sororia
1606 4405 1856 4493 propinquitate
1878 4401 1918 4476 fit
1938 4430 2013 4480 con·

380 4531 500 4576 norum
516 4502 611 4575 liberi
630 4527 696 4573 non
719 4500 850 4590 possunt
873 4503 1018 4572 invicem
1045 4506 1182 4586 conjuu-
1204 4502 1344 4589 juntlo,
1373 4502 1453 4573 Titii
1471 4525 1553 4572 uxor
1570 4526 1632 4590 per
1647 4502 1960 4593 adfinitatem-quali
1975 4502 2013 4576 il·

381 4606 434 4696 gi,
461 4600 525 4672 illae
546 4595 622 4691 ipsae
652 4601 754 4671 etiarn
784 4602 997 4672 nntrimonio
1023 4597 1184 4688 coniungi
1208 4601 1273 4671 lius
1308 4596 1399 4671 soror
1421 4601 1467 4671 eli
1498 4596 1594 4673 fauo.
1661 4602 1747 4696 Quae
1781 4599 1878 4674 fratri
1906 4606 2014 4677 uxoris

382 4720 571 4789 nequeunt:
594 4701 679 4771 ratio
699 4700 761 4781 est„
795 4701 872 4788 quio
898 4697 1082 4769 liberorum
1105 4719 1184 4786 pro·
1210 4726 1290 4772 mcc
1313 4697 1445 4790 nupsit,
1473 4700 1508 4770 in
1531 4726 1633 4772 ununr
1652 4725 1772 4790 corpus
1792 4727 1869 4773 cum
1886 4726 2014 4776 cocot-

380 4802 546 4889 pinquitos
571 4823 611 4869 cx
640 4820 818 4885 parentum
842 4798 1094 4887 propinquitate
1127 4799 1185 4867 de·
1210 4797 1294 4884 luit,
1317 4824 1355 4871 oc
1371 4800 1513 4889 proinde
1535 4824 1601 4871 non
1628 4802 1761 4888 quidem
1784 4795 2014 4894 consanguini-

380 4895 516 4971 stendit.
571 4902 614 4967 tlt
632 4897 727 4966 liberi
749 4895 838 4966 illius
858 4898 961 4973 vidui,
976 4897 1032 4982 qui
1049 4896 1183 4967 viduam
1210 4920 1305 4979 tote,
1337 4892 1389 4970 sed
1422 4917 1532 4968 tomen
1551 4895 1718 4971 adfinitate
1746 4895 1832 4971 fauo
1852 4902 1899 4974 cll
1923 4901 2015 4975 uxori

377 4986 639 5096 ‘poeninoiinpn
659 4990 783 5076 ambit,
812 5020 877 5066 non
901 4989 1033 5084 poliunt
1061 4994 1186 5065 ducere
1210 5022 1292 5069 meae
1311 4992 1426 5081 soror,
1452 5018 1489 5066 ut
1511 4995 1660 5085 loquitur
1682 5004 1765 5068 Bezo
1792 5022 1829 5090 p.
1856 5020 1917 5094 70.
1938 5023 2015 5074 oro

378 5096 466 5168 illius
484 5098 590 5167 riduae
607 5094 754 5178 liberos,
778 5096 905 5184 quippe
916 5118 994 5164 curn
1010 5091 1070 5164 sint
1087 5095 1121 5164 in
1138 5089 1185 5165 sc·
1210 5092 1322 5167 sorore
1345 5097 1455 5167 uxoris
1477 5119 1558 5168 meae
1577 5093 1660 5166 mihi
1674 5095 1931 5181 abstinendum,
1952 5099 2014 5175 five

375 5199 485 5271 cundo
500 5195 611 5289 gradu
625 5187 918 5287 consanguinitatis
941 5191 1088 5270 invicem
1108 5198 1188 5283 jun·
1210 5189 1507 5291 consanguinitate,
1517 5190 1583 5273 suc
1598 5192 1769 5273 adfinitate
1784 5193 1825 5270 fit
1839 5194 1945 5276 soror.
1962 5205 2016 5276 tr·
