4884 5984
525 539 546 568 .-
586 472 663 545 nn
715 468 944 545 eunomus
993 469 1255 542 unourutrrs
1303 470 1357 542 ru
1405 471 1520 561 Jvttn
1568 465 1726 545 crrttr.
1908 481 1982 563 ιιι

348 674 484 752 eentum
506 659 549 744 8,
557 661 726 762 filiorum.
752 664 951 755 Jotlioioouo
974 675 1001 751 §.
1020 673 1051 737 6.
1069 664 1157 734 inlli-
1180 663 1404 763 ueeeffltutliue
1429 656 1471 737 i!
1486 661 1657 757 fraterna
1670 659 1855 760 sacietatis
1870 653 1986 756 ligatu·

348 781 414 837 tut.
431 765 477 834 de
506 764 644 852 nuptiis.
695 757 886 840 Amitam,
919 757 999 834 licet
1022 759 1158 856 adopti·
1181 774 1238 836 tur
1250 764 1402 845 vincalo,
1421 763 1547 858 pietati
1563 787 1618 837 eas
1634 760 1746 836 ualuit
1760 756 1987 855 deberemus

349 881 451 943 uam,
484 857 599 933 ducere
615 882 755 931 uxorem
778 882 845 932 nort
871 855 968 941 licet,
998 857 1076 932 item
1096 883 1158 934 nea
1180 862 1257 933 nati
1266 860 1360 957 suut.
1410 867 1502 932 idem
1516 866 1675 934 testentur
1693 859 1849 933 Aurelius
1863 861 1981 930 Victor

350 966 590 1039 materteram
606 959 686 1051 quia
702 968 878 1053 pareutum
897 954 969 1027 loca
982 954 1153 1030 hahmtur.
1182 969 1215 1032 δι
1234 959 1354 1032 Paulus
1366 957 1545 1031 monachos
1564 963 1597 1032 in
1617 955 1831 1042 Theodofio,
1854 981 1893 1027 nc
1911 955 1982 1028 eri-

355 1050 441 1155 ,Qua
467 1056 602 1127 ratione
629 1079 741 1127 aerum
762 1057 822 1155 ιβ,
848 1076 1007 1148 maguam
1033 1078 1156 1149 quoque
1180 1062 1298 1130 denter
1321 1055 1490 1147 colligitur
1509 1082 1549 1127 ex
1563 1057 1587 1130 l.
1611 1057 1697 1129 urie.
1717 1059 1759 1128 C.
1778 1051 1980 1128 Theodofie-

351 1154 498 1228 amitam
520 1149 560 1228 ii
576 1165 786 1228 materteram
811 1175 970 1246 maguam
983 1150 1156 1247 prohiberi
1177 1156 1237 1234 ni,
1254 1157 1288 1253 st
1313 1165 1407 1249 nupt.
1428 1176 1471 1224 ex
1489 1153 1638 1250 rescript.
1657 1162 1839 1248 petantur,
1858 1155 1892 1224 in
1913 1167 1981 1250 que¹

350 1275 495 1330 tutorem
514 1253 644 1324 ducere.
668 1259 770 1339 Gajns
794 1249 817 1325 l.
838 1276 899 1340 per
927 1254 1152 1339 adoptionem.
1178 1250 1254 1341 lege
1276 1250 1478 1324 Theodotius
1495 1259 1530 1324 dt
1544 1254 1705 1325 Arcadius
1719 1243 1979 1343 statuuntamis·

353 1374 413 1442 ιγ.
426 1361 457 1443 §.
471 1377 505 1426 2.
522 1348 560 1422 ff.
578 1357 619 1421 de
635 1349 690 1419 rit.
706 1371 801 1438 nupt.
851 1344 1011 1420 Amitam
1030 1344 1071 1422 ii
1085 1373 1154 1421 ma·
1169 1349 1296 1447 fiunem
1314 1349 1494 1435 horrorum,
1520 1346 1562 1422 8
1600 1372 1714 1423 oenum
1734 1345 1982 1444 deportationis

352 1450 636 1533 terteram„item
669 1469 828 1541 magnam
854 1470 979 1541 quoque
1011 1449 1154 1522 amitam
1178 1449 1212 1516 in
1228 1452 1409 1536 eum,.qui
1431 1468 1546 1519 contra
1571 1375 1687 1542 sigum
1706 1443 1896 1537 prescripta
1916 1469 1980 1517 nu-

355 1543 397 1622 &
411 1558 627 1620 materteram
646 1568 805 1639 magnam
825 1541 1052 1639 prohibemur,
1066 1571 1152 1619 uxo·
1178 1547 1263 1634 ptiar
1282 1571 1421 1634 precum
1447 1542 1660 1635 subreptione
1680 1547 1860 1630 meruerit,
1884 1563 1982 1616 exce·

352 1668 423 1722 rem
439 1643 573 1728 ducere,
590 1644 744 1738 quamvis
761 1666 887 1735 magna
902 1644 1010 1714 amita
1031 1641 1071 1715 ii
1084 1669 1156 1717 ma·
1173 1645 1245 1731 ptis
1270 1641 1344 1724 his,
1378 1645 1550 1730 inquiunt,
1574 1640 1915 1815 quoedohrirrorum,
1938 1638 1982 1713 id

349 1753 480 1834 ,tertera
502 1765 629 1837 magna
655 1750 775 1835 quarto
797 1741 910 1835 gradu
928 1742 1009 1837 stat.
1037 1742 1155 1814 Paulus
1179 1743 1238 1838 ιβ,
1264 1743 1380 1838 quarti
1394 1740 1523 1835 gratim
1537 1744 1657 1837 conjure
1689 1742 1783 1821 ione,
1798 1739 1975 1814 extiium-

351 1837 536 1914 hSororie.
552 1863 609 1930 39.
624 1844 698 1911 eod.
736 1833 875 1912 Satoris
883 1849 1076 1934 proneptem
1089 1863 1155 1911 non
1176 1837 1295 1934 phalis
1321 1840 1436 1936 patris
1461 1840 1565 1938 uoflri
1592 1838 1744 1935 exemplo
1769 1837 1981 1911 indultorum

348 1935 482 2037 pastum
501 1936 617 2009 ducere
631 1960 789 2019 uxorem,
815 1938 895 2032 quia
911 1938 1063 2032 parentis
1082 1936 1155 2009 loca
1171 1932 1369 2032 supplicare
1387 1959 1453 2008 uon
1471 1939 1587 2010 uetuit.
1613 1942 1695 2010 Hac
1706 1935 1883 2010 Theodoti
1897 1958 1980 2024 con.

352 2038 387 2122 ei
396 2031 489 2131 sam.
552 2039 643 2126 Ergo
661 2061 700 2105 ex
721 2037 808 2106 ditia
826 2035 901 2124 lege
922 2057 984 2126 per
1006 2039 1155 2124 adoptio·
1179 2034 1304 2107 slitntio
1322 2056 1458 2124 recepta
1474 2032 1537 2107 fuit
1550 2037 1638 2125 apud
1656 2033 1810 2114 Gothos,
1835 2055 1872 2106 ut
1898 2024 1979 2108 Cas·

349 2158 435 2210 nem
456 2129 638 2221 supplenda
662 2135 710 2204 est
740 2135 930 2203 constitutio
955 2132 1154 2220 Diocletiani
1179 2128 1326 2203 liodorus
1352 2130 1430 2205 libr.
1462 2130 1544 2205 Vll.
1575 2135 1692 2204 uariat.
1714 2129 1850 2210 scribit,
1881 2140 1915 2204 de
1938 2154 1980 2202 ex

358 2242 394 2309 dt
430 2231 625 2302 Maximiani
657 2231 920 2317 imperatorum,
956 2227 978 2298 l.
1016 2225 1155 2302 Nemini
1179 2227 1368 2301 Gothorum
1383 2226 1982 2319 iureadseripteeslnegatioinGrae·
2054 2309 2058 2317 .
2115 2289 2119 2298 ,

348 2327 530 2403 ticenae.
552 2319 592 2399 ese
613 2327 767 2421 nuptiis,
794 2328 852 2398 ubi
872 2325 1070 2413 prohibetur
1086 2353 1153 2399 nte·
1179 2349 1220 2394 eo
1242 2326 1423 2414 exemplari
1443 2341 1470 2414 ς.
1491 2321 1657 2398 Duarum.
1683 2328 1785 2397 lollit.
1811 2328 1853 2396 de
1879 2344 1978 2415 nupt.
2082 2379 2084 2384 -

356 2428 553 2500 aimonium
576 2449 654 2495 cunr
668 2428 767 2495 amito
787 2433 821 2496 dt
840 2444 1040 2509 matertera,
1066 2429 1153 2512 quod
1179 2414 1239 2498 ito
1264 2415 1568 2517 diehtptirmuiitt
1593 2422 1615 2496 d
1641 2418 1840 2501 hireneum
1861 2414 1981 2520 irps·

348 2525 492 2602 ,extendi
516 2520 617 2592 debet
639 2526 738 2593 etiam
763 2526 805 2591 ad
830 2524 972 2593 amitam
995 2545 1154 2616 magnam
1178 2545 1245 2609 μοι
1266 2515 1505 2614 nordmutham.
1569 2523 1632 2594 ted
1661 2522 1816 2600 Curtius,
1842 2449 1980 2593 barino»

360 2617 401 2696 is
425 2629 641 2692 materteram
659 2640 828 2713 maguam.
881 2623 970 2691 Cum
985 2623 1075 2692 enim
1090 2617 1153 2690 fro·
1179 2609 1361 2704 Theophili
1377 2619 1559 2705 interpret,
1580 2614 1693 2689 omissa
1709 2618 1979 2708 negendiparti·

356 2741 409 2794 ter
423 2727 463 2794 'dt
476 2714 569 2791 soror
586 2715 647 2788 srnt
659 2743 699 2788 ex
716 2740 782 2788 uno
798 2739 953 2803 parente,
974 2719 1052 2789 ideo
1066 2715 1153 2805 quast
1178 2710 1253 2784 culn
1270 2714 1389 2784 vertit:
1411 2709 1565 2806 Duorum
1576 2711 1742 2807 fratrum,
1757 2712 1976 2809 vessarorum

355 2840 421 2910 pro
444 2840 511 2889 una
536 2810 676 2910 persona
699 2812 882 2897 habentur,
903 2826 939 2887 be
959 2838 1022 2903 per
1042 2811 1154 2885 canse-
1180 2806 1302 2890 tiberi,
1319 2809 1374 2883 uel
1381 2809 1512 2905 fratris
1528 2810 1569 2885 si
1576 2809 1710 2908 ſstrart‘s
1729 2814 1889 2907 conjungi
1898 2807 1979 2907 poll·

482 2909 587 2983 frater
612 2914 658 2983 ell
681 2910 755 2982 loeo
780 2913 926 2999 parentio
944 2910 1098 2983 omnibus
1115 2936 1155 2983 ex
1171 2903 1266 3002 sumt.
1317 2909 1395 2981 Post
1421 2932 1565 2982 mortem
1593 2907 1769 2982 Theodoti
1792 2910 1889 2982 liberi
1904 2919 1979 2996 ejna

357 2937 469 3086 m
488 3005 782 3091 descendentibus,
794 3003 913 3079 sororis
933 3001 1054 3079 scilieet
1068 3004 1155 3087 filia,
1181 3005 1343 3077 Arcadius
1358 3016 1393 3080 dt
1411 3009 1579 3080 Honorius
1594 3008 1695 3094 patris
1710 3009 1977 3086 enrdhitutionenu

357 3103 474 3200 nepii,
500 3110 678 3196 pronepti,
703 3116 737 3180 dt
757 3101 896 3176 viciliitn
908 3093 1000 3174 huot
1015 3107 1062 3175 eit
1081 3104 1155 3175 loco
1179 3099 1404 3193 abrogarunt,
1428 3115 1463 3179 de
1478 3102 1752 3177 consobrinorum
1766 3106 1978 3178 matrimonia

359 3209 474 3281 oretria
494 3203 649 3275 omnibus
670 3227 709 3274 ex
728 3199 833 3272 fratre
856 3195 1127 3272 descendentibus
1144 3247 1156 3279 ,
1180 3195 1411 3285 permiserunt
1426 3200 1687 3277 l.Celebrandit.
1702 3223 1755 3306 ¹9·
1767 3205 1808 3274 C.
1821 3203 1863 3274 de
1878 3225 1975 3291 nupt.
2108 3229 2110 3234 ·

360 3301 474 3382 santrio
486 3293 610 3373 seilicet
621 3296 709 3379 filio,
733 3297 848 3386 nepoti
862 3349 872 3381 ,
885 3298 1076 3387 pronepoti,
1089 3306 1154 3371 &e
1184 3290 1403 3369 Celebrandir
1417 3299 1505 3369 inter
1521 3320 1581 3369 corr
1598 3296 1734 3370 abrinor
1749 3299 1981 3374 matrimoniisv

359 3407 471 3490 utque
491 3397 565 3471 haee
587 3393 753 3485 dispositio
770 3395 887 3484 pulcre
910 3395 1025 3467 reduci
1049 3396 1156 3483 potest
1180 3391 1318 3464 lieentia
1337 3391 1423 3490 legis
1441 3395 1539 3490 hujus
1575 3392 1758 3469 alubritate
1773 3396 1907 3469 indulta
1919 3399 1978 3497 ιβ,

356 3503 396 3574 ed
410 3508 466 3589 joa
483 3497 657 3582 diuinum,
682 3495 715 3564 io
739 3518 805 3580 quo
824 3490 927 3564 frater
943 3502 978 3565 &
998 3487 1091 3563 soror
1107 3493 1155 3561 di·
1179 3501 1217 3563 ut
1241 3503 1377 3565 revocat
1399 3514 1422 3564 a
1443 3490 1549 3589 prisci
1567 3493 1660 3588 juris
1679 3490 1897 3579 auiioritatr,
1924 3518 1978 3566 re·

358 3613 481 3670 eantur
495 3614 565 3668 aaa
579 3585 1056 3673 eara.Geoes.XXXVll.‚27.
1073 3582 1160 3662 Fra·
1175 3589 1367 3688 stimiiirque
1399 3590 1644 3682 calumniarum
1662 3590 1828 3683 sumentis
1854 3592 1975 3665 matri·

350 3689 472 3780 ‚terna
549 3694 609 3792 ιβ,
641 3683 683 3762 is
710 3709 789 3761 raro
817 3687 930 3787 nostra
963 3688 1018 3785 ιβ.
1049 3685 1157 3761 Lerit.
1184 3687 1331 3782 moreium
1352 3687 1440 3763 intir
1453 3686 1665 3785 eonserhr'inar
1678 3685 1840 3762 habeatur
1860 3688 1978 3785 legiti-

357 3695 572 3892 llVllsbehn.
611 3783 718 3861 Soror
728 3787 844 3883 patris
859 3785 970 3883 tuiest
981 3785 1096 3879 patris
1109 3782 1160 3855 tui
1183 3808 1290 3870 mum,
1309 3788 1380 3883 βυι
1401 3812 1445 3861 ex
1463 3786 1590 3861 duobus
1606 3784 1806 3884 fratribus,
1827 3788 1906 3960 gur
1930 3811 1978 3864 ex

360 3911 451 3964 eura.
467 3915 503 3961 v.
525 3901 581 3972 rt.
640 3879 748 3959 Soror
775 3883 898 3955 matrit
922 3893 988 3955 tuae
1012 3884 1056 3981 ιβ
1080 3902 1159 3953 cara
1182 3880 1312 3956 duabus
1322 3882 1498 3980 [erroribus
1512 3940 1522 3971 ,
1538 3885 1610 3984 βυι
1630 3907 1674 3958 ex
1688 3883 1807 3980 fratre
1874 3884 1976 3984 soro·

360 3985 484 4063 matris
506 3994 582 4059 tuae.
631 3981 682 4071 d.)
705 3986 760 4054 De
779 3981 903 4070 nuptiis
927 3978 1158 4075 patruelium,
1182 4005 1217 4055 re
1239 3982 1317 4056 mati
1326 3979 1432 4077 fient,
1462 3980 1504 4058 ii
1523 4007 1566 4056 ex
1588 4006 1624 4055 eo
1643 3982 1859 4057 matrimonio
1880 3985 1978 4074 editi,

360 4081 579 4162 amitimarum
607 4076 649 4155 {i
669 4078 951 4175 consobrinarum.
1003 4075 1159 4153 Theado·
1184 4079 1334 4174 legitimi
1367 4079 1409 4155 it
1429 4080 1507 4180 suis
1528 4079 1685 4177 patribus
1701 4077 1896 4178 succeffarer
1915 4083 1980 4156 ha-

353 4183 421 4260 bat
436 4192 544 4269 maior
559 4175 715 4265 fratrum,
728 4177 781 4252 rel
796 4174 945 4249 sororum
965 4174 1106 4256 liberos,
1126 4176 1161 4245 id
1184 4176 1340 4266 beantur,
1364 4183 1503 4269 proinde
1517 4177 1738 4252 Tribonienus
1756 4180 1866 4270 legem
1888 4207 1916 4254 t.
1933 4185 1980 4256 C·

357 4285 425 4368 esi,
458 4276 626 4371 patrueles
654 4289 687 4351 dr
711 4267 925 4348 consobrinos
949 4274 1160 4345 matrimonio
1176 4273 1213 4376 β
1230 4286 1322 4373 nupt.
1337 4276 1491 4373 exrrscr.
1506 4289 1575 4373 pet.
1597 4276 1826 4367 interpolavit,
1852 4284 1887 4351 ει
1903 4302 1979 4350 ver.

359 4380 455 4472 iungi
476 4375 668 4468 prohibuit,
694 4375 772 4446 telle
794 4369 969 4443 Ambrosio
988 4370 1045 4442 lib.
1060 4367 1158 4440 Vlll.
1185 4374 1228 4448 ba
1241 4369 1388 4461 saperius
1405 4400 1445 4448 ex
1462 4374 1503 4448 C.
1522 4371 1751 4448 Theodofiaoo
1772 4377 1912 4446 adducta
1926 4369 1980 4447 su.

359 4471 459 4570 epillr
478 4488 536 4549 66.
559 4495 591 4562 p'.
622 4498 697 4565 ¹7³·
760 4463 957 4663 Theodosar
978 4469 1024 4541 im
1049 4477 1161 4542 etatae
1186 4469 1286 4545 llulit.
1312 4455 1432 4543 l‘nulos
1457 4469 1523 4543 l.sr
1549 4493 1715 4561 nepotem.
1744 4496 1775 4552 ι.
1797 4469 1834 4543 ff.
1855 4474 1898 4545 de
1921 4474 1980 4548 rit.

348 4576 513 4663 inquit)
527 4571 628 4645 etiam
645 4569 836 4666 patrueles,
884 4579 992 4641 ratres
1086 4590 1161 4637 eou-
1186 4591 1282 4658 nupt.
1334 4565 1377 4642 Si
1395 4580 1542 4666 nepotem
1564 4594 1607 4642 rx
1619 4569 1701 4665 filio
1728 4563 1770 4640 ii
1789 4580 1916 4666 neptem
1934 4593 1982 4644 en·

352 4577 514 4772 hominos
527 4670 633 4744 uetuit
651 4671 738 4740 inter
757 4666 797 4764 se
816 4664 969 4762 conjugii
989 4666 1163 4739 conuenire
1187 4666 1298 4741 altera
1317 4667 1401 4765 filio
1423 4669 1458 4744 im
1475 4668 1631 4770 potestate
1654 4663 1818 4754 habeam,
1844 4671 1985 4764 nuptias

360 4772 515 4853 uomere,
541 4766 582 4844 {i
600 4763 836 4865 severifflmam
855 4784 1000 4942 paenam
1016 4764 1161 4866 statuit,
1190 4764 1277 4837 iuter
1297 4790 1351 4839 ear
1376 4767 1519 4962 mesola
1537 4763 1667 4840 auiiaee
1693 4764 1849 4839 tarttrabi
1870 4764 1983 4865 paffe,

351 4869 490 4985 fiunir
525 4878 682 4940 temerare
700 4865 797 4960 ausfur
827 4864 901 4961 rsit
923 4867 1079 4964 fratrum
1100 4863 1163 4958 pto
1190 4862 1398 4970 Paurpom'ur
1436 4865 1557 4949 cribit,
1584 4860 1625 4939 fis
1646 4888 1758 4939 uerum
1775 4869 1841 4965 ιβ.
1879 4873 1985 4945 Anta-

354 4989 529 5068 prgaora,
566 4961 606 5037 Ei
623 4976 735 5038 tamen·
750 4964 804 5037 illi
822 4965 962 5038 inuicem
974 4961 1160 5061 fihi'apua·
1189 4965 1284 5034 ninus
1301 4967 1480 5056 imperator
1497 4964 1517 5036 Ι.
1534 4961 1740 5038 Conditi'oni.
1761 4988 1794 5038 2.
1819 4961 1861 5037 C.
1879 4967 1921 5036 ele
1936 4965 1990 5037 in-
2098 4973 2101 4994 '

357 5065 506 5168 leniunt
525 5065 776 5158 unumpate,
797 5064 881 5165 quia
893 5062 1162 5167 propinquitatis
1188 5059 1347 5241 stirpium.
1366 5073 1401 5144 tr
1421 5061 1643 5170 substitution,
1689 5053 1770 5142 Nau
1788 5058 1899 5168 videri
1907 5070 1990 5256 fraqei

828 5205 830 5210 .
895 5181 900 5192 ·
1284 5183 1348 5259 Π
1830 5256 1832 5262 Ι
1981 5246 1987 5259 .
2095 5181 2108 5212 ,
