4884 5984
411 503 443 610 3
473 465 555 562 e‘s's
618 407 773 560 rocus
785 469 923 552 xxvi.
973 467 1132 550 crau.
1180 473 1326 551 urus.
1343 470 1391 551 u.
1450 471 1558 552 sur.
1581 470 1626 551 u.
1675 444 1788 601 rsus
1798 475 1829 553 1.
1882 478 2004 563 sacr.
2019 478 2049 558 r.

406 745 411 752 ,
486 671 574 764 plesse·
614 697 692 762 gra-
742 678 828 750 vine
854 672 987 773 legibus
1011 691 1084 747 tum
1108 669 1308 772 consangui-
1333 676 1402 756 nis,
1428 671 1482 747 sed
1497 677 1561 751 late
1583 686 1617 752 dt
1634 677 1670 750 io
1691 702 1815 769 genere
1832 681 1875 752 de
1891 680 2161 773 aqualrbmgrr·

361 819 368 828 ·
505 760 587 834 We
619 779 678 824 ’¹⁰⁸
744 763 898 863 assitam,
913 797 984 874 tum
1001 773 1212 873 adfinitatem
1230 798 1310 845 con·
1335 772 1465 848 dibus·
1499 783 1573 869 Jam
1593 801 1673 850 vero
1691 783 1782 850 Deus
1804 804 1865 867 per
1887 779 2003 852 Mosen
2022 804 2163 874 genera-

422 879 428 888 “
511 837 656 983 sffsi’m
749 872 960 948 cernentibus
996 876 1082 946 diua
1118 873 1205 962 sust,
1241 897 1313 962 que
1338 872 1414 946 liter
1430 874 1606 966 prohibet,
1626 878 1755 964 nequis
1773 882 1813 948 ad
1835 880 2039 968 propinquas
2055 878 2161 958 urstis

544 938 583 985 an
597 939 682 1064 Μ’,
751 971 978 1047 omniatribus
988 969 1317 1066 includipossuntre·
1342 968 1403 1045 suae
1418 978 1571 1056 accedat,
1594 973 1660 1048 five
1685 974 1954 1066 srntpropinquae
1978 979 2085 1050 carnis
2103 999 2164 1068 pet

499 1070 605 1166 galis:
657 1071 707 1162 r.)
731 1067 774 1145 In
795 1071 885 1145 linea
904 1072 991 1148 nella
1014 1072 1101 1146 inter
1122 1070 1320 1170 adscenden·
1343 1074 1511 1147 carnalem
1524 1076 1786 1172 generationem,
1809 1078 1843 1148 id
1859 1078 1924 1154 eli,
1944 1080 2073 1150 tatione
2087 1091 2165 1148 con·

501 1181 550 1244 tes
572 1166 612 1244 ss
628 1166 850 1266 descendentes
860 1169 1037 1270 prohibita
1045 1170 1129 1268 ssent
1142 1174 1319 1246 matrinia·
1343 1169 1585 1266 sanguinitatis,
1611 1172 1677 1246 five
1702 1200 1764 1265 per
1787 1174 1954 1249 carnalem
1979 1171 2166 1274 copulatio·
2215 1223 2217 1260 ,

501 1270 562 1346 nia
582 1269 617 1343 in
632 1269 801 1357 amnibus,
824 1283 981 1368 quotquot
994 1274 1165 1347 numerari
1175 1268 1321 1370 poffimt,
1343 1296 1431 1360 nem,
1457 1277 1572 1364 idest,
1594 1276 1722 1347 ratione
1735 1269 1928 1355 adfinitatis,
1954 1272 2019 1350 live
2032 1274 2096 1347 sint
2112 1294 2166 1356 ca·
2214 1277 2217 1318 l

500 1367 677 1466 gradibus.
712 1376 762 1461 ι.)
781 1370 824 1443 la
837 1370 926 1444 linea
943 1367 1131 1446 collaterali
1147 1371 1321 1469 prohibita
1343 1394 1383 1446 ro
1403 1370 1653 1469 caenissapra,
1675 1395 1713 1443 ut
1733 1395 1839 1447 mater
1860 1383 1894 1447 &
1910 1377 2002 1459 avia,
2024 1372 2091 1475 five
2113 1375 2165 1446 in·
2214 1323 2217 1452 l

495 1468 580 1567 sunt
591 1467 810 1542 nsatrr’monia
824 1471 859 1542 in
867 1469 979 1566 gradu
987 1473 1099 1567 primo
1109 1470 1241 1546 lineaeae
1285 1493 1322 1542 a·
1337 1470 1422 1567 fra,
1443 1470 1560 1546 utfilia
1576 1474 1750 1561 atneptis,
1776 1470 2040 1558 statuellam,
2067 1467 2166 1550 usso-
2211 1459 2217 1556 s

503 1564 1162 1667 sis&graduseenndolineaeinaqualis.
1181 1581 1234 1666 3.)
1270 1591 1322 1644 uae
1344 1597 1426 1658 ror,
1454 1575 1535 1644 item
1549 1573 1699 1662 patris&
1714 1574 1827 1643 matris
1842 1567 1945 1644 soror.
1995 1578 2165 1664 Ergonoa
2212 1565 2217 1644 -ξ

354 1731 362 1750 ,
461 1669 470 1684 ”
496 1666 686 1768 prohibitio
702 1668 794 1742 valet
816 1668 853 1742 in
871 1668 1181 1766 consanguinitate,
1208 1669 1320 1743 eadem
1344 1670 1414 1762 agit
1436 1673 1546 1744 llritie
1573 1681 1607 1745 δι
1631 1673 1666 1742 in
1688 1666 1796 1762 specie
1824 1673 1865 1743 de
1887 1673 1985 1744 certis
2004 1666 2166 1761 personis,
2211 1647 2217 1732 l

497 1768 599 1844 etiam
620 1767 728 1840 lasum
749 1767 876 1843 obtinet
900 1770 936 1843 in
956 1769 1145 1868 adfinitate.
1197 1767 1321 1843 Conse·
1346 1765 1399 1841 sed
1422 1767 1486 1841 late
1503 1780 1537 1842 δι
1555 1772 1588 1840 in
1602 1794 1724 1861 genere
1745 1772 1787 1841 de
1803 1767 1981 1858 equalibus
1997 1767 2165 1862 gradibus,
2212 1787 2217 1866 j

496 1892 600 1958 quens
622 1874 689 1955 Jam
711 1871 773 1949 est,
802 1889 840 1939 ut
856 1870 897 1942 de
915 1867 1181 1960 prohibitionum
1201 1865 1320 1939 harum
1346 1862 1665 1958 &perconsequens
1682 1863 2077 1956 specialisillaccstarum
2093 1891 2166 1958 per·

494 1966 668 2038 latitudine
681 1968 867 2052 videamus,
888 1993 926 2040 ea
939 1993 1019 2041 ueto
1033 1966 1175 2040 consistit
1189 1968 1225 2035 in
1238 1971 1320 2048 duq.
1345 1962 1495 2038 scenarum
1517 1969 1721 2038 enumeratio
1743 1969 1873 2039 nonest
1894 1974 1935 2039 ad
1958 1966 2029 2038 illas
2049 1969 2164 2056 dunta·
2215 1963 2217 2052 l

494 2063 556 2137 bus
569 2063 749 2154 capitibus:
777 2067 826 2161 t.)
844 2088 881 2136 ut
897 2070 1159 2147 demonstretur,
1183 2090 1237 2137 eas
1253 2088 1319 2138 non
1345 2085 1398 2135 xat
1419 2060 1573 2155 personas
1584 2066 1830 2155 restringenda,
1853 2061 1906 2137 sed
1920 2069 1959 2137 ad
1984 2091 2061 2147 eas,
2095 2089 2164 2154 que
2214 2063 2217 2144 i

497 2163 544 2237 ad
558 2161 718 2262 personas
732 2173 861 2238 tannem
877 2157 1021 2257 expresse
1044 2167 1245 2246 nominatas,
1256 2162 1321 2259 sed
1344 2165 1379 2235 in
1397 2161 1512 2253 aequali
1529 2167 1637 2253 gradu
1653 2167 1849 2253 propinque
1863 2159 1959 2242 sunt,
1984 2168 2164 2236 extenden·
2216 2157 2217 2168 ’

344 2257 368 2270 ’“
411 2338 413 2341 ,
496 2262 543 2336 ad
566 2262 696 2359 gradus
715 2267 902 2348 pertinere3
935 2267 990 2354 2.)
1005 2287 1073 2336 non
1096 2267 1137 2335 ad
1158 2262 1319 2362 populum
1344 2264 1395 2336 da.
1449 2257 1716 2354 2.)Arationis
1726 2264 1887 2358 paritate.
1911 2262 1982 2334 Ubi
1998 2287 2061 2352 par
2073 2264 2166 2346 ratio,
2213 2299 2217 2372 3

454 2429 457 2436 .
496 2361 670 2437 duntaxat
696 2352 917 2461 judaicum,
953 2361 1008 2434 sed
1041 2385 1151 2435 onmes
1181 2365 1319 2435 omnino
1344 2362 1390 2432 ibi
1409 2362 1497 2434 idem
1516 2371 1578 2449 jus.
1635 2364 1738 2449 Atqui
1759 2363 1805 2431 est
1824 2386 1886 2448 par
1908 2364 1993 2432 ratio
2014 2357 2167 2451 persona·
2213 2375 2218 2448 l

384 2475 398 2488 “
499 2459 822 2552 lsonsinesspetiare.
872 2462 1034 2548 Adprint'e
1054 2465 1144 2533 enim
1165 2461 1320 2533 hocloco
1344 2485 1440 2539 rum,
1472 2485 1543 2547 que
1568 2456 1695 2531 disertis
1721 2459 1831 2530 verbis
1858 2464 1891 2529 in
1920 2462 2071 2532 Levitico
2097 2457 2168 2532 sunt
2215 2463 2217 2518 l

385 2605 392 2612 -
498 2565 702 2644 notandum,
736 2584 803 2629 non
831 2579 958 2629 tantum
981 2560 1022 2629 ad
1044 2559 1115 2631 illas
1139 2555 1320 2655 persentias,
1345 2554 1521 2646 expresse,
1556 2570 1750 2637 decatum,
1780 2581 1852 2644 quae
1884 2562 2002 2629 codem
2034 2584 2074 2630 ac
2097 2560 2217 2648 parip

499 2684 638 2749 quarum
670 2661 758 2745 apud
786 2651 904 2727 Mosen
934 2655 1080 2745 expressa
1108 2655 1144 2728 fit
1172 2662 1320 2741 mentio,
1345 2661 1451 2748 gradu
1470 2652 1534 2727 sese
1547 2657 1689 2726 invicem
1705 2659 1913 2746 contingunt.
1957 2655 2061 2731 Uxor
2079 2659 2170 2739 euim

498 2757 759 2849 prohibitionem
771 2751 861 2826 illam
878 2751 1086 2828 referendam
1102 2765 1136 2830 dt
1152 2762 1323 2828 coartian-
1345 2753 1505 2826 avariculi
1516 2759 1654 2837 eodem,
1682 2750 1805 2825 scilicet
1823 2751 1964 2826 secundo
1986 2756 2083 2827 lineae
2100 2754 2183 2832 col·.

499 2860 578 2929 dam
593 2852 675 2939 esse,
701 2849 754 2925 sed
778 2855 819 2924 ad
838 2851 981 2940 reliquas
997 2851 1183 2943 personas,
1196 2880 1268 2942 quae
1285 2858 1321 2927 in
1345 2852 1486 2926 lateralis
1500 2850 1665 2941 inaequalis
1677 2855 1783 2943 gradu
1798 2854 1881 2924 milri
1895 2859 2006 2941 juncta
2019 2857 2083 2935 est,
2105 2878 2172 2945 quo

500 2979 593 3043 reque
616 2952 812 3043 propinquis
829 2949 994 3047 gradibus
1014 2957 1246 3042 reperiuntur,
1271 2958 1321 3027 di.
1345 2977 1436 3027 uxor
1445 2953 1564 3049 patrui
1572 3009 1581 3036 ,
1604 2969 1663 3023 nec
1677 2951 1781 3024 ullum
1798 2948 1852 3021 hie
1865 2948 1971 3025 subest
1981 2949 2178 3041 discrimen,

499 3049 663 3126 litandam
675 3072 771 3139 atque
782 3055 1021 3123 extendendam
1031 3049 1112 3140 esse,
1142 3056 1320 3142 quodcum
1345 3049 1403 3123 nist
1427 3054 1516 3139 quod
1539 3049 1687 3122 adfinitas
1710 3075 1787 3120 cum
1814 3073 1916 3122 uxore
1946 3050 2104 3138 avunculi
2129 3076 2172 3124 ex

499 3149 728 3237 squibosdam
745 3170 907 3238 negetur,
926 3144 1135 3238 sequentibus
1148 3147 1322 3221 confirma·
1344 3149 1432 3221 linea
1459 3151 1664 3240 cognationis
1693 3145 1874 3230 maternae,
1912 3147 2062 3250 adfinitas
2094 3171 2177 3223 cuns

500 3270 571 3321 tum
592 3252 707 3319 damus
722 3248 936 3336 argumentis.
993 3249 1045 3340 r.)
1065 3243 1106 3317 A
1119 3246 1321 3344 prohibitio·
1344 3272 1446 3319 uxore
1462 3250 1572 3334 patrui
1586 3273 1625 3318 ex
1642 3246 1728 3319 linea
1743 3250 1927 3337 agnationis
1944 3272 2091 3338 paterne
2112 3251 2175 3323 de·

410 3343 414 3352 ¹
498 3349 553 3421 nis
571 3345 801 3442 generalitate.
855 3348 942 3418 Ante
969 3342 1140 3434 specialem
1166 3346 1321 3435 persona·
1344 3341 1477 3417 scendit.
1530 3351 1575 3415 At
1592 3344 1679 3416 linea
1692 3368 1847 3434 paternae,
1872 3345 1923 3417 vel
1941 3369 2098 3419 materne
2116 3371 2177 3420 cu·

497 3472 573 3521 turn
595 3469 760 3518 certarum
776 3437 1066 3534 consanguinitate,
1084 3444 1136 3515 vel
1152 3442 1319 3518 adfinitate
1344 3446 1507 3534 guntionis
1523 3468 1588 3513 non
1604 3445 1707 3516 variat
1726 3440 2016 3536 consanguinitatis
2036 3448 2174 3538 gradus.

498 3550 687 3637 junllarum
719 3540 979 3632 prohibitionem
996 3607 1000 3614 .
1015 3544 1229 3630 praemittitur
1267 3542 1320 3614 lex
1345 3547 1434 3632 Ergo
1451 3545 1537 3612 idem
1553 3550 1604 3630 jus
1623 3541 1798 3631 utrobique
1814 3547 1905 3616 redte
1917 3546 2080 3618 statuitur.
2094 3551 2177 3618 Mo·

498 3642 687 3738 generalis:
741 3637 863 3711 Nullus
885 3637 933 3711 ad
962 3662 1092 3711 carnem
1120 3639 1323 3737 carnis-sue
1348 3635 1395 3710 ses
1413 3642 1446 3709 iu
1467 3636 1520 3711 sua
1540 3642 1787 3730 computatione
1806 3668 1869 3732 pro
1884 3642 2038 3731 exemplo
2057 3642 2178 3733 prohi·
2207 3691 2213 3708 ,

499 3742 653 3822 accedat;
681 3737 799 3827 quibus
812 3737 967 3808 verbisin
978 3765 1102 3828 genere
1114 3738 1323 3826 prohibetur,
1350 3737 1481 3808 bitionis
1499 3740 1632 3810 adducit
1652 3766 1800 3821 marem,
1829 3751 1862 3814 te
1885 3739 2040 3812 describit
2059 3739 2189 3822 smmi-¹

499 3865 542 3912 ne
564 3842 636 3926 quis
661 3842 759 3920 ducat
775 3836 1017 3931 propinquans,
1045 3862 1128 3925 ,φιτ
1149 3840 1239 3907 carui
1262 3832 1323 3908 suat
1349 3861 1431 3922 nas,
1461 3863 1479 3907 a
1503 3860 1642 3923 quarum
1681 3830 1838 3929 conjugio
1869 3837 2031 3911 abstinere
2058 3838 2172 3914 debet.
2206 3909 2212 3920 ,

500 3939 652 4026 proxime
677 3936 948 4022 adpropinquet,
977 3933 1032 4006 vel
1060 3958 1189 4007 cantem
1212 3936 1325 4008 carnis
1348 3935 1421 4021 pari
1442 3936 1545 4024 igitur
1567 3938 1693 4006 ratione
1720 3935 1797 4007 licet
1823 3961 1949 4025 ponere
1978 3935 2172 4026 soeminum,

328 4085 352 4136 -Ι
490 4033 584 4131 sua,
610 4035 724 4115 idest,
748 4056 819 4119 quae
845 4031 959 4116 velex
982 4056 1320 4125 meacarnepropa·
1349 4038 1383 4103 &
1402 4056 1550 4118 querere
1568 4031 1648 4107 κατ’
1666 4031 1878 4132 ἄναλογίαν,
1903 4061 2078 4124 aquosum
2092 4062 2174 4112 σοιν

338 4167 342 4176 ·
500 4134 656 4226 gata'est,
683 4128 736 4203 vel
753 4156 792 4202 ex
810 4138 902 4218 cujus
917 4156 1014 4204 carne
1033 4155 1098 4221 ego
1118 4153 1321 4222 propagatus
1345 4132 1438 4218 jugio
1459 4130 1514 4199 illa
1529 4129 1588 4200 fibi
1611 4130 1729 4204 debeat
1746 4155 1953 4221 temperare,
1978 4161 2059 4207 cum
2079 4159 2173 4210 utro·

385 4275 390 4285 ·
498 4230 591 4313 sum,
617 4228 760 4317 uclquae
783 4253 914 4300 mecum
929 4253 969 4301 ex
987 4234 1102 4300 eadem
1122 4253 1220 4301 carne
1240 4254 1319 4318 pro·
1345 4226 1559 4315 biquesstpar
1572 4231 1669 4309 ratio,
1684 4232 1914 4323 idemgradus,
1928 4236 2088 4321 idchus.
2101 4241 2172 4312 Re.
2215 4274 2217 4286 ·

498 4352 618 4424 pagata
641 4329 711 4400 est:
755 4326 819 4397 hoc
842 4328 912 4405 est,
933 4326 1157 4416 prohibentur
1176 4328 1321 4416 proximi
1346 4323 1424 4415 gula
1444 4327 1523 4410 juris
1544 4328 1590 4397 est
1611 4331 1755 4414 equitati
1780 4328 2170 4416 naturalicnnsentanee,
2215 4383 2217 4392 =

498 4423 954 4522 gradusconsanguinitatis,
978 4426 1070 4502 item,
1087 4448 1159 4509 quae
1180 4447 1323 4512 propter
1346 4445 1382 4491 ut
1407 4423 1444 4492 in
1466 4424 1545 4517 pari
1570 4428 1782 4519 cognationis
1805 4428 1916 4524 gradu
1939 4453 2004 4525 piar
2022 4433 2171 4531 idemque
2211 4433 2217 4500 l

499 4525 663 4599 carnalem
677 4523 945 4595 commixtionem
960 4547 1036 4592 cum
1057 4523 1216 4609 proximis
1241 4547 1319 4592 con·
1342 4521 1399 4612 jus
1406 4523 1594 4616 statuatur,
1621 4523 1729 4612 sicque
1747 4553 1817 4614 que
1841 4526 1988 4614 personat
2007 4532 2167 4605 interluit

499 4620 684 4713 sanguineis
700 4620 785 4692 satta
798 4622 844 4690 est
857 4623 962 4690 caruis
978 4644 1058 4690 meae
1072 4641 1163 4688 caro:
1186 4618 1250 4689 hoc
1263 4621 1321 4697 est,
1346 4616 1429 4707 legis
1449 4618 1570 4690 onsissae
1597 4616 1687 4709 sunt,
1719 4627 1867 4716 eae'legis
1891 4622 2050 4702 sententia
2071 4635 2167 4703 tacite

463 4721 719 4820 ⁸prohibentur
739 4720 883 4806 proximi
901 4723 1021 4808 gradus
1049 4715 1260 4812 adfinitatis,
1284 4739 1321 4787 ut
1345 4718 1583 4804 comprehendi
1604 4723 1843 4815 intelligantur.
1910 4728 1962 4819 aab
1988 4724 2029 4798 A
2060 4728 2163 4829 consa

498 4812 1027 4905 latiusostensumsuitsupetius.
1077 4816 1317 4904 Siccrgocon·
1341 4825 1458 4907 quase
1488 4815 1707 4911 absurditate.
1764 4826 1794 4893 Si
1829 4821 1983 4913 personas
2010 4851 2160 4917 tantum,
2213 4851 2217 4916 i

496 4921 676 5014 cludimug:
702 4917 905 5010 Quicunque
920 4908 1119 5002 generaliter
1139 4912 1318 4999 prohibet,
1342 4937 1481 4999 quarum
1497 4914 1647 5004 expressa
1662 4923 1699 4990 in
1722 4920 1797 5010 lege
1809 4919 1952 4993 Musaica
1969 4921 2007 4996 fit
2020 4932 2161 5009 mentio,
2195 4987 2202 5002 .

495 5044 538 5091 ne
554 5022 626 5107 quis
639 5019 771 5088 accedat
792 5018 833 5085 ad
852 5015 1052 5102 propinquas
1065 5013 1170 5081 carnis
1185 5008 1267 5098 suae,
1292 5016 1319 5088 is
1342 5036 1407 5082 non
1429 5038 1538 5085 autem
1555 5042 1645 5103 reque
1666 5021 1818 5092 distantes
1839 5025 1960 5111 gradus
1983 5027 2161 5112 prohibitio

430 5165 440 5184 ·
495 5144 563 5195 non
586 5119 655 5211 agit
672 5117 782 5189 uriae
796 5122 831 5188 a
851 5120 885 5184 in
901 5106 1007 5202 specie
1025 5114 1067 5184 de
1089 5113 1188 5184 certis
1205 5106 1319 5202 perso·
1341 5109 1397 5184 illa
1413 5134 1648 5200 concerneret,
1673 5122 1796 5209 nuptie
1817 5117 1927 5195 forent
1942 5124 2098 5201 concessae
2115 5130 2161 5198 in·
2193 5161 2218 5256 'i‘
