4884 5984
373 637 376 642 Ι
799 547 870 623 DE
899 549 1300 629 ’suoNsAttssvs
1487 493 1492 506 ·
1791 625 1800 632 .
1828 573 1898 652 147

348 750 388 812 tt.
401 734 442 812 u
457 759 529 837 cop.
542 740 649 816 Licet.
662 737 791 818 XXII.
810 748 917 845 quaefl.
931 769 960 823 1.
984 741 1039 818 sed
1065 748 1164 823 &olii
1180 752 1378 840 ingutione
1393 744 1717 824 confellioni'oddidii
1739 748 1894 843 theologi

348 847 534 946 juramento
550 844 638 912 deest
646 843 837 937 judicium,
863 849 939 931 quio
961 870 1037 917 con·
1064 873 1102 918 oc
1120 844 1354 936 jurisconsulti.
1372 851 1465 943 Quid
1476 854 1515 922 od
1524 856 1687 922 contritio
1695 873 1893 943 argumente

348 935 536 1008 iliisomilios
554 936 613 1010 sub
627 947 733 1027 petria
750 946 908 1031 potestate
923 946 1041 1014 consti-
1063 941 1331 1037 respondendum
1348 947 1405 1031 stt,
1427 973 1466 1019 ex
1478 950 1573 1020 distis
1592 946 1688 1022 focile
1706 948 1893 1041 colligitur.

348 1030 590 1122 squeconseosu
608 1061 785 1126 potentum
809 1066 877 1112 non
904 1043 950 1114 est
969 1039 1042 1128 ple·
1149 1055 1179 1134 ς.
1201 1047 1272 1117 Cl..
1311 1047 1478 1133 Reliquo.
1501 1071 1573 1133 quae
1593 1045 1634 1120 de
1830 1073 1836 1082 ·

353 1135 508 1245 inreger;
539 1140 629 1249 deest
650 1137 809 1237 suffitia,
843 1142 920 1226 quio
951 1141 1040 1225 quod
1058 1137 1186 1236 formo·
1206 1138 1247 1213 s!
1260 1142 1358 1215 modo
1364 1142 1633 1240 sponsaliorum,
1683 1092 1742 1235 lid>
1758 1091 1891 1235 {sm

353 1227 449 1312 filius,
464 1231 516 1304 vel
538 1231 627 1315 lilio,
651 1243 697 1306 eli
717 1239 872 1323 injustum
890 1247 925 1311 &
946 1234 1043 1308 illici·
1065 1246 1212 1329 itemque
1240 1244 1501 1316 distinctionibus
1537 1241 1634 1331 spon·
1683 1251 1892 1314 hostorium

348 1333 382 1412 „T
383 1330 466 1399 ertio
499 1331 591 1423 jutis
617 1332 743 1406 ciuilis.
808 1340 1041 1422 Juromentum
1065 1336 1219 1413 soliorum
1254 1365 1293 1411 ex
1324 1344 1467 1412 coortis
1494 1343 1634 1414 dicendo
1682 1329 1824 1412 “lsmmv
1845 1330 1892 1393 ml

350 1448 508 1511 mentem,
525 1429 578 1500 vel
592 1432 624 1500 in
641 1429 792 1504 fraudem
812 1432 895 1522 legis
918 1437 1041 1521 praelli·
1064 1440 1211 1516 restent,
1236 1439 1373 1510 minoris
1392 1435 1466 1511 suot
1483 1462 1634 1510 momen·
1681 1408 1859 1494 l'msmm'

348 1521 442 1612 :ipso
456 1537 530 1614 jure
552 1525 702 1609 nullum,
729 1528 753 1603 s.
772 1551 838 1603 uon
852 1528 989 1603 dubium
1005 1533 1044 1602 in
1065 1537 1113 1615 ti,
1144 1536 1220 1606 ideo
1246 1534 1366 1607 cursim
1393 1562 1432 1608 eo
1458 1532 1707 1626 persequemur.
1732 1539 1892 1620 meon·

357 1618 397 1698 de
414 1620 518 1719 legib.
543 1621 597 1697 sed
616 1625 698 1698 illud
719 1636 944 1715 juramentum
970 1627 1039 1715 filii,
1066 1629 1412 1723 trahuntttrsponsolio
1432 1632 1487 1706 vel
1507 1636 1594 1706 inter
1612 1632 1807 1731 praesmtes,
1836 1632 1891 1708 vel
2006 1685 2009 1690 -

348 1752 372 1798 ι
396 1726 442 1795 est
470 1747 585 1795 contro
610 1748 756 1798 mentem
783 1726 865 1819 legis
892 1729 1041 1806 divinae,
1064 1735 1154 1802 inter
1173 1729 1217 1803 ab
1234 1742 1322 1804 entes
1339 1757 1402 1820 per
1421 1736 1686 1820 internundum,
1703 1733 1758 1806 vel
1770 1734 1892 1822 episto-

352 1833 402 1898 δι»
415 1819 652 1911 provintialis,
685 1848 757 1912 quae
784 1828 819 1896 in
851 1828 942 1897 omni
967 1821 1040 1896 cusu
1065 1829 1141 1900 lom.
1155 1826 1180 1900 l.
1221 1825 1344 1925 'officii
1359 1827 1384 1901 i.
1400 1831 1436 1901 in
1447 1826 1674 1996 sponsalibus.
1684 1829 1727 1927 ff.
1744 1827 1892 1924 den-,soon-

348 1920 409 1992 inn
438 1941 615 2009 parentum
641 1924 790 2008 requirit.
859 1922 1041 1994 Annulloso
1057 1923 1203 2024 salibus.
1253 1933 1305 2000 Ut
1326 1932 1414 2000 enim
1430 1953 1447 1999 o
1462 1931 1491 1999 ia
1510 1931 1668 2020 negotio,
1692 1932 1736 2000 ito
1759 1952 1891 2016 quoque

348 2017 371 2092 'u
391 2027 616 2106 juramentum
635 2043 701 2090 nun
723 2018 822 2094 heber
845 2018 1042 2093 fundamen·
1064 2030 1254 2098 contradus
1285 2022 1522 2114 sponsaliorum
1554 2050 1616 2113 per
1644 2027 1893 2108 internuncium

348 2118 571 2314 §.litis
584 2115 1043 2314 sml‘lilmlllszssi
1065 2123 1653 2309 {ussilili‘sstiiilill‘l
1672 2118 1896 2311 slsis·
1944 2219 1948 2226 ·

409 2265 420 2294 s
466 2272 473 2289 ·
548 2268 558 2288 ·
620 2271 629 2290 ·
786 2273 797 2290 ι
899 2272 907 2288 ·
1032 2273 1040 2289 ·
1152 2269 1163 2303 s
1289 2301 1292 2308 ,
1581 2276 1590 2307 s
1829 2275 1831 2280 ·

348 2339 393 2388 ‚os
412 2311 486 2384 loco
508 2310 683 2387 consensus
700 2315 799 2402 plone
820 2315 950 2395 nullus,
967 2318 1045 2403 quio
1068 2313 1174 2390 sentes
1189 2315 1247 2390 libi
1268 2321 1439 2402 invicem,
1463 2316 1571 2390 sinon
1587 2322 1630 2390 de
1646 2315 1757 2399 socie.
1780 2339 1893 2390 romeu

347 2438 393 2485 im
417 2407 572 2483 consensu
591 2414 786 2488 destituitur.
839 2416 893 2505 2.)
916 2418 962 2484 Ex
979 2434 1044 2510 pa·
1068 2420 1109 2490 de
1128 2413 1418 2504 fumosorum,
1446 2427 1481 2490 δι
1497 2440 1570 2503 quae
1592 2441 1654 2506 per
1675 2439 1893 2512 proxenetom

350 2512 494 2586 ratione.
543 2512 576 2582 Si
592 2510 762 2583 enimnon
780 2506 1044 2601 suotrotospon-
1068 2537 1240 2607 aguntur,
1265 2512 1320 2587 vel
1339 2511 1490 2603 expresso
1511 2518 1705 2587 eorumdem
1737 2507 1893 2586 mandati

359 2607 520 2704 gradibus
541 2606 617 2697 lege
636 2611 747 2681 divina
764 2608 941 2700 prohibitis
964 2634 1046 2682 con-
1069 2634 1211 2704 ogentur
1223 2659 1235 2694 ,
1256 2610 1311 2686 vel
1334 2612 1375 2684 ob
1398 2608 1473 2700 ipsis
1493 2630 1563 2682 roto
1588 2608 1784 2684 habeantur.
1805 2617 1892 2684 Gen.

364 2704 490 2781 etiamst
528 2706 589 2780 stnt
619 2714 760 2793 insutu
799 2711 913 2797 ntique
945 2710 1044 2780 etism
1069 2707 1205 2782 XXIV.
1272 2685 1352 2805 vl.)
1379 2714 1471 2780 Inter
1497 2701 1672 2798 presentes
1692 2708 1893 2784 contnhun-

348 2811 378 2879 io
400 2826 514 2878 contro
530 2803 640 2897 legem
656 2810 700 2876 de
714 2803 913 2880 honorandis
926 2832 1045 2896 poren-
1070 2831 1128 2881 tor
1158 2801 1317 2897 sponsalis
1345 2805 1399 2879 iel
1434 2803 1546 2880 uerbis
1570 2830 1771 2897 exutosque
1795 2825 1894 2896 porte

348 2907 495 2978 ontrosia
512 2925 579 2973 non
597 2915 695 2975 erunt
714 2923 808 2984 roto,
834 2903 857 2997 li
874 2905 928 2976 vel
944 2906 1047 2976 moxi·
1071 2907 1309 2984 commutetis,
1333 2903 1388 2977 vel
1406 2930 1446 2976 ex
1464 2930 1528 2976 uno
1546 2907 1679 2991 quidem
1701 2928 1795 2995 porte
1817 2927 1893 2980 ver·

348 3024 484 3076 umento
504 2999 565 3072 lint
585 2997 724 3074 firmato.
775 3001 830 3094 3.)
850 3006 896 3073 Ex
908 3003 958 3077 rei
967 3025 1047 3099 pro·
1071 3003 1146 3083 bis,
1172 3027 1214 3076 ex
1229 3002 1331 3074 tltero
1347 3027 1428 3076 vero
1440 3003 1552 3102 figitis
1571 2999 1761 3076 consensum
1783 3003 1894 3090 expri-

348 3099 548 3175 conditiont.
604 3102 716 3171 Fidem
745 3102 947 3172 matrimonii
968 3104 1047 3174 dore
1069 3099 1259 3181 men'tibus,
1283 3120 1320 3171 ut
1349 3097 1373 3172 ss
1393 3103 1525 3190 parenti
1553 3096 1654 3172 filiom
1676 3096 1895 3194 despondenti

348 3203 401 3278 :in
421 3194 669 3287 potentialius,
689 3196 743 3268 vel
763 3196 862 3282 filia,
888 3197 1046 3289 sipotriae
1068 3194 1138 3289 ipso
1160 3192 1301 3287 praesens
1316 3195 1421 3279 odstt,
1443 3222 1511 3269 non
1526 3198 1755 3292 contradicit,
1781 3190 1835 3268 sed
1859 3199 1895 3266 in

348 3302 371 3370 ti
383 3296 492 3372 adhuc
510 3294 572 3368 fint
595 3291 742 3391 subjecti.
793 3299 898 3390 Quod
926 3293 1047 3388 stergo
1071 3296 1199 3388 lignum
1218 3291 1390 3368 consensus
1419 3299 1569 3367 demum
1593 3295 1765 3386 praebeot,
1788 3317 1897 3365 enuu·
1960 3295 1963 3302 '

348 3406 413 3471 t&
438 3391 551 3466 furore
572 3392 712 3482 juvenili
732 3394 796 3476 tole
811 3397 891 3482 quid
906 3397 1045 3485 promit·
1070 3394 1139 3466 lum
1154 3392 1563 3482 recipiet,Tob.Vll.15.
1580 3403 1647 3467 dcc.
1696 3396 1786 3483 Vll.)
1803 3393 1895 3465 Cou·
2015 3473 2017 3480 Ι

348 3494 488 3568 tomenti
515 3489 579 3563 fide
610 3487 745 3584 insuper
770 3493 980 3581 interpofito,
1006 3483 1248 3570 detrahuntur
1261 3486 1421 3582 sponsalis
1436 3490 1490 3564 vel
1512 3490 1612 3565 nudis
1626 3513 1668 3563 ac
1681 3488 1895 3592 stmplicibus

348 3589 417 3666 sunt
434 3588 610 3668 liberales,
640 3616 678 3661 oc
707 3595 846 3678 perinde
869 3594 902 3662 id
925 3591 1049 3664 hoben-
1070 3588 1204 3673 verbis,
1232 3589 1286 3663 vel
1306 3583 1449 3684 scriptis
1472 3585 1614 3686 insuper
1629 3587 1757 3670 tubulis
1779 3609 1821 3658 nc
1842 3589 1895 3660 in-

348 3717 380 3764 ts
404 3688 551 3784 sijuroto
566 3690 780 3776 promittant,
816 3686 846 3760 se
865 3689 970 3761 alieno
988 3690 1050 3760 bo-
1063 3688 1275 3788 strumentis,
1297 3686 1410 3760 arrhis
1429 3685 1697 3783 utrinquedotis
1720 3682 1762 3760 ss
1778 3683 1893 3756 convi-
1967 3697 1974 3706 ‘
2116 3699 2120 3707 ·

348 3814 371 3859 :o
387 3785 595 3875 surrepturos
611 3795 644 3859 δι
660 3786 756 3859 alteri
771 3793 958 3860 es'daturos
971 3783 1047 3867 elle,
1069 3789 1127 3860 vio
1137 3782 1347 3882 sponsalitio
1370 3785 1541 3887 instrum,
1563 3786 1622 3857 ubi
1645 3789 1826 3858 notandum
1849 3784 1896 3853 ci-

366 3882 441 3958 cosn
462 3909 569 3957 nemo
580 3886 701 3955 dixerit
721 3890 763 3957 od
785 3887 964 3973 juramenti
985 3884 1046 3955 ob·
1070 3908 1121 3956 tro
1135 3883 1246 3954 isthaec
1267 3885 1396 3964 omnio,
1422 3883 1548 3956 tibulos
1565 3903 1664 3974 puto,
1686 3883 1897 3961 otthonem·

348 3989 423 4066 ium
449 4009 505 4054 eos
525 3985 693 4073 adstringi.
761 3987 835 4057 Nec
858 3985 965 4073 potest
984 4005 1046 4072 per
1070 3984 1217 4066 virium,
1246 3989 1312 4054 &o
1335 3977 1491 4072 sponsalia
1509 3978 1676 4055 subsistere
1695 3977 1896 4072 poll'escum

348 4104 524 4158 ramentum
539 4078 686 4154 olibetis
700 4085 881 4168 prestitum
897 4079 972 4171 ipsts
988 4095 1047 4170 po'·
1072 4075 1177 4170 ipsum
1199 4075 1437 4168 sponsaliorum
1460 4076 1669 4152 substantium
1692 4103 1770 4152 non·
1789 4079 1897 4149 odtin·
2041 4130 2044 4137 .

348 4210 374 4254 ts
390 4205 545 4268 tanquam
559 4182 662 4249 tertiis
680 4178 783 4265 illud,
799 4183 888 4267 qnod
908 4188 981 4267 jure
998 4182 1046 4252 di·
1071 4199 1163 4269 gout.
1211 4176 1329 4248 Paulus
1349 4176 1372 4250 l.
1388 4179 1424 4250 in
1434 4174 1622 4276 sponsalib.
1640 4197 1672 4267 7.
1684 4175 1730 4273 ff.
1746 4171 1896 4270 desputo⁴

348 4299 369 4355 tc
395 4281 540 4351 humano
564 4276 638 4365 ipsis
662 4282 846 4364 competit,
879 4280 991 4348 invitis
1013 4286 1048 4350 e<
1064 4275 1135 4372 sul.
1185 4272 1230 4346 sn
1243 4272 1461 4371 sponsalibus
1488 4273 1577 4349 nihil
1603 4279 1756 4374 internis,
1784 4285 1895 4346 utrum

377 4379 510 4467 culpant
536 4378 647 4446 adimi.
681 4376 704 4447 l.
736 4403 765 4460 ς.
780 4374 826 4470 ff.
847 4377 886 4447 tle
904 4377 1046 4470 jurejnr.
1076 4375 1206 4473 testatio
1221 4373 1471 4470 interponatur,
1502 4396 1547 4448 an
1571 4373 1696 4472 aliquis
1735 4396 1785 4445 mr
1803 4367 1897 4466 sori·

348 4504 355 4547 t
379 4473 517 4570 assumi
539 4472 771 4569 consecutione.
820 4479 851 4546 Si
878 4473 941 4544 sale
964 4482 1052 4560 jurn-
1073 4483 1175 4570 ptum
1190 4471 1389 4569 spondenti
1414 4469 1831 4562 indesponsolioqurdim
1846 4469 1897 4540 di·

348 4573 469 4656 mellet
486 4572 651 4651 validum,
680 4573 805 4660 possent
823 4571 920 4642 liberi
936 4574 1050 4662 potri‘ae
1076 4594 1196 4643 cuntur
1211 4571 1395 4667 suplicia.
1424 4575 1557 4658 quondo
1588 4567 1709 4644 scilicet
1736 4572 1823 4642 nude
1856 4591 1897 4639 oe

348 4677 381 4747 tti
407 4672 467 4744 hoc
483 4675 608 4743 ratione
629 4667 692 4743 sese
711 4670 921 4749 subtrahere,
945 4680 980 4743 δι
1004 4671 1050 4742 le·
1069 4661 1267 4760 sinpliciter
1289 4672 1490 4759 promittunt
1512 4668 1570 4741 fibi
1586 4691 1701 4740 mutuo
1713 4662 1899 4756 sponsus-dr

348 4803 354 4845 t
376 4792 551 4860 parentum
573 4765 737 4846 consensu,
751 4773 881 4857 penitus
903 4766 1048 4839 eludere.
1063 4763 1186 4855 -sponso
1209 4772 1337 4856 nuptias
1360 4765 1509 4852 suturas,
1535 4766 1624 4838 nullo
1651 4764 1822 4855 scripturo,
1839 4763 1895 4837 vel
2013 4823 2016 4828 ,

362 4870 445 4941 lianc
461 4869 677 4958 sententiam,
702 4895 772 4953 quae
793 4869 899 4937 statuit
922 4862 1051 4954 sponso·
1075 4869 1136 4937 olio
1155 4863 1275 4936 solenni
1293 4865 1542 4937 confirmatione
1559 4866 1819 4954 interveniente,
1833 4886 1895 4934 nec

348 4995 474 5040 :rorum
497 4970 605 5054 jurata
625 4964 746 5055 obsone
769 4989 946 5053 parentum
972 4991 1050 5036 con·
1075 4962 1183 5047 ottho,
1207 4964 1258 5035 vel
1282 4965 1423 5055 pignore
1455 4966 1707 5034 intercedente:
1745 4964 1895 5051 quedam

348 5070 507 5140 :ontrario
531 5064 655 5136 dissolvi
689 5060 805 5151 polle,
839 5062 1051 5149 nntpleo‘iitut
1069 5063 1233 5162 firmam,
1268 5085 1339 5147 quae
1363 5062 1415 5133 vel
1430 5063 1639 5134 dexterarum
1659 5064 1896 5150 porresiiooe.

348 5165 512 5240 lutherus
535 5166 569 5235 in
587 5162 662 5236 libr.
684 5169 725 5236 de
749 5154 832 5234 cotis]
862 5163 1054 5244 matrimon.
1078 5163 1129 5234 vel
1158 5157 1306 5242 onttnlo,
1340 5160 1394 5231 vel
1422 5161 1500 5232 dote
1535 5156 1666 5238 tabellis¹
1684 5157 1899 5269 consignatis.

1125 5262 1204 5332 T2
1671 5295 1675 5301 ·
1815 5252 1903 5329 eliu·
