4884 5984
401 529 450 608 ot
794 511 944 584 iocos
970 511 1097 582 xxvi.
1149 505 1301 578 curvi·
1328 509 1370 576 x.
1419 483 1544 580 'secr
1576 511 1603 580 r.
1653 529 1662 542 =

394 705 591 790 Aebutiusius
608 707 705 792 dicit,
733 709 823 796 quod
849 701 1037 800 virginitas
1053 700 1103 798 fit
1117 703 1207 772 semi
1221 723 1255 772 cc
1276 696 1519 796 Rusuccuru,
1554 697 1715 776 Danielis
1748 697 1789 775 ΕΞ
1807 697 2040 798 sacerdotem?

393 811 493 912 plum
519 805 589 880 Dei
613 803 654 879 si
680 803 891 878 domicilium
911 797 1196 894 Spiritursiuiii.
1222 801 1258 872 in
1278 801 1403 896 populo
1422 799 1634 897 sinclitico,
1659 827 1739 898 quos
1755 825 1821 874 nou
1843 803 1908 898 nist
1926 799 1971 872 ob
1997 799 2037 870 i·2

399 911 505 998 Atqui
526 929 586 1004 per
598 905 704 1006 fidem
729 899 881 1002 Cluiflur
905 897 1041 972 satiem
1065 898 1101 968 iu
1125 920 1198 969 cor·
1222 911 1374 971 neuteso
1402 900 1498 973 coniu
1525 901 1558 973 io
1590 901 1774 996 oportuerit
1792 897 1898 996 socru
1919 921 1942 970 o
1967 907 2025 992 plu

396 1005 498 1082 dibus
524 1006 735 1080 credentium.
769 995 972 1089 Ephesiis.
1006 1021 1057 1086 ¹7·
1129 992 1198 1093 Qui
1224 997 1375 1094 ingredit
1409 1015 1454 1084 ς.)
1478 923 1537 1090 cie
1555 999 1775 1093 cour-nuptiis
1791 995 2024 1072 honorabilio-

400 1101 530 1204 Cleristi
540 1102 725 1200 serirronem
742 1097 883 1194 fierunt,
912 1095 960 1168 ud
981 1093 1074 1167 illum
1092 1091 1199 1166 Putet
1224 1120 1291 1169 rem
1313 1107 1451 1192 propter
1478 1093 1643 1198 Christum
1666 1124 1710 1170 ex
1734 1097 1867 1192 uirgine
1894 1105 2023 1168 nodum.

395 1203 534 1304 ecclesiis
567 1199 608 1275 &
636 1197 788 1299 Christos
809 1197 970 1274 ueniunt,
997 1215 1038 1265 oc
1058 1194 1200 1293 monsto·
1226 1199 1287 1268 Sed
1303 1189 1389 1265 hisce
1404 1192 1493 1266 sacili
1507 1200 1642 1286 negorio
1662 1199 1783 1267 iterum
1800 1197 1931 1284 opponi
1952 1189 2021 1284 pot-¹

397 1323 471 1378 rtem
503 1301 595 1396 opud
618 1297 726 1396 ipsum
740 1293 892 1390 sociiut.
912 1293 989 1386 Juh.
1012 1289 1114 1364 XlV.
1141 1315 1198 1382 ις.
1223 1293 1296 1363 est:
1351 1292 1405 1390 o.)
1435 1297 1639 1384 Coniugium
1670 1295 1737 1384 jam
1768 1297 1846 1388 inde
1871 1316 1891 1362 a
1917 1287 2020 1384 primu

397 1399 454 1474 Ab
476 1399 536 1470 hac
557 1397 794 1470 inhabitatione
809 1397 986 1486 coniuges,
1010 1387 1096 1477 sipii
1113 1387 1197 1476 sunt,
1224 1394 1339 1461 mundi
1364 1393 1501 1464 exordio
1529 1395 1736 1480 institutum,
1768 1401 1803 1464 dc
1829 1392 1966 1479 quidem
1986 1389 2022 1476 iu¹

392 1521 465 1572 non
490 1493 729 1581 excluduntur,
764 1497 873 1567 rCor.
890 1489 953 1561 Vl.
977 1515 986 1558 r
993 1510 1027 1576 9.
1053 1511 1115 1558 nee
1136 1509 1199 1574 per
1222 1486 1370 1575 paradiso
1383 1491 1418 1561 in
1439 1487 1509 1578 ipso
1528 1491 1776 1562 innocentie'rc
1793 1489 1949 1576 puritatis
1963 1489 2018 1558 stu·

394 1597 625 1688 virginitatem
641 1595 682 1666 od
701 1617 775 1668 enni
795 1591 931 1662 coeiibes
945 1581 1196 1676 provehuntur,
1222 1607 1279 1667 tui
1307 1585 1360 1680 b.)
1383 1591 1509 1676 primos
1528 1611 1683 1673 pnreuter
1704 1609 1779 1657 nure
1793 1579 2019 1674 transgressod'

394 1689 451 1767 sed
473 1718 534 1782 per
556 1716 668 1764 ocrem
688 1693 723 1764 in
741 1689 912 1764 Christum
932 1683 1044 1755 fidem.
1093 1682 1197 1752 Addit
1221 1708 1299 1755 nem
1321 1687 1478 1780 coniuges
1501 1681 1613 1766 fuisse;
1645 1685 1694 1778 r.)
1720 1681 1962 1772 separationem
1984 1683 2017 1754 iu

392 1789 714 1876 tenacissimum
733 1789 1067 1882 uirginitosmortem
1089 1774 1130 1850 si
1145 1779 1198 1850 in·
1220 1806 1296 1852 orca
1333 1807 1399 1853 non
1433 1779 1645 1855 introduxisse
1680 1783 1802 1852 vinculi
1837 1781 2018 1874 coniugulir

388 1887 529 1987 sernum
541 1888 714 1986 profliget.
766 1885 883 1957 isthic
903 1879 1010 1951 honor
1022 1873 1083 1947 ‘susi
1095 1876 1197 1984 ejsns·
1220 1875 1488 1963 dissolutionem
1519 1881 1551 1952 d.
1568 1903 1574 1956 t
1594 1879 1797 1967 patriarchas
1819 1889 1852 1952 dc
1870 1879 2015 1969 prophe·

394 1993 446 2060 lio
462 1991 642 2076 competit,
670 1987 728 2074 qui
743 1983 894 2056 torculur
910 1976 1060 2050 calcavit
1071 1973 1194 2070 solur',
1221 1996 1268 2045 tos
1285 1977 1469 2064 plurimos,
1504 1973 1685 2051 sacerdotes
1705 1975 1884 2065 plerosque
1905 2001 2014 2050 ornnes

394 2081 478 2158 Esai.
495 2091 615 2156 ixl-tt.
642 2109 674 2170 3.
709 2085 831 2168 inquo
855 2103 891 2151 ut
917 2101 975 2148 nec
992 2075 1200 2172 circumcifio-
1220 2071 1312 2146 fuisse
1324 2077 1530 2174 topiugntos,
1544 2071 1707 2148 suinmum
1721 2074 1925 2148 sacerdotem
1934 2100 2012 2165 quo·

394 2205 454 2254 nec
463 2183 678 2279 preputium,
690 2177 732 2252 sic
749 2203 812 2251 nec
831 2177 1022 2258 catenatur,
1041 2195 1103 2241 nec
1115 2192 1194 2240 con.
1217 2173 1296 2243 tidie
1313 2173 1513 2262 immolasse,
1541 2183 1577 2247 &
1599 2196 1709 2246 tamen
1725 2173 1849 2245 liberos
1864 2167 2013 2265 generes·

392 2281 526 2373 sugium
551 2279 675 2367 aliquid
695 2277 805 2356 velet,
829 2271 892 2370 seii
914 2293 1002 2344 acono
1026 2277 1190 2340 mensura.
1217 2269 1271 2375 se,
1297 2277 1347 2360 c.)
1364 2271 1532 2344 Chrisiuni
1548 2297 1661 2342 netum
1676 2269 1738 2344 esse
1752 2299 1792 2344 ex
1812 2274 1944 2362 uirgine
1957 2274 2010 2344 de·

392 2375 583 2451 GalanV'I.
607 2398 658 2461 ις.
714 2376 936 2456 Hieronymus
964 2369 1069 2448 dicit,
1104 2366 1193 2460 quod
1217 2365 1388 2454 sponsore,
1422 2379 1454 2444 dc
1477 2377 1605 2454 nuptiis
1626 2396 1693 2442 non
1716 2369 1820 2440 solum
1844 2365 2010 2458 presentie

392 2476 522 2568 nuptiae
541 2471 707 2568 impleant
720 2481 863 2554 terrum,
888 2467 1075 2562 virginitas
1087 2486 1191 2558 poro·
1215 2461 1289 2546 sua,
1313 2463 1365 2536 sed
1384 2477 1417 2539 tc
1440 2466 1623 2538 honorifico
1649 2473 1736 2539 dono
1760 2465 2008 2540 commendasse.

390 2569 514 2670 disum.
576 2574 622 2642 At
642 2571 755 2662 negari
781 2569 913 2654 nequit,
938 2569 1010 2652 pios
1031 2568 1189 2650 coniuges
1214 2569 1265 2653 7.)
1287 2567 1440 2654 Denique
1461 2571 1503 2637 de
1519 2569 1703 2638 immodicis
1720 2565 1896 2638 coelibntus
1916 2587 2009 2639 enco-

388 2679 458 2746 tion
479 2691 603 2744 terrem
632 2664 764 2744 solum,
790 2663 845 2734 sed
869 2666 968 2734 etium
992 2659 1114 2733 coelum
1135 2683 1187 2730 re·
1212 2662 1286 2731 miis
1304 2675 1337 2734 tte
1351 2661 1415 2732 hoc
1434 2672 1632 2749 notandum,
1650 2671 1737 2752 quod
1752 2689 1790 2734 ee
1805 2663 2009 2752 rennuentibus

388 2767 509 2860 plere,
542 2763 704 2837 liliberor
720 2757 940 2850 indisciplina
962 2769 995 2834 dc
1012 2758 1186 2828 institutio·
1209 2753 1421 2846 sequentibus
1443 2786 1508 2832 non
1529 2771 1617 2850 juxte
1641 2761 1718 2833 fidei
1742 2760 1931 2854 analogiam
1954 2785 2008 2834 α.

388 2893 433 2940 ne
462 2866 601 2938 Domini
629 2865 782 2946 educent.
806 2860 890 2948 Eph.
910 2855 973 2929 Vs.
990 2883 1024 2944 4.
1075 2851 1188 2926 Saluo
1212 2855 1340 2943 pofito,
1367 2854 1421 2928 sed
1449 2883 1563 2931 contre
1592 2862 1682 2931 illam
1713 2863 1843 2932 detorta
1871 2857 2003 2932 fuerint.

391 2966 458 3038 crit
474 2962 593 3036 urulier
612 2952 671 3037 tid
686 2959 746 3044 rit
765 2955 995 3052 reuco-potior,
1009 2954 1043 3052 st
1060 2951 1185 3046 mooli·
1210 2956 1263 3024 Sic
1281 2957 1500 3046 Augustinus,
1529 2955 1763 3031 Ambrosius&
1776 2959 1831 3028 elii
1846 2953 1923 3030 sono
1938 2953 2004 3032 sen.

388 3065 441 3139 rii
453 3060 589 3158 infide,
618 3053 686 3129 &e
707 3057 814 3142 inquit
831 3053 994 3142 apostolus
1016 3053 1130 3122 isim.
1140 3055 1182 3122 ΙΙ.
1209 3046 1243 3120 su
1260 3049 1443 3141 disputent,
1469 3080 1560 3140 cunr,
1587 3059 1644 3152 qui
1659 3053 1814 3136 culilrntu
1837 3055 1921 3131 πᾶν
1939 3057 2001 3130 uti·

389 3183 456 3254 η·
498 3163 530 3232 Si
548 3163 590 3230 de
610 3153 800 3246 virginitate
820 3150 886 3222 tole
911 3152 991 3237 quid
1024 3145 1183 3236 scriptum
1208 3159 1281 3233 tur,
1306 3163 1344 3222 ut
1363 3161 1452 3223 curet
1474 3176 1533 3230 ro.
1558 3151 1722 3248 quaefiuzt
1747 3151 1911 3240 Domini,
1935 3155 2001 3228 Μ’·

383 3261 547 3335 exstaret,
571 3255 643 3342 quis
661 3251 868 3342 gloriationis
887 3246 960 3316 linis
983 3245 1069 3316 foret
1088 3249 1107 3323 ‘3
1140 3251 1180 3316 E·
1199 3249 1281 3340 joru
1302 3251 1482 3342 aliqnando
1496 3251 1687 3326 lruhiturum
1706 3254 1740 3324 in
1755 3253 1834 3325 colu
1847 3259 1996 3350 premier,

384 3353 510 3429 cosmus
524 3359 558 3427 in
574 3349 694 3435 colloq.
715 3349 809 3434 proci
824 3357 857 3417 ἃ
879 3344 997 3432 puelle
1013 3344 1180 3414 huicHie·
1205 3343 1260 3417 scd
1285 3353 1405 3436 posteri
1433 3350 1553 3421 linceo
1577 3373 1764 3426 traxerunt.
1793 3359 1883 3438 quod
1911 3352 1997 3424 coeii.

381 3457 514 3536 ronpmi
536 3450 676 3521 dicterio
698 3445 779 3514 istut
802 3445 961 3530 opponit,
987 3463 1087 3511 terrum
1110 3443 1180 3514 vir·
1203 3441 1298 3514 batus
1312 3450 1345 3516 in
1363 3443 1393 3518 se
1409 3473 1445 3517 rc
1466 3445 1571 3536 perse
1594 3449 1632 3519 sit
1649 3452 1805 3520 merirum
1820 3453 1894 3521 uite
1909 3475 1999 3523 etet·

383 3553 521 3646 gieeur,
550 3548 583 3643 st
608 3543 737 3624 urebat,
771 3537 857 3635 poffi
882 3539 1006 3610 rrrrultctr
1029 3538 1179 3632 uirgines
1203 3567 1270 3620 ne,
1297 3570 1373 3616 cum
1397 3569 1504 3618 tumen
1525 3545 1643 3616 diserte
1665 3551 1762 3617 addet
1783 3552 1995 3638 Augustinus:

377 3671 519 3746 purete,
545 3642 686 3738 proinde
698 3641 732 3738 st
752 3637 938 3745 uirginitor
959 3639 1086 3732 placet,
1110 3661 1177 3708 non
1203 3636 1327 3711 Elium
1343 3645 1561 3736 uoruirgiues
1573 3647 1691 3738 gratio
1701 3643 1901 3739 solvi-sotii
1914 3647 1994 3746 estis.

376 3743 469 3842 posti
502 3743 674 3834 virgiuum
706 3739 842 3832 nuptias
866 3736 1072 3832 displicere,
1106 3757 1177 3831 quce
1203 3739 1291 3809 Cum
1310 3745 1530 3826 Hieronymus
1548 3748 1580 3813 in
1601 3743 1790 3830 epistolant
1810 3747 1995 3818 Paulemde

380 3844 445 3916 lioc
473 3837 601 3938 ipsum,
628 3837 717 3932 quod
741 3847 911 3930 tantopere
932 3834 1069 3928 ploret,
1103 3857 1175 3906 nem
1200 3835 1293 3906 obitu
1314 3839 1447 3909 Blesillae
1470 3837 1542 3909 filie
1561 3838 1705 3910 dixisset:
1742 3836 1893 3914 Semndo
1919 3865 1993 3924 nro·

370 3943 506 4038 sonore
522 3938 673 4012 tttidrmi.
723 3935 755 4004 Si
772 3931 1066 4023 absqueconiugio
1083 3931 1174 4020 esset,
1199 3935 1377 4007 dontruotio
1401 3935 1561 4031 impiissimi
1574 3941 1747 4032 propopsio
1763 3937 1802 4032 sc
1826 3927 1933 4020 leterii,
1957 3943 1990 4012 li·

367 4057 440 4115 'nec
468 4043 613 4127 virgines
637 4031 750 4104 essent.
790 4024 1011 4100 Damascenus
1033 4028 1091 4100 sib.
1117 4041 1172 4103 sv.
1199 4057 1252 4104 cer
1278 4039 1317 4104 dc
1339 4034 1511 4122 proposito
1540 4027 1806 4125 interpretetur,
1841 4049 1874 4111 dc
1899 4045 1991 4110 udsn

374 4139 465 4212 orth.
483 4135 536 4204 fit.
557 4157 628 4221 cop.
643 4135 748 4200 XXV.
770 4130 804 4197 in
825 4127 955 4198 laudern
974 4130 1173 4217 virginitatis
1197 4131 1457 4224 putosioruruodo,
1484 4158 1520 4202 nc
1546 4139 1586 4203 de
1610 4135 1799 4205 huiusmodi
1829 4136 1990 4222 hyperbo-

375 4232 578 4307 hecadsert:
609 4231 660 4320 r.)
686 4225 932 4318 Virginitatem
942 4224 1065 4319 abipso
1078 4251 1171 4298 muu·
1196 4229 1234 4297 lis
1255 4230 1321 4316 ipse
1340 4236 1450 4309 dicor,
1473 4232 1668 4302 rc'resoriruti
1685 4231 1831 4325 liumus,
1866 4231 1906 4307 sd
1925 4235 1988 4307 nst·
2047 4303 2049 4308 ,

373 4329 579 4408 trenortio
610 4323 806 4402 induciam,
830 4324 909 4416 quio
929 4349 973 4396 cx
993 4336 1083 4397 terro
1109 4327 1170 4396 nd·
1193 4328 1276 4420 quid
1306 4328 1607 4401 declamationibus
1644 4331 1805 4404 dedirunt.
1869 4335 1985 4404 Posteri
2047 4335 2049 4418 ζ

370 4433 436 4508 ltut
454 4429 587 4522 uirgine
597 4423 828 4518 sormuturstt
841 4423 957 4499 uorum
985 4431 1032 4504 a.)
1053 4447 1075 4492 o
1093 4425 1165 4517 pri-
1193 4447 1302 4496 tomen
1316 4431 1465 4497 camdem
1483 4432 1622 4517 gratiani
1642 4425 1833 4512 professioni
1854 4431 1985 4502 coelibr·
2047 4429 2049 4442 '

370 4533 438 4605 mir
457 4524 652 4626 potentibus
678 4545 776 4614 usqum
810 4521 857 4592 acl
884 4521 1165 4616 transgresionem
1192 4546 1242 4593 tus
1263 4527 1296 4593 in
1315 4526 1379 4594 vita
1404 4528 1579 4596 monastica
1597 4521 1860 4612 adscripserunt,
1887 4553 1980 4616 quium
2047 4561 2049 4568 ·

369 4627 429 4728 effi
449 4628 598 4699 cultomc
628 4625 679 4712 3.)
698 4631 843 4710 tempore
859 4619 984 4690 diluvii
997 4620 1165 4713 adprobo·
1189 4619 1346 4708 scripturn
1379 4619 1540 4713 baptismo
1575 4623 1702 4692 tribuit.
1770 4629 1809 4694 Et
1835 4628 1982 4712 qirtmris

367 4739 464 4810 tarn,
489 4719 621 4818 quondo
635 4719 712 4815 filii
727 4713 804 4788 Noe
821 4715 866 4787 ub
887 4715 1049 4789 uxoribus
1068 4732 1164 4790 eruut
1187 4719 1412 4796 reinhardus.
1447 4724 1502 4808 qui
1524 4733 1580 4810 snt
1606 4719 1816 4792 Chemnitius
1846 4728 1888 4793 dc
1913 4723 1979 4810 ipsu

357 4827 401 4926 se
446 4825 541 4900 rosi,-
576 4847 610 4914 4.
621 4859 632 4900 „-
652 4815 923 4911 purrtnrcsuruu
945 4819 1161 4910 quoruunlum
1188 4819 1347 4900 loquitur¹
1377 4816 1510 4911 aliquid
1534 4816 1617 4889 lucis
1638 4818 1756 4890 lubuit
1776 4821 1810 4889 iu
1834 4823 1977 4894 articulo

367 4849 574 5000 {filiorum
583 4913 775 5012 setuiiorum
797 4915 959 5007 exemplis
983 4916 1160 5010 confirmo·
1180 4915 1447 5011 justificationis,
1476 4917 1714 5007 mitigationem
1736 4917 1878 5003 ediquem
1895 4918 1977 4992 illine

360 5035 434 5102 tom
455 5017 512 5117 effe
528 5029 624 5112 atquc
646 5015 926 5096 commulatum,
951 5025 990 5084 ut
1006 5017 1158 5108 exerriplo
1184 5011 1346 5081 sententie
1366 5012 1542 5099 quesierit,
1568 5021 1699 5100 quando
1715 5019 1747 5084 in
1766 5016 1823 5086 lib.
1840 5024 1884 5089 de
1897 5041 1977 5102 pre·

360 5122 476 5212 Elio,
501 5114 650 5216 Elilicm
676 5115 779 5190 trium
791 5133 971 5212 puteorum
986 5112 1022 5186 iu
1031 5111 1158 5207 soma·
1182 5129 1270 5202 cept.
1298 5121 1332 5186 &
1356 5107 1494 5203 dispens
1516 5113 1649 5188 scribit:
1675 5109 1810 5190 Audire
1830 5115 1978 5192 vultis-e

346 5255 351 5262 ”
1905 5240 1977 5300 m}
