4884 5984
415 579 419 586 ,
546 503 618 586 ἰιι
820 491 969 564 cocus
995 491 1118 584 xxvi.
1145 485 1301 558 caruv.
1325 487 1502 559 neuun.
1522 485 1564 557 ιι.
1591 435 1699 557 aar.
1714 487 1757 556 ιι.
1782 481 1894 556 unas
1910 482 1955 553 ιι
1980 581 1984 588 .

551 687 749 785 Quondoi‘
774 689 815 758 cle
832 685 993 756 diuortiis.
1055 685 1159 764 „Aut
1178 681 1347 771 conjugati
1372 707 1433 773 9.·
1464 676 1661 777 Quicunque
1683 676 1850 772 dimiserit
1882 697 2023 749 uxorem
2046 671 2158 770 fitam,
2212 715 2213 728 ι

551 786 683 872 „ambo
713 781 787 855 sunt
813 783 1011 861 Christiani,
1049 803 1127 851 tune
1157 779 1179 850 n
1210 783 1347 848 mantus
1370 778 1434 876 nist
1456 779 1497 850 ob
1512 779 1797 872 fornicationem,
1827 772 1868 848 &
1887 775 1994 846 aliam
2017 773 2161 859 duxerit,

549 884 629 968 „vel
646 909 727 955 uuor
741 880 926 952 deficereta
943 879 1103 970 religione
1118 878 1291 948 christiano
1305 877 1346 946 ad
1371 876 1561 949 nuntientur.
1611 880 1642 949 Si
1665 873 1730 947 sola
1750 874 1924 947 fornicatio
1941 875 1995 945 ess
2019 871 2164 962 legitima

552 980 748 1069 „arbonam
770 979 823 1058 vel
846 977 942 1048 aliam
967 976 1208 1054 idololatriam,
1233 976 1347 1044 divar·
1365 978 1504 1046 'diuortii
1525 971 1638 1058 eausa,
1665 977 1777 1060 urique
1799 971 1844 1044 ob
1870 970 2102 1045 infidelitatem
2119 967 2165 1040 al·

552 1086 657 1164 „tium
674 1075 851 1148 secundum
870 1099 1009 1147 rationes
1030 1098 1095 1143 non
1113 1075 1346 1162 permittitur„
1369 1078 1525 1145 terutrius
1539 1076 1691 1161 conjugis
1707 1097 1772 1143 non
1788 1070 1888 1143 debet
1901 1069 1975 1140 fieri
1993 1067 2162 1156 separatio.

271 1154 278 1172 ⁶
368 1187 371 1192 ’
406 1199 409 1203 ’
497 1165 500 1170 ’
550 1181 583 1250 cl.
601 1204 630 1248 c.
650 1179 798 1270 Quanto.
819 1199 916 1261 quarn
936 1169 1126 1244 senteutiam
1147 1195 1186 1242 ex
1202 1179 1276 1255 jure
1294 1172 1345 1240 di·
1368 1178 1419 1265 4.)
1432 1178 1477 1244 Ex
1490 1168 1866 1283 aposiplicasententr'a:
1888 1171 1997 1241 1Cor.
2012 1171 2088 1238 Vll.
2108 1185 2159 1242 1‘2.
2207 1175 2209 1186 '

522 1277 630 1348 'rino
652 1286 685 1347 δι
709 1272 924 1345 ecclesiastico
945 1271 1087 1358 probare
1106 1265 1267 1357 satagunt.
1373 1291 1426 1352 13.
1478 1264 1607 1363 Siquis
1619 1270 1735 1363 frater
1758 1290 1896 1340 uxorem
1920 1263 2019 1337 babet
2039 1261 2160 1361 infide·
2195 1331 2198 1336 .

631 1382 664 1458 ς.
695 1373 882 1444 cccxci.
931 1371 1071 1439 Urimur
1112 1388 1223 1436 autent
1265 1363 1453 1458 con-'lem²
1484 1365 1525 1438 tr
1544 1367 1613 1440 bae
1635 1365 1798 1462 consentit
1819 1364 1974 1437 babitare
1993 1386 2067 1436 cum
2085 1361 2161 1447 illo,

533 1493 605 1544 ‘tra
629 1470 806 1541 canonistas
831 1463 915 1538 hisce
939 1464 1141 1553 potiffimum
1165 1487 1344 1553 argumen-
1366 1487 1432 1536 non
1458 1464 1613 1538 dimittat
1639 1467 1743 1539 ibam.
1811 1457 1865 1537 Et
1950 1482 2016 1557 qua
2042 1458 2168 1532 mulier

551 1573 604 1641 tis.
639 1562 1059 1655 1.)Adefetiumontlati
1084 1561 1206 1635 diuini.
1257 1562 1343 1652 Qua
1368 1558 1515 1653 [fidelis]
1544 1562 1643 1637 babet
1673 1566 1782 1639 uirum
1811 1563 1874 1659 infi
1897 1562 1995 1645 elem,
2047 1555 2089 1631 8
2110 1555 2168 1631 bic

549 1663 758 1738 matrimonia
776 1669 865 1760 Deus
878 1661 1076 1732 dissolvenda
1095 1657 1246 1747 nuspiam
1260 1683 1345 1745 prae·
1368 1657 1529 1757 consentit
1549 1661 1704 1736 babitare
1731 1662 1902 1746 tumissa,
1924 1682 1990 1732 non
2008 1657 2167 1730 dimittat
2204 1663 2209 1674 '

429 1811 432 1816 ,
550 1768 657 1853 cepit,
686 1789 722 1834 ea
737 1764 909 1850 postquam
922 1763 1089 1830 contraibo
1104 1753 1192 1840 sunt,
1216 1755 1345 1826 dill'olui
1369 1762 1489 1835 uirum,
1540 1769 1615 1834 Hoc
1635 1765 1761 1834 dimum
1781 1759 1916 1848 apostoli
1944 1762 2035 1830 retbe
2063 1777 2168 1846 urget

548 1862 773 1934 nordebert.
824 1863 886 1930 Sed
908 1859 984 1928 talia
1003 1852 1076 1927 sunt
1098 1855 1248 1927 fidelium
1267 1869 1344 1925 tum
1369 1863 1564 1931 Dominicus
1584 1886 1603 1933 a
1627 1866 1703 1933 Sota
1727 1884 1791 1947 pro
1810 1856 2028 1930 fundamento
2052 1851 2168 1940 postet

548 1957 734 2030 infidelibus
759 1959 925 2048 conjugia.
955 1953 1064 2048 Ergo.
1107 1949 1346 2047 a.)Adesrbiu
1369 1953 1569 2030 adsertionit.
1632 1961 1664 2029 si
1687 1961 1773 2029 enim
1797 1957 1968 2046 religionis
1992 1948 2168 2042 disperiret

545 2055 685 2168 probuti
700 2052 858 2150 exempli.
907 2057 989 2125 Non
1003 2057 1160 2143 leguntur
1177 2050 1254 2122 talla
1266 2075 1344 2122 cota
1369 2053 1446 2126 esset
1456 2057 1731 2143 impedimentum
1745 2055 1903 2126 dirimens
1913 2050 2168 2124 matrimonium

539 2157 638 2247 ‘Jugia
666 2159 699 2223 io
728 2175 793 2226 vet.
821 2151 873 2223 vel
896 2176 972 2223 nou.
999 2154 1068 2222 tell.
1095 2146 1265 2228 dissoluta,
1292 2145 1344 2223 secl
1369 2157 1551 2241 &quidem
1568 2161 1641 2238 jure
1663 2150 1982 2250 divinopapotlolns
2003 2172 2070 2221 nan
2086 2170 2171 2236 paa-

549 2258 660 2344 potius
692 2249 882 2321 firmitatem
918 2245 1005 2320 suam
1037 2243 1240 2326 obtinuisse,
1278 2270 1345 2334 quo
1369 2255 1516 2322 mitteret
1547 2249 1751 2324 Christianos
1792 2253 1828 2319 in
1861 2248 1918 2319 tali
1955 2247 2168 2333 eonjantbio-

550 2354 718 2440 pertinent
743 2347 939 2433 exemplare
971 2345 1167 2422 Bellarm'tuu
1191 2346 1342 2415 addussa.
1369 2375 1411 2421 ae
1438 2373 1642 2436 permanere.
1674 2344 1681 2354 ’
1714 2352 1841 2419 Fruslre
1865 2344 2083 2417 Bellarminuc
2106 2365 2168 2413 ex·

551 2449 715 2540 Quamvis
745 2468 825 2517 vero
847 2448 933 2515 idem
951 2443 1164 2515 Bellarminus
1184 2446 1218 2512 in
1243 2465 1342 2532 prop.
1368 2448 1469 2535 cipit,
1489 2445 1724 2542 impedimenta
1749 2445 1944 2518 dirinuntia
1965 2442 2027 2515 boc
2044 2437 2170 2514 babere

554 2551 612 2616 lV.
640 2542 725 2614 bisce
743 2542 902 2630 exemplis
927 2566 994 2612 uno
1013 2568 1053 2613 ex
1073 2563 1215 2628 quatuor
1238 2541 1344 2611 monia
1365 2546 1565 2642 proprium,
1597 2555 1636 2617 ut
1661 2544 1852 2631 dirimant,
1884 2546 1912 2639 fi
1940 2537 2015 2637 ipso
2038 2555 2171 2635 merce·

551 2642 816 2730 respondendum
841 2640 988 2724 censeat,
1012 2638 1078 2726 xvel
1098 2638 1146 2709 ad
1166 2661 1221 2709 eos
1235 2661 1345 2709 exem·
1368 2643 1470 2729 dant,
1498 2665 1564 2715 non
1590 2654 1699 2715 autem
1726 2643 1909 2725 dirimant,
1927 2643 1959 2734 st
1968 2638 2169 2736 sequantur.

547 2742 610 2837 pla
630 2737 689 2810 isla
716 2740 897 2834 pertinere,
928 2736 1046 2830 quibus
1065 2735 1155 2807 nulla
1177 2736 1249 2830 lege
1266 2759 1345 2830 par·
1375 2737 1488 2838 Quare
1507 2763 1578 2812 cum
1618 2742 1784 2841 aposlolus
1812 2739 1861 2813 ibi
1880 2749 1965 2834 agat
1984 2740 2023 2810 de
2048 2733 2114 2831 des
2127 2757 2172 2806 a·

552 2838 710 2921 titulari,
729 2834 912 2932 [cajolum
931 2836 1002 2930 lega
1023 2847 1153 2934 naturae
1163 2832 1344 2929 secundum
1368 2841 1470 2930 ritate
1503 2839 1611 2911 cultus
1651 2839 1813 2911 incidente
1849 2841 1917 2938 pofl
1960 2847 2056 2916 contr
2109 2835 2180 2906 um'

549 2935 670 3012 rettnm
685 2936 847 3006 rationem
866 2933 901 3005 in
919 2935 1018 3006 certis
1030 2931 1156 3030 castbur
1168 2931 1257 3005 talia
1273 2955 1345 3005 ma·
1369 2939 1596 3021 matrimonii,
1636 2940 1768 3034 quantia
1796 2937 1885 3008 alter
1906 2938 2085 3032 contingunt
2100 2931 2171 3026 so-

552 3035 713 3108 trirnaur'o
728 3031 1006 3126 ¹probibebnntur,
1019 3035 1131 3126 quales
1139 3028 1274 3121 suerint
1286 3029 1346 3102 Ia·
1369 3036 1436 3109 iius
1456 3041 1499 3136 est
1513 3033 1649 3133 fidelis,
1674 3039 1713 3109 id
1733 3060 1799 3109 non
1821 3034 2016 3107 trabentium
2035 3029 2097 3128 elie
2116 3028 2170 3103 ad

549 3132 635 3212 tob>
665 3128 808 3226 Iosepb,
844 3127 988 3224 Etlber:
1019 3129 1072 3200 vel
1101 3127 1149 3199 ad
1171 3149 1253 3209 ear,
1287 3132 1344 3224 qui
1366 3133 1593 3230 probandum,
1618 3157 1728 3208 earum
1751 3135 2001 3208 matrimonium
2023 3131 2083 3228 elle
2106 3149 2169 3201 ra-

548 3253 672 3304 uxorer
690 3231 819 3322 quietem
837 3229 995 3323 gentiles,
1011 3224 1074 3321 feri
1092 3247 1164 3320 quae
1183 3227 1343 3322 adfinem
1368 3247 1456 3319 tum,
1490 3257 1627 3329 quorum
1652 3234 1836 3306 alternate
1863 3229 2064 3304 contrabium
2083 3226 2170 3321 suit

548 3328 842 3412 convertebantur,
870 3328 1056 3402 iuuerunt,
1082 3324 1194 3421 quales
1209 3327 1344 3417 suerint
1359 3332 1486 3428 fidelis.
1538 3337 1708 3419 Negamus
1733 3337 1840 3415 euim,
1878 3329 2062 3419 apostolum
2089 3352 2167 3398 tan·

547 3424 690 3501 Saluum
707 3426 825 3497 duaceno
844 3422 962 3507 Raab,
993 3419 1033 3494 fii
1048 3419 1164 3493 Bootz
1179 3421 1341 3504 Rutbem‚·
1368 3453 1438 3501 tum
1461 3436 1504 3503 de
1535 3425 1723 3514 disparitate
1740 3429 1848 3501 cultus
1867 3431 1939 3514 post
1959 3424 2169 3498 matrimonii

528 3527 600 3601 -vel
631 3528 676 3596 nti
701 3548 784 3603 eor,
819 3524 876 3616 qui
910 3532 1021 3617 aperte
1048 3522 1343 3615 reprehenduntur,
1368 3535 1575 3601 contraitum
1603 3532 1769 3598 incidente
1796 3528 1903 3612 loqui,
1934 3549 2010 3596 eum
2033 3529 2070 3595 in
2092 3522 2168 3612 pri-

548 3627 635 3721 quoel
657 3639 773 3694 curura
797 3620 902 3714 legam
931 3645 1002 3691 cum
1028 3618 1211 3713 grntr'sibau
1231 3625 1343 3714 conju·
1368 3628 1428 3710 mis
1452 3627 1514 3695 illis
1531 3623 1671 3695 ecclesiae
1692 3651 1730 3695 ex
1747 3624 1926 3715 gentilibus
1946 3621 2095 3694 collesttr
2112 3622 2170 3688 in.

547 3723 609 3816 gia
625 3720 879 3803 celebraverint,
905 3719 1017 3811 qualis
1029 3716 1106 3810 suit
1124 3714 1286 3790 Salomon
1303 3717 1344 3792 8
1368 3723 1539 3793 cunabulis
1562 3726 1770 3792 matrimonia
1794 3725 1881 3794 inter
1905 3723 2048 3809 titpares
2068 3717 2167 3788 culta

553 3815 739 3916 Cbrisliani
767 3817 802 3887 in
830 3817 1008 3910 primitiva
1039 3816 1169 3915 eccsesta
1195 3817 1344 3890 ducentes
1368 3831 1401 3892 tt
1425 3820 1585 3910 religione
1614 3847 1653 3890 ex
1675 3824 1861 3910 ignorantia
1886 3820 1938 3891 uel
1966 3843 2080 3890 errore
2106 3810 2168 3884 sae·

540 3917 706 4010 saratinus
724 3915 884 4008 gentiles:
913 3915 966 3985 vel
988 3912 1117 3997 adeor,
1149 3917 1343 4009 quorigno-
1367 3921 1442 4003 pius
1476 3923 1643 3988 ceneroth
1684 3915 1776 3987 scrisse
1811 3922 1863 3987 vix
1900 3921 2016 4008 negari
2046 3907 2170 4018 possit.

545 4016 661 4090 nantia
683 4015 725 4098 θ’
746 4011 935 4085 introdusia
961 4008 1157 4104 consuetudo
1170 4011 1266 4105 farte
1283 4039 1343 4085 ex·
1367 4016 1495 4085 Etenim
1523 4015 1707 4110 satemnore
1733 4013 1919 4112 Augustini
1938 4007 2167 4109 frequeutrffi·

548 4111 706 4208 cusabat,
733 4112 843 4206 quasis
859 4110 937 4204 fuit
958 4109 1119 4186 Muniam
1145 4131 1261 4182 tamen
1280 4139 1341 4184 no·
1367 4135 1421 4182 ata
1442 4111 1584 4205 suerunt
1608 4114 1771 4207 rjrrsmotir'
1799 4112 1985 4197 connubia,
2019 4135 2055 4183 ut
2076 4109 2169 4199 ipse.-

538 4216 615 4285 slrae
638 4208 803 4283 sententie
825 4208 907 4279 illud
931 4204 1066 4290 sufficit,
1092 4210 1180 4295 quad
1199 4217 1349 4294 ejusmo·
1367 4234 1434 4279 met
1462 4212 1595 4282 testatur
1621 4211 1679 4283 lib.
1706 4216 1747 4283 tle
1780 4210 1845 4283 side
1873 4223 1905 4285 δι
1931 4211 2062 4301 operib.
2087 4230 2166 4296 cap,-

544 4315 578 4381 oi
605 4312 814 4381 matrimonia
837 4311 923 4376 inter
946 4305 1077 4376 fidelem
1110 4315 1143 4377 bt
1175 4306 1340 4376 infidelem
1366 4314 1456 4380 xlx
1499 4313 1611 4394 ecquis
1659 4309 1717 4380 sabi
1757 4314 1903 4398 patietur
1952 4302 2166 4398 persuaderi,

543 4432 742 4497 quocunque
778 4408 879 4475 modo
916 4410 1083 4474 controtba
1118 4427 1182 4472 non
1215 4401 1338 4474 fuerint
1366 4406 1558 4477 Corinthios
1595 4404 1637 4488 nb
1674 4407 1737 4477 illis
1767 4411 1899 4496 penitus
1939 4401 2164 4490 abstinuisse?

545 4504 716 4583 dissoluta,
743 4504 796 4573 scd
822 4497 875 4570 sua
896 4499 961 4570 illa
980 4503 1164 4572 constiterit
1183 4498 1338 4586 firmitas,
1364 4507 1417 4573 De
1450 4525 1589 4591 utroque
1634 4508 1737 4596 igitur
1768 4501 1841 4578 casu
1884 4509 1985 4598 uerba
2020 4499 2166 4591 apostoli

542 4605 725 4692 quamviea
746 4599 1016 4670 contrahentibus
1033 4620 1204 4685 peceatum
1228 4597 1338 4684 fuerit,
1364 4596 1436 4672 sunt
1465 4605 1670 4692 accipienda,
1699 4600 1764 4673 live
1787 4603 1893 4675 cultus
1917 4603 2088 4693 disparitas
2108 4595 2164 4672 su·

543 4702 586 4773 ab
607 4699 677 4769 aliis
697 4700 822 4787 magia,
847 4695 889 4765 ab
914 4695 984 4770 eliis
1008 4699 1124 4767 minus.
1179 4702 1231 4766 De
1251 4696 1339 4768 fat'ro
1364 4702 1536 4785 perveniat
1565 4704 1736 4773 contraibo
1762 4706 1993 4791 matrimonio,
2022 4699 2091 4774 siue
2119 4698 2166 4768 il·

541 4794 649 4869 titre
669 4799 798 4867 dicetur
824 4796 947 4882 postea.
988 4797 1043 4884 3.)
1065 4799 1110 4864 Ex
1138 4788 1263 4891 Christe·
1282 4820 1341 4867 ex·
1365 4794 1422 4866 lut
1452 4804 1625 4888 precedat.
1694 4800 1985 4896 Quemadmodum
2013 4800 2183 4889 perinde·

541 4894 679 4993 eleusina.
704 4892 825 4967 Matth.
852 4899 894 4965 V.
916 4915 970 4980 32.
1027 4887 1217 4986 Quicunque
1240 4892 1341 4965 dimi·
1364 4897 1427 4973 ell,
1472 4893 1537 4968 stve
1569 4891 1795 4968 christianismi
1819 4897 1977 4984 prosellie
2008 4895 2169 4986 sequatur

401 5017 406 5024 ’
534 4992 621 5090 serit
642 4988 914 5085 uxoremsunm,
939 5000 1076 5083 excepta
1094 4989 1340 5081 fornicationis
1363 4994 1570 5082 magistratus
1590 4990 1758 5073 offitium,
1787 4994 1851 5064 save
1869 4994 1951 5068 illud
1972 5003 2166 5088 precedet,

539 5090 661 5190 causor,
684 5091 779 5187 sarit
804 5112 877 5165 cam
902 5088 1069 5163 ruatbari.
1097 5088 1219 5165 Maub.
1245 5098 1335 5169 ΧΙΧ,
1362 5089 1540 5186 utrobique
1569 5095 1658 5168 euim
1689 5096 1898 5187 magistratus
1929 5091 2169 5280 οΗιιίοῶιξῑ.

565 5237 567 5241 ’
2130 5237 2176 5293 aa
