4884 5984
977 485 1042 560 nr
1090 483 1361 566 eorunm.
1429 457 1431 462 ’
1628 461 1633 468 ’
1940 491 1997 576 ’4,
2066 533 2069 556 ,

367 667 546 762 amihel
561 671 815 767 pontificiorum
836 675 941 752 eliam
956 675 1043 753 nesse
1058 677 1177 756 naim
1201 685 1296 759 nium
1318 682 1376 776 ipfi
1400 679 1495 760 fuisse
1516 675 1760 776 desponsrtam,
1783 675 1928 752 concidit
1949 697 2012 768 pet

363 769 557 847 damnabile
587 777 660 856 eil,
695 799 763 864 qua
788 778 1021 851 adcommodat
1049 783 1177 854 diuum
1204 785 1314 865 nitur,
1347 785 1508 873 quidquid
1527 785 1697 876 dignitatis
1717 779 1873 871 conjugio
1891 774 2005 850 eahae

368 868 606 958 apallolienm:
633 893 648 944 1
673 875 764 947 Tim.
785 881 827 949 V.
854 901 908 951 ιι.
929 874 1048 951 nabere
1064 878 1179 952 volen-
1204 879 1329 954 Christi
1344 907 1363 958 e
1378 877 1568 970 desponsata
1583 882 1713 973 virgine
1730 879 1902 951 nativitate
1920 899 2013 964 que·

355 963 552 1042 .lersrabml
567 967 836 1059 damnationem,
869 974 952 1069 qaia
965 976 1115 1074 primam
1128 979 1178 1078 fi·
1203 982 1301 1054 ritar.
1359 987 1417 1069 4.)
1439 985 1564 1070 Opere
1585 1002 1672 1060 nero¹
1689 977 1835 1068 pretium
1856 975 1922 1056 est.
1948 971 2011 1045 ab·

364 1063 445 1139 dem
465 1065 602 1140 irritam
615 1069 781 1162 fererant.
832 1073 973 1163 Atque
997 1079 1124 1164 patitur
1145 1073 1179 1150 se
1203 1071 1334 1151 servire
1362 1081 1527 1170 originem
1557 1078 1654 1166 hujus
1677 1076 1845 1166 opinionis
1865 1075 1907 1148 de
1925 1091 2010 1148 vota

367 1158 590 1251 desponderi,
615 1167 671 1240 illa
683 1171 758 1240 vult
773 1169 910 1244 nubere.
961 1175 1091 1263 Excipit
1104 1172 1179 1248 Bel·
1201 1178 1403 1268 virginitatit
1433 1177 1579 1248 aMaria
1611 1177 1757 1262 Deipara
1783 1168 1910 1245 emisso.
1961 1171 2010 1241 Ea

369 1257 546 1351 larminua,
561 1289 651 1350 eura,
666 1268 724 1360 qai
738 1269 835 1341 aoait
849 1270 1100 1352 continentiam,
1112 1295 1178 1344 non
1201 1297 1283 1346 raro
1296 1297 1336 1346 ex
1349 1277 1491 1363 quodam
1499 1270 1622 1370 pseudo
1634 1270 1774 1346 Evodio
1785 1264 2010 1360 aNirephore

366 1355 586 1532 llssllls‘
600 1363 1178 1564 :llilllzzssllltillzlllll
1200 1368 1656 1542 illiniens}
1673 1368 1843 1539 illl?
1864 1361 2010 1550 illl·

325 1498 354 1510 .-
567 1516 578 1547 ‚
1292 1495 1341 1554 2,
1487 1497 1506 1542 n
1592 1525 1602 1554 ,
1826 1513 1839 1546 a
1922 1517 1930 1535 ·
1991 1495 2008 1520 ‘

369 1558 449 1630 ooli
463 1581 629 1654 nunqnam
645 1562 810 1651 violandi,
827 1588 894 1638 nort
910 1590 1113 1664 repugnare,
1138 1577 1178 1642 at
1200 1568 1289 1638 nitus
1304 1570 1437 1659 ignoto,
1472 1497 1564 1642 &yex
1583 1492 1837 1664 prolivitngelio
1854 1556 1973 1635 larabi
1987 1584 2008 1635 a

368 1657 431 1754 qai
446 1667 495 1730 erl
510 1657 630 1744 anius,
664 1659 703 1757 se
723 1664 842 1739 tradat
863 1663 966 1740 alleri
986 1669 1023 1739 in
1043 1665 1176 1764 diverso
1200 1666 1303 1736 Lucio
1320 1661 1374 1737 seu
1389 1665 1537 1745 Seleucia
1559 1663 1719 1749 confido,
1749 1673 1784 1736 δι
1799 1659 1840 1734 ab
1856 1657 1926 1756 ipso
1939 1665 2008 1732 Ge·

363 1757 701 1852 generenaptiarnm.
753 1765 815 1835 Sed
832 1765 901 1836 hec
918 1769 965 1837 est
985 1791 1077 1839 mera
1090 1768 1177 1857 peti·
1199 1757 1278 1834 lalio
1302 1789 1331 1834 r.
1351 1767 1466 1836 Sanora
1482 1771 1633 1838 Romana
1649 1764 1721 1836 din.
1745 1781 1796 1848 ιδ·
1821 1756 1879 1831 sub
1898 1764 1949 1830 ῑῖῑ·
1966 1756 2008 1828 ῙῙ·

361 1855 614 1952 prominenti,
643 1863 731 1932 unde
751 1862 849 1934 etiam
872 1863 1049 1950 probator,
1079 1866 1172 1953 quod
1200 1857 1312 1932 bride
1331 1864 1431 1934 nativ.
1451 1859 1649 1945 salvatoris,
1686 1869 1721 1934 dt
1743 1861 1786 1931 de
1806 1853 1830 1934 s.
1850 1857 1959 1930 Maria
1972 1864 2010 1928 dc

357 1953 483 2024 Maria
496 1955 532 2024 in
552 1953 682 2027 diverso
699 1981 823 2051 genere
837 1962 1028 2049 nuptiarum
1043 1958 1170 2054 sejose
1196 1959 1239 2030 de
1247 1955 1610 2043 obstetrieeSulvatorin
1617 1961 1703 2030 inter
1710 1953 2010 2044 ¹l>0ffll³h⁸r²l³u⁴

369 2051 445 2140 pho
459 2053 649 2138 tradiderit,
666 2057 699 2126 id
712 2059 778 2138 eil,
790 2081 856 2130 non
869 2060 902 2128 in
914 2061 1175 2142 matrimonium,
1198 2058 1287 2126 dioto
1308 2059 1485 2148 dependet.
1502 2059 1626 2130 Exstat
1645 2053 1729 2128 illud
1745 2076 1826 2130 tom.
1843 2062 1869 2127 1.
1889 2051 2010 2126 ortho-

368 2143 427 2222 sed
449 2151 484 2220 in
503 2149 707 2240 eustadium?
739 2160 826 2226 unde
845 2155 1005 2243 probatur
1027 2153 1098 2246 ipso
1119 2161 1176 2229 de-
1199 2155 1407 2244 doxograph.
1422 2179 1454 2240 p.
1477 2181 1535 2237 7¹·
1557 2180 1595 2227 ac
1610 2153 1714 2226 multa
1737 2145 1883 2222 sabulosa
1903 2145 2011 2222 iacal.
2163 2185 2165 2190 ·

370 2239 586 2334 sponsationis
603 2271 755 2338 tempore
774 2255 919 2324 Mariam
940 2252 1084 2328 habuisse
1106 2279 1175 2327 cer·
1202 2270 1273 2331 cat,
1297 2257 1384 2342 quod
1407 2252 1559 2344 Joaehim
1578 2273 1675 2342 pater
1688 2252 1821 2334 Mariae,
1849 2247 1894 2322 ob
1917 2247 2012 2320 steri·

367 2345 549 2433 titudinem
567 2344 775 2420 infallibilem
791 2353 859 2424 noti
874 2377 1043 2440 nunquam
1058 2352 1180 2424 violan-
1204 2347 1330 2422 litatem
1353 2376 1371 2422 a
1391 2347 1554 2424 sacrificiis
1569 2347 1748 2424 offerendis
1771 2348 1913 2432 reiemaa
1930 2369 2012 2436 qua·

373 2443 439 2514 ait
464 2467 510 2527 an·
526 2441 563 2530 ln
576 2439 735 2537 scriptura
747 2453 788 2519 de
807 2471 875 2519 tota
891 2448 953 2522 hac
964 2475 1001 2522 re
1016 2450 1119 2522 altum
1135 2455 1180 2523 eil
1204 2449 1359 2538 draginta
1379 2449 1495 2522 diebus
1513 2474 1550 2521 rc
1563 2447 1716 2520 rombus
1727 2443 1945 2535 jejunaverit,
1970 2463 2011 2514 ae
2061 2485 2078 2498 ·-

371 2537 549 2614 silentium.
610 2547 731 2618 Vident
755 2544 935 2633 pontificii,
960 2545 1181 2638 desponsatio·
1205 2539 1352 2618 sobolem
1373 2573 1392 2620 a
1416 2551 1491 2620 Deo
1514 2548 1669 2637 petierit,
1693 2545 1786 2634 quod
1811 2547 1909 2615 Anna
1931 2541 2011 2635 Joa·
2064 2621 2066 2628 ,

371 2647 452 2710 nem
479 2633 652 2713 fortillime
674 2641 840 2715 adversari
866 2647 1016 2733 apiniani
1035 2651 1076 2718 de
1105 2669 1180 2736 per·
1205 2640 1307 2714 chimi
1324 2669 1407 2717 naor
1417 2647 1531 2717 audito
1548 2645 1591 2718 ab
1603 2643 1724 2736 angelo
1742 2645 1783 2715 de
1796 2637 1909 2713 sobole
1923 2665 2010 2712 nun·

371 2755 485 2826 petae
517 2739 715 2830 virginitatis
743 2765 849 2828 roto,
889 2745 966 2814 ideo
991 2747 1181 2834 excipiunt,
1205 2741 1258 2810 cio
1273 2747 1346 2816 Deo
1366 2741 1456 2815 illam
1477 2741 1655 2828 obtulerit,
1681 2742 1770 2832 quod
1794 2740 1905 2812 Maria
1919 2734 2010 2811 sexta

351 2833 541 2910 --rnditan
553 2834 658 2934 sniffl
677 2836 816 2936 Iasepsro
840 2841 876 2912 ia
891 2843 1090 2941 mflodiam,
1115 2863 1180 2914 non
1204 2840 1311 2911 (laum
1332 2839 1442 2913 mense
1460 2839 1630 2913 ambulare
1648 2840 1817 2930 potnerit,
1840 2837 1932 2928 quod
1947 2834 2010 2908 ob·

374 2941 489 3026 nalem
505 2934 541 3005 in
555 2940 807 3010 matrimonium
828 2938 1070 3036 desponsatam.
1121 2947 1174 3012 At.
1203 2933 1269 3006 lata
1295 2936 1397 3010 fuerit
1418 2934 1639 3011 sacerdotibus
1658 2940 1693 3008 in
1720 2935 1870 3027 templo,
1905 2937 2010 3024 inque

374 3033 436 3122 qni
468 3058 634 3126 repugnat
674 3035 741 3126 ipsa
760 3041 939 3110 verborum
967 3041 1181 3131 proprietas,
1202 3041 1274 3122 eJ’us
1295 3039 1400 3120 adytis
1416 3039 1515 3108 instar
1535 3034 1697 3108 columba
1713 3037 1852 3108 educata
1869 3055 2009 3125 accepe-

375 3151 498 3202 nutum
510 3135 599 3203 enim
613 3137 679 3219 est,
702 3137 782 3222 quid
800 3133 959 3228 significet
981 3130 1178 3230 none-inm,
1203 3135 1248 3202 rit
1261 3133 1373 3205 cibum
1382 3138 1423 3207 de
1431 3159 1530 3206 manu
1538 3133 1667 3226 angeli,
1683 3135 1773 3221 quod
1786 3133 2012 3206 duodecennis

374 3231 459 3316 quid
472 3231 697 3327 συνέρχεσθαι,
711 3231 892 3330 quid‘ynni,
908 3233 1088 3329 quiddnip,
1106 3259 1179 3321 que
1204 3227 1290 3303 faeta
1313 3224 1458 3322 Joseplro
1482 3258 1522 3304 ex
1543 3237 1699 3304 mandato
1722 3231 1833 3322 angeli
1848 3234 1883 3300 in
1904 3233 2011 3300 custo·

374 3325 491 3398 omnia
510 3343 576 3398 no'n
598 3333 800 3402 conveniunt
827 3333 930 3403 tutori
956 3357 994 3404 ac
1016 3330 1181 3420 pupilla,
1203 3331 1290 3401 diam
1299 3323 2011 3420 fuerittradita,congregatisenimomnibua

376 3417 438 3494 sed
456 3417 572 3510 sponso
585 3449 624 3495 ac
640 3421 781 3515 spansa,
799 3431 919 3501 marito
937 3439 973 3507 δι
993 3432 1103 3510 uxori3
1127 3454 1180 3500 re·
1204 3428 1310 3496 viduis
1319 3452 1358 3500 ea
1368 3421 1743 3518 virga,quamJosephur
1753 3426 1858 3496 tenuit
1868 3425 2012 3495 inmania

373 3518 664 3610 ruamthinonae
678 3523 795 3606 series,
829 3531 1039 3614 nequeenim
1056 3527 1181 3599 velan-
1204 3515 2013 3614 sur,columbaevolavit,&ineaput'Josephieoa·
2123 3547 2125 3554 ·

349 3691 352 3696 ,
376 3617 417 3688 te
429 3615 717 3706 desponsationem
729 3621 781 3694 vel
794 3627 829 3694 in
843 3621 1112 3714 desponsatione,
1125 3619 1181 3696 sed
1206 3620 1299 3704 sedit,
1315 3621 1763 3710 exquointellenumfuerit,
1775 3617 2013 3709 ipsumdirini-

378 3711 564 3806 iongep'ost
576 3715 1007 3810 delponsationem,quando
1019 3733 1086 3812 jam
1101 3727 1181 3792 dum
1205 3745 1258 3794 tus
1271 3720 1333 3793 esse
1350 3719 1445 3808 hujus
1459 3722 1596 3810 virginit
1610 3723 1778 3793 cuslodem
1788 3728 2013 3810 &patronam

377 3813 516 3884 inventa
537 3817 584 3887 est
598 3820 706 3888 Maria
727 3816 757 3894 ἐι
777 3818 884 3916 ‘yae-pl
906 3815 1014 3912 ἔχειν,
1045 3820 1183 3911 angelus
1206 3817 1371 3900 clerium,
1393 3823 1481 3906 quod
1497 3820 1605 3889 Maria
1621 3829 1656 3891 dr
1670 3813 1832 3909 Josephua
1846 3819 1939 3905 aquia
1957 3840 2013 3890 re-

375 3911 574 4003 eonjugium
588 3936 691 3986 mutat
706 3919 739 3984 in
758 3917 893 3988 tutelam
904 3944 941 3988 ar
953 3941 1184 4006 patronatum,
1207 3918 1413 4007 dargutionis
1424 3944 1441 3988 a
1452 3915 1620 4000 sacerdote
1634 3913 1757 3986 suerint
1773 3917 1896 4001 potati,
1917 3913 2011 4004 quod
2088 3983 2093 3990 ,

376 4029 421 4080 ae
442 4008 574 4098 copulat
593 4017 735 4084 Mariam
756 4011 900 4106 Josephu
923 4040 990 4088 non
1013 4016 1049 4088 in
1067 4013 1183 4109 sadus
1196 4017 1315 4102 ,Maria
1336 4039 1403 4084 non
1426 4015 1459 4084 in
1480 4011 1693 4097 Bethlehem,
1723 4010 1776 4083 sed
1801 4011 1836 4081 in
1856 4006 2013 4098 spelunca

366 4105 512 4206 sosmne
526 4112 688 4206 conjugii,
695 4109 760 4208 sed
777 4114 812 4183 in
827 4109 1184 4210 cansorlinrn'romma·
1206 4114 1348 4201 quadam
1364 4107 1481 4184 deserti
1495 4109 1600 4182 sliam
1614 4111 1707 4182 suum
1721 4110 1908 4200 pepererit,
1921 4108 2014 4196 quod

378 4204 437 4280 trit
460 4205 666 4294 habitaculi,
700 4231 736 4282 ut
759 4208 905 4300 loquitur
932 4211 1181 4298 chrysostomus
1207 4207 1371 4302 Josephus
1394 4209 1603 4282 obstetricem
1620 4235 1793 4298 quarens,
1817 4208 1937 4280 viderit
1951 4229 2014 4295 po·
2053 4299 2056 4306 Ι

377 4305 417 4378 d.
436 4303 460 4379 l.
474 4333 512 4380 ar
533 4307 725 4380 liomnibns
740 4313 903 4391 constitit,
924 4313 1066 4384 Mariam
1079 4316 1114 4382 in
1129 4333 1180 4382 tu·
1205 4309 1277 4379 lum
1295 4311 1448 4393 flantem,
1469 4313 1580 4380 adrem
1594 4304 1859 4398 obstupefactum
1875 4315 1909 4380 δι
1923 4304 2014 4378 vola·
2103 4381 2105 4386 ,

378 4399 482 4476 telam
505 4428 633 4478 tantum
655 4418 688 4480 dr
712 4409 909 4490 custodiam,
935 4437 1004 4482 non
1022 4433 1134 4484 autear
1150 4413 1184 4482 in
1208 4405 1278 4478 tilia
1293 4409 1327 4477 in
1341 4409 1451 4477 medio
1469 4400 1564 4476 cursu
1580 4403 1749 4488 cessantia,
1767 4431 1827 4477 ora
1840 4403 2012 4476 hircorum¹

377 4505 629 4576 matrimonium
647 4502 740 4578 fuisse
763 4502 908 4596 josepho
923 4511 1096 4598 traditam,
1123 4533 1183 4579 nn.
1207 4507 1414 4576 imminentia
1438 4507 1572 4592 quidem
1594 4527 1705 4592 aquae,
1738 4499 1790 4573 sed
1811 4526 1877 4572 non
1894 4524 2014 4592 potan·

378 4600 426 4673 de
441 4597 550 4692 quasa
564 4601 713 4691 facium,
748 4626 786 4675 ut
809 4605 960 4678 christus
976 4607 1183 4704 exislimataa
1208 4605 1252 4673 tia
1268 4613 1332 4676 dre.
1349 4604 1438 4691 quud
1457 4601 1559 4674 nubes
1572 4598 1680 4673 lucida
1691 4599 1880 4690 speluncam
1892 4598 2015 4674 obant-
2111 4623 2113 4630 ·

372 4695 597 4801 saerilfilias
607 4699 759 4799 Iosepn?
770 4702 913 4778 Lucili.
924 4709 1119 4787 23.Omnea
1135 4706 1183 4792 pii
1207 4699 1375 4788 brarerit,
1401 4703 1489 4789 quod
1506 4698 1633 4772 Salome
1649 4701 1790 4772 Mariam
1806 4702 2015 4774 contreQant

383 4795 665 4892 veterer'dieunt,
681 4803 715 4872 in
734 4799 897 4874 honorem
919 4803 1066 4895 conjugii
1081 4802 1184 4876 Chri.
1205 4825 1342 4874 tarnum
1368 4801 1449 4889 igne
1471 4801 1587 4872 ardere
1614 4795 1772 4884 senserit,
1804 4821 1881 4871 mox
1901 4819 2015 4869 autera

383 4897 470 4970 sium
494 4923 535 4972 ex
559 4895 749 4989 desponsata
775 4898 860 4972 nol'ci
885 4898 1046 4988 noluisse,
1069 4898 1182 4974 -sedsr
1207 4921 1315 4989 puero
1337 4901 1543 4970 eontrediato
1565 4893 1666 4968 suerit
1681 4892 1809 4978 sanata,
1838 4899 1927 4982 quod
1945 4894 2015 4968 ΕΒ·

380 4991 566 5086 figamus,
591 5001 733 5070 Mariam
747 5023 874 5073 tantum
893 5002 926 5072 in
940 4999 1078 5073 tutelam
1092 4997 1186 5072 fuisse
1207 4993 1321 5069 sabeth
1341 5021 1417 5068 rum
1441 4994 1593 5088 Johanne
1609 4995 1645 5066 in
1667 5016 1819 5067 montem
1841 4991 1942 5068 suerit
1962 5017 2015 5066 re·

331 5177 334 5182 .
383 5089 531 5186 J⁰s²l>ho
553 5100 729 5179 traditam,
750 5124 818 5176 nan
836 5122 948 5176 autem
961 5103 997 5172 in
1013 5101 1185 5176 matrimo-
1208 5117 1319 5186 repra,
1327 5105 1392 5171 &a
1401 5093 1591 5192 ¹heromnia
1606 5094 1776 5186 quomodo
1793 5115 1869 5166 rum
1878 5090 2019 5166 authen·

437 5185 530 5264 Tam.
555 5189 668 5270 XVI.
1173 5247 1176 5252 -
1259 5195 1293 5268 G
1439 5253 1447 5268 .
1950 5190 2015 5264 tiea
