4884 5984
456 524 459 528 ,
588 451 651 525 ut
704 448 931 526 cunnum
977 443 1239 524 ruomums
1262 444 1345 525 ,ΙΝ-
1394 438 1511 538 m!
1561 447 1744 562 mvmu.
1922 462 1997 540 ιη
2056 517 2058 526 ,
2161 451 2166 458 “

406 569 431 606 Ι

351 646 394 721 td
409 637 568 720 notatim
592 654 627 719 de
642 644 792 736 tegulam
813 641 926 736 legum
948 639 1158 717 conforman-
1181 639 1286 715 itlius
1338 643 1392 733 a.)
1408 648 1445 713 tn
1465 638 1581 732 Jacobi
1601 639 1760 731 exemplo
1782 635 1885 713 molta
1903 661 1987 712 coo·

352 748 406 817 da.
462 744 625 829 3.)Deua
645 740 715 831 ipse
741 766 781 813 eo
802 740 868 813 fine
887 742 998 831 legem
1019 750 1061 814 de
1078 759 1157 829 pro·
1182 761 1325 811 currunt
1344 738 1504 827 specialia.
1525 811 1529 818 ,
1555 739 1681 812 Rachel
1696 762 1768 810 crat
1788 736 1913 827 Jacobo
1932 736 1983 808 le-

353 838 469 912 bibitia
480 837 638 929 gradibus
660 833 794 909 solemni
817 841 1015 928 repetitione
1036 834 1155 912 stabili·
1180 838 1300 925 gitime
1325 834 1535 924 desponsata,
1573 836 1748 923 copulata,
1778 837 1814 904 in
1843 839 1982 905 domum

350 960 390 1008 re
410 932 539 1016 voluit,
570 936 646 1022 quit
668 934 721 1007 lex
749 954 871 1006 natutte
901 957 962 1024 per
984 956 1157 1023 peccatum
1180 937 1321 1006 detuua
1339 944 1404 1007 dcc.
1436 957 1474 1003 ac
1500 934 1641 1021 proinde
1667 954 1780 1003 eoram
1813 933 1888 1003 Deo
1910 948 1982 1003 erat

348 1052 421 1105 emt
450 1036 696 1119 quodammodo
722 1034 756 1102 in
794 1033 953 1105 cordibus
982 1030 1155 1102 hominum
1180 1030 1280 1118 ipfittr
1295 1038 1434 1116 conjux,
1461 1028 1571 1101 laban
1587 1050 1754 1101 veterator
1771 1051 1833 1115 pto
1849 1026 1980 1100 ttacha-
2011 1115 2013 1121 Ι

349 1124 535 1211 obscurata.
583 1128 740 1216 Exempla
756 1131 858 1218 igitur
877 1128 934 1201 illa
957 1126 1042 1219 legis
1061 1149 1156 1198 natu·
1180 1125 1212 1198 le
1225 1128 1283 1197 diu
1295 1122 1439 1216 expetita
1455 1116 1628 1213 &sperata
1648 1123 1853 1214 supponebat
1866 1129 1980 1210 tum,

348 1223 426 1296 ralis
452 1221 910 1315 obscurationemarguunt,
947 1250 1013 1296 non
1044 1246 1154 1297 autem
1179 1228 1416 1296 nodumatum
1437 1222 1648 1295 tenebratum
1674 1244 1746 1294 cem
1768 1225 1809 1299 ad
1834 1246 1906 1293 rent
1929 1244 1980 1294 te-

348 1319 410 1410 ipfi
427 1318 498 1411 legi
517 1325 696 1409 quidquam
712 1324 937 1409 praejudicent.
987 1327 1038 1416 4.)
1055 1322 1156 1396 Chri·
1178 1341 1341 1412 gumento
1367 1317 1459 1400 usur,
1493 1345 1593 1408 qumn
1621 1324 1719 1392 etiam
1746 1343 1810 1407 pto
1831 1315 1981 1391 Rachele

348 1419 414 1489 iens
434 1414 506 1506 ipse
532 1417 642 1489 verbis
664 1428 698 1492 δι
724 1418 818 1489 fadlia
844 1420 975 1505 docuit,
1009 1414 1155 1508 disputa·-
1177 1416 1321 1507 Jatobut
1340 1420 1510 1508 cognorit.
1558 1420 1647 1491 Cum
1668 1440 1750 1507 ergo
1773 1414 1979 1489 necR‘aehe·

348 1517 458 1588 dones
482 1515 736 1587 matrimoniales
758 1520 800 1586 ad
818 1518 962 1604 primam
981 1517 1155 1586 institutio·
1180 1515 1246 1588 lem
1263 1518 1447 1601 adantum
1463 1513 1588 1602 sibique
1604 1508 1829 1604 desponsatam
1847 1511 1981 1585 obtine·

348 1636 426 1683 nem
450 1634 606 1700 tanquam
632 1617 673 1684 ad
703 1637 851 1706 norman
867 1608 930 1683 etse
953 1614 1154 1684 reducendos
1178 1624 1216 1683 t'e
1235 1608 1443 1690 solam,vnec
1464 1616 1566 1683 Leam
1587 1636 1649 1701 pec
1670 1611 1890 1702 ignorantiam
1909 1634 1927 1681 a
1945 1604 1979 1681 se

348 1703 474 1780 maula
491 1715 584 1782 xix.
606 1723 640 1794 8.
694 1716 740 1796 5.)
757 1708 946 1799 Polygamia
974 1712 1073 1781 etiam
1095 1734 1154 1795 pa·
1175 1710 1346 1800 cognitam
1375 1707 1511 1781 honeste
1538 1710 1705 1781 dimittere
1736 1704 1861 1797 posset,
1900 1707 1980 1779 inde

348 1803 543 1878 tributrfuit
568 1804 699 1885 usitata,
737 1830 835 1893 quam
856 1827 966 1876 tamen
988 1807 1154 1894 cumpri-
1178 1827 1358 1903 utramque
1378 1808 1413 1876 in
1437 1804 1535 1878 thoro
1560 1803 1728 1897 conjugali
1752 1806 1909 1884 retinuit,
1940 1812 1979 1876 dc

348 1926 456 1974 meva
470 1906 617 1994 conjugii
639 1905 842 1973 institutione
858 1911 893 1976 δι
912 1926 987 1973 cum
1005 1902 1081 1993 lege
1095 1928 1153 1974 na-
1176 1905 1309 1990 utrique
1346 1904 1523 1974 accedente
1560 1905 1672 1975 divina
1719 1903 1978 1979 benedictione.

348 2021 433 2073 turae
450 2023 601 2094 pugnare
615 1999 713 2071 multi
727 2002 889 2085 statuunt,
916 2002 1035 2086 quade
1048 2024 1084 2071 re
1100 1995 1153 2070 su·
1175 2023 1276 2086 quam
1299 2024 1376 2070 cum
1399 1996 1612 2092 promillione
1641 2006 1727 2071 Gen.
1742 2004 1899 2070 xxvttt.
1921 2021 1979 2094 14.

348 2096 473 2189 perine
521 2101 574 2185 6.)
587 2102 697 2169 Patres
722 2122 761 2166 et
786 2097 871 2167 uitio
893 2106 1095 2191 temporum,
1118 2097 1151 2165 in
1174 2102 1300 2184 XXIX.
1314 2115 1370 2184 3¹·
1385 2119 1573 2186 congruere
1590 2094 1832 2176 arbitrabatur,
1855 2092 1979 2182 absque

348 2189 470 2284 quibus
490 2195 662 2272 vixerunt,
689 2202 725 2267 &
742 2217 782 2263 ex
802 2190 1151 2286 consuetudinegenti·
1175 2188 1379 2264 conscientiae
1403 2191 1542 2265 vulnere
1566 2192 1779 2266 cohabitavit.
1817 2192 1975 2281 Augusti

348 2292 453 2370 lium,
477 2315 554 2364 cunt
579 2289 698 2378 quibus
719 2290 901 2362 convertiti
930 2287 1021 2370 sunt,
1055 2286 1150 2378 quos·
1173 2311 1235 2360 nus
1255 2286 1313 2360 lib.
1330 2294 1420 2360 xvi.
1443 2293 1486 2360 de
1508 2291 1573 2362 cit.
1594 2292 1876 2361 Deic.xxv111.
1899 2284 1976 2362 Vn·

349 2392 432 2468 dant,
448 2409 559 2474 nepos
577 2408 830 2466 contraxerunt,
855 2389 911 2476 qui
935 2412 1002 2467 non
1019 2382 1091 2458 sunt
1108 2390 1149 2457 ad
1172 2384 1211 2456 dt
1235 2382 1288 2455 itti
1308 2384 1481 2484 [Jacobo]
1506 2384 1668 2457 acciderit
1689 2396 1831 2480 quatuor
1844 2381 1975 2482 *habete

350 2487 571 2558 imitationem
590 2484 766 2561 trahendi,
791 2487 867 2555 inde
891 2482 1053 2572 apostolus
1073 2487 1148 2555 au.
1166 2480 1346 2573 feminas,
1372 2480 1411 2552 de
1430 2482 1549 2579 quibas
1577 2507 1629 2555 ιι.
1639 2484 1740 2579 filios
1760 2479 1801 2555 si
1816 2504 1917 2555 unum
1925 2480 1974 2579 fi·

352 2588 444 2656 xttt.
470 2597 524 2667 18.
558 2584 601 2653 de
631 2578 864 2672 indulgentia,
901 2580 1083 2653 tolerantia
1110 2577 1151 2652 s5
1174 2578 1258 2649 liam
1281 2582 1487 2672 procreavit,
1517 2580 1973 2654 meermannianam

351 2679 563 2752 conniventia
582 2674 652 2750 Dei
662 2703 743 2765 erga
757 2703 865 2749 mores
881 2681 1072 2769 Judaeotum
1088 2678 1151 2747 uti·
1174 2700 1213 2747 cat
1237 2672 1352 2769 t'sceret
1364 2666 1502 2760 illicite,
1519 2675 1639 2750 divina
1653 2678 1784 2752 indicat
1788 2678 1975 2773 scriptura.

354 2767 408 2848 t'ur
429 2773 537 2847 verbo
556 2775 812 2877 inporropo'pnao
862 2777 919 2869 7.)
936 2772 1151 2846 Bellarminua
1175 2699 1243 2843 Al
1258 2792 1358 2843 tanam
1371 2775 1489 2869 quippe
1502 2774 1733 2869 accipiendam
1751 2786 1901 2859 verterat,
1909 2772 1974 2870 sed

354 2868 552 2961 insequenti
567 2875 675 2963 capite
691 2874 824 2943 adducit
837 2874 986 2970 quaedam
1000 2870 1152 2959 exempla
1175 2894 1248 2942 cum
1274 2868 1326 2941 iili
1354 2869 1464 2946 altera
1482 2894 1546 2966 pto
1566 2870 1676 2945 altera
1685 2871 1860 2968 sappofita
1879 2872 1941 2967 sati
1957 2917 1976 2939 ·
2080 2881 2083 2887 '

354 2971 642 3043 ottuimoniorum
662 2969 697 3041 in
718 2966 883 3063 gradibus
902 2970 979 3062 jore
998 2966 1153 3040 natarali
1166 2965 1242 3063 set,
1268 2991 1326 3041 occ
1350 2966 1458 3064 ipsam
1479 2968 1566 3041 dimi
1579 2981 1621 3054 a,
1646 2991 1712 3065 qua
1735 2967 1878 3066 nescient
1896 2995 1918 3043 tt
1934 2993 1974 3043 tas
2059 3002 2066 3020 ⁴

354 3064 535 3164 prohibitis
550 3072 819 3144 contradamur,
844 3067 940 3139 &ad
961 3089 1000 3136 ea
1017 3061 1151 3154 respon·
1169 3064 1289 3159 fuerat
1305 3066 1342 3136 in
1363 3065 1469 3153 node,
1492 3090 1533 3139 ne
1564 3064 1697 3139 udibrio
1717 3088 1790 3141 eam
1806 3066 1974 3141 videretur

348 3166 434 3246 dete
455 3184 613 3244 conatur,
644 3186 726 3253 ergo
755 3157 928 3254 agnoscat,
960 3164 1061 3233 etiam
1087 3160 1152 3234 illis
1175 3158 1336 3258 hobolffi,
1366 3159 1407 3237 si
1424 3188 1461 3234 eo
1482 3174 1642 3259 tempore,
1666 3187 1730 3261 quo
1744 3164 1975 3261 multiplican·

358 3260 534 3348 exemplis,
566 3285 637 3348 quae
657 3283 721 3345 pro
748 3256 802 3330 sua
824 3262 980 3347 opinione
998 3261 1152 3339 adducit,
1175 3260 1227 3333 dae
1239 3260 1446 3358 posteritatis
1457 3259 1558 3355 causa
1568 3261 1680 3356 piures
1692 3287 1815 3337 uxores
1826 3263 1885 3337 lex
1897 3262 1973 3338 nul·
2043 3311 2064 3327 -
2196 3257 2201 3268 ’

358 3354 600 3450 responsionem
612 3360 830 3428 ,commodam
852 3352 1004 3427 adbiberi
1023 3352 1122 3444 posse.
1176 3357 1213 3430 la
1239 3355 1457 3453 prohibebat,
1490 3360 1618 3455 accepit
1645 3362 1747 3434 etiam
1773 3360 1886 3449 iliam,
1919 3361 1975 3437 cui

358 3519 398 3599 L)
420 3469 524 3586 Im:
672 3460 708 3567 §2
726 3457 880 3619 CsCCttl.
906 3454 1084 3619 Videaltput
1097 3478 1150 3617 pip-
1176 3454 1237 3527 oni
1249 3458 1324 3548 jam
1333 3455 1451 3571 sutori
1472 3457 1624 3573 conjugii
1634 3457 1886 3573 fidemfecerat.
1916 3458 1973 3559 4.)

357 3599 561 3742 tm,
610 3570 750 3718 till.
769 3572 999 3738 stitit
1008 3556 1153 3732 aiii,
1175 3554 1287 3721 lili.
1304 3551 1767 3735 ltl{.{ll.·,¹l.li;’ll
1782 3557 1975 3743 listi

377 3753 385 3769 ¹
425 3816 428 3821 ,
503 3804 511 3814 .
614 3742 699 3816 duas
716 3740 851 3837 sorores
883 3744 1028 3816 viventes
1056 3740 1154 3839 fimul
1176 3740 1327 3816 Meffiatit
1342 3744 1402 3833 ipst
1416 3751 1617 3821 'condonatus
1638 3748 1712 3823 fuit.
1759 3750 1870 3823 laban
1893 3775 1974 3824 vero
2057 3773 2062 3780 ·

355 3841 482 3935 occepit
497 3862 636 3927 uxores,
665 3839 840 3918 Raciesam
864 3837 904 3913 si
922 3839 1045 3925 Iaeam,
1069 3848 1152 3913 Gen.
1177 3842 1239 3912 hac
1259 3843 1294 3911 in
1315 3863 1411 3930 parte
1431 3842 1542 3915 multis
1562 3849 1668 3918 modis
1688 3845 1877 3938 gravissime
1898 3874 1977 3939 pec.

354 3945 481 4013 XXIX.
502 3936 540 4010 id
554 3948 663 4010 autem
685 3934 827 4035 expreffe
842 3938 1052 4034 prohibetur,
1073 3944 1152 4009 Let.
1178 3959 1251 4017 eat,
1281 3942 1370 4025 quod
1390 3942 1584 4032 polygamie
1613 3941 1693 4015 filias
1714 3941 1783 4016 suas
1807 3947 1974 4037 implicat,

358 4043 482 4110 xvltt.
502 4030 544 4109 ii
559 4038 603 4136 ιβ
617 4037 746 4133 primus
760 4036 889 4132 gritdus
908 4035 1100 4134 adfinitatis
1118 4033 1153 4106 in
1178 4038 1266 4123 quod
1282 4038 1360 4108 duaa
1379 4033 1460 4108 filiae
1476 4041 1625 4115 inunum
1641 4045 1824 4113 maritalem
1839 4042 1975 4117 thorum

348 4134 447 4209 ‚littra
475 4133 683 4226 transuersa,
714 4136 780 4207 imo
809 4132 935 4230 duplex
960 4144 1033 4206 erat
1061 4133 1096 4204 in
1116 4154 1153 4203 eo
1176 4130 1336 4237 collocat,
1363 4140 1454 4221 quod
1475 4140 1645 4224 perpetuis
1668 4136 1739 4210 sere
1759 4138 1976 4235 fimultatibus

353 4231 514 4328 coniugio
531 4231 711 4330 adfinitas,
738 4253 816 4325 nam
829 4234 959 4328 utrique
965 4229 1067 4327 soror
1080 4240 1154 4301 erat
1176 4227 1344 4299 efficacem
1357 4229 1561 4304 occasionem
1573 4233 1712 4318 prebet.
1763 4235 1926 4310 Lutltetua
1939 4241 1975 4309 in

354 4329 789 4432 adficistationcalterius.
827 4325 926 4419 Rcsp.
946 4335 990 4413 ι.)
1005 4330 1152 4428 Quidam
1178 4348 1356 4397 comment.
1382 4324 1499 4399 Genes.
1521 4338 1644 4402 xxix.
1674 4328 1698 4402 s.
1721 4354 1802 4422 409.
1820 4323 1866 4405 ad
1886 4359 1975 4422 quc.

358 4454 409 4505 ex-
419 4425 496 4518 ipfie
514 4427 690 4519 pontificiis
709 4422 913 4517 agnoscunt,
937 4450 1002 4497 non
1017 4420 1106 4513 poffc
1122 4425 1156 4494 in
1179 4422 1334 4502 llionem,
1360 4445 1404 4493 on
1417 4421 1535 4498 Iacobi
1556 4425 1784 4521 misericordia
1798 4454 1864 4503 non
1879 4431 1975 4505 dana

360 4529 426 4600 l'oc
444 4528 554 4618 gradu
577 4522 847 4612 dispensationem
870 4522 968 4596 bodie
985 4519 1076 4605 fieti,
1098 4523 1157 4592 de·
1180 4529 1275 4590 netur
1297 4518 1369 4613 lege
1384 4518 1510 4621 Mofis,
1532 4528 1588 4612 qui
1611 4525 1711 4607 dicit,
1742 4552 1809 4600 non
1829 4528 1893 4602 else
1914 4534 1978 4603 du·
2002 4550 2004 4553 ·

359 4618 588 4713 buissetigitttt
597 4620 680 4693 illud
689 4619 879 4709 exemplum
888 4621 1007 4692 omitti.
1027 4614 1158 4704 2.)'Na·
1181 4621 1298 4688 tendas
1316 4624 1395 4690 duas
1415 4615 1559 4701 sorores,
1585 4618 1759 4710 respondet
1775 4626 1840 4701 hoc
1859 4631 1977 4702 audax

360 4733 439 4798 tora
457 4716 533 4817 ipsa
556 4746 574 4790 a
595 4722 751 4810 conjttgio
766 4723 909 4806 duarum
929 4712 1077 4787 sotorum
1101 4719 1158 4788 ad
1182 4709 1273 4786 Asia
1281 4711 1364 4807 stent
1379 4715 1531 4813 exemplo
1546 4718 1700 4807 heroica,
1717 4722 1790 4795 asia
1808 4725 1978 4799 moralia:
2093 4754 2096 4766 ·

362 4819 427 4909 ltt'te
444 4818 631 4891 vitantium
644 4813 820 4911 abhorret,
845 4811 1158 4902 utsuperiusollen-
1183 4809 1271 4906 ieges
1294 4808 1335 4885 si
1358 4837 1462 4887 mores
1480 4816 1681 4914 fimpliciter
1699 4818 1783 4916 stant
1795 4819 1978 4917 fernandi,

360 4919 489 5000 dimus,
520 4920 689 5002 quomodo
712 4937 795 5002 ergo
810 4915 875 4983 dici
902 4915 1026 5002 potest,
1046 4909 1160 4998 probi·
1184 4907 1397 5000 auferenda
1428 4916 1470 5009 est
1497 4912 1565 4986 tolla
1599 4919 1826 5014 transgresso,
1853 4945 1892 4993 m
1911 4922 1984 5018 fiae

363 5007 621 5188 diripuemppllp
636 5012 784 5106 coniugii
805 5036 873 5085 uon
888 5005 951 5087 etse
969 5009 1052 5101 iuris
1067 5031 1161 5084 natu·
1183 5006 1343 5178 congosto.
1392 5008 1542 5086 Hernica
1554 5009 1814 5114 exemplast'me,
1834 5038 1905 5119 Μ
1916 5040 1985 5090 aaa

447 5134 514 5187 ⁰¹²¹·
611 5161 621 5185 ·
789 5173 799 5182 ›
878 5127 895 5144 ‘
1119 5155 1122 5161 ·
1167 5164 1169 5168 Α
1276 5129 1301 5197 Ρ
1616 5131 1635 5146 “
1910 5137 1988 5194 coa«
2110 5179 2112 5182 .
