4884 5984
572 329 635 419 ur
684 343 995 422 utsurmrnre
1044 345 1418 434 nnumonwn,
1453 347 1745 430 inseruiente.
1915 357 1985 434 ns·
2126 417 2129 422 .

413 535 899 643 tintasiirdoeinsteriiinei
912 539 1054 639 conseris
1069 564 1168 638 egro,
1184 540 1286 642 filio,
1311 539 1454 627 siberto,
1475 539 1605 616 liberte
1614 541 1723 639 filio,
1740 537 1878 636 [reniso
1894 589 1907 622 ,
1924 537 1995 638 sce-

355 657 358 661 ·
396 673 405 684 ·
444 672 447 676 ·
487 636 641 737 Cortjnge
678 665 736 716 nec
767 640 925 734 frueris,
961 665 1019 714 nec
1036 640 1169 734 frueris
1193 644 1278 715 nirae
1293 640 1399 738 fiiis,
1427 641 1644 726 tabernario,
1671 639 1861 715 tabernarii
1879 640 1934 714 oei
1954 639 2000 711 i·
2087 699 2090 707 .

469 781 473 786 ·
941 739 1071 836 sobole.
1193 740 1643 837 nonirontorenuriifilia‚
1670 752 1805 829 anteo,
1832 759 1999 836 qnaemer-

365 832 588 913 cessrunt.
605 861 755 910 cetone.
773 861 809 926 4.
832 865 864 928 q.
887 859 919 929 3.
934 841 1096 927 ejusmodi
1109 864 1170 910 nu·
1193 839 1351 912 cimoniis
1363 839 1498 934 poblite
1518 839 1671 934 prefuit.
1721 841 1777 932 4.)
1805 845 1896 911 Inter
1919 860 2000 935 pso⁴

366 940 456 1026 ptiar
499 935 598 1008 'vocor
619 934 790 1032 exsequias
814 937 982 1032 nuptiales
1013 934 1053 1009 85
1069 937 1171 1031 snnre
1193 938 1383 1010 vinciornrn
1413 937 1549 1010 retieret
1571 952 1604 1010 oe
1630 961 1741 1010 eornm
1774 935 1931 1034 officiales
1954 958 1997 1010 rr

368 1032 446 1108 brer
458 1031 655 1130 nuptiarum
673 1034 788 1109 tedas.
838 1036 937 1108 Pluto
950 1040 984 1106 in
1001 1034 1085 1108 hooc
1101 1031 1172 1109 sen·
1187 1033 1288 1136 filios
1311 1033 1551 1129 &forteritiam
1576 1037 1651 1108 inde
1668 1040 1846 1107 oriundam
1868 1035 1920 1109 nel
1939 1036 2000 1106 de·

366 1133 508 1206 rentium
528 1135 570 1206 de
595 1141 741 1205 covendo
760 1137 861 1204 seretis
887 1132 1108 1220 inaquositate
1121 1135 1172 1206 vi·
1195 1134 1363 1209 miciiirrnr
1387 1133 1436 1207 ibi
1449 1135 1618 1208 nabentem
1641 1135 1661 1204 Ι.
1682 1134 1705 1205 ti
1727 1137 1798 1221 quis
1816 1153 1873 1224 38.
1889 1136 1929 1207 de
1943 1137 1997 1208 rit.

366 1233 443 1303 deri
463 1227 596 1320 possunt
608 1234 698 1322 opud
714 1232 831 1320 Steph.
847 1239 1019 1306 Guozzum
1036 1230 1094 1305 lib.
1109 1229 1171 1304 ΙΙΙ.
1196 1256 1292 1324 nupt.
1314 1258 1357 1308 oe
1372 1237 1503 1324 eripere
1522 1237 1632 1323 potius
1658 1259 1756 1320 quem
1782 1227 1937 1305 consensu
1960 1231 2001 1306 ti.

366 1331 413 1400 do
428 1331 495 1404 civ.
509 1323 692 1401 conversat.
706 1354 740 1418 p.
754 1350 833 1419 393.
859 1330 1090 1416 Titoquellum
1104 1327 1173 1423 leg.
1196 1332 1346 1405 bertinio
1367 1333 1490 1405 ducere
1507 1357 1644 1403 risorem
1663 1334 1849 1404 riderntur.
1868 1333 2000 1422 Quum·

366 1427 516 1499 connub.
539 1438 571 1499 6.
597 1429 776 1515 Cypraeunr
793 1433 834 1498 de
851 1423 988 1517 sponsal.
1006 1454 1036 1500 c.
1051 1454 1085 1519 9.
1098 1438 1126 1520 ς.
1139 1446 1172 1515 8.
1196 1432 1248 1501 vis
1267 1451 1348 1503 vero
1364 1431 1545 1517 provincie
1562 1427 1681 1518 praeses
1704 1430 1771 1501 filio
1794 1454 1932 1501 uxorem
1951 1428 2001 1499 ibi

366 1525 556 1597 Arnisaum
567 1528 690 1613 dejure
703 1525 850 1597 connub.
865 1551 894 1596 c.
909 1522 952 1596 11.
968 1519 1046 1597 sest.
1061 1553 1096 1622 4.
1107 1535 1171 1599 &o
1196 1551 1348 1616 querere
1364 1551 1431 1599 nnn
1445 1532 1613 1619 potuerit,
1636 1549 1746 1599 temen
1762 1527 1863 1601 filiuni
1880 1528 2001 1616 nuptui

367 1625 425 1696 De
454 1621 597 1698 Abrohae
621 1626 826 1695 oc·Davidis
841 1622 1019 1711 exemplis,
1045 1648 1117 1710 que
1138 1624 1173 1694 iu
1196 1623 1327 1697 elocare
1342 1626 1377 1696 in
1395 1627 1570 1714 provincio
1593 1627 1724 1714 potuit,
1751 1624 1844 1719 cujus
1866 1621 2002 1695 diverti.
2099 1709 2101 1714 Ι

365 1721 579 1798 eontrarium
591 1717 716 1796 odserri
733 1719 849 1802 solent,
861 1721 991 1811 egimus
1012 1715 1170 1811 superius.
1195 1723 1271 1795 rotis
1297 1724 1461 1816 titionem
1494 1722 1580 1794 hanc
1618 1723 1718 1794 tradit
1746 1721 1933 1813 Hilligeros
1962 1723 2014 1796 in.

381 1821 388 1826 ”
1195 1825 1285 1893 Dou.
1303 1820 1411 1892 enuel.
1433 1820 1493 1896 lib.
1508 1818 1603 1891 xtlt.
1620 1844 1693 1908 cop.
1714 1843 1770 1894 20.
1790 1818 1839 1892 lit.
1857 1824 1889 1892 S.
1910 1821 2000 1906 qnod

427 1963 436 1972 -
688 1926 724 2010 §·
747 1918 967 1994 CCCXCIX.
1016 1918 1172 2004 Denique
1188 1916 1265 2016 filii
1289 1941 1355 1989 non
1372 1941 1443 1991 uere
1463 1917 1658 1995 elocentur,
1677 1914 1826 2012 sediliis
1848 1937 2000 2014 quarun-

367 2009 582 2112 lli.)Dispa-
631 2013 716 2105 111.)
739 2011 784 2084 ob
805 2013 1041 2111 disparitatem
1062 2019 1173 2113 stanes
1196 2028 1252 2090 tnr
1268 2039 1413 2101 uxores,
1462 2039 1524 2090 nor
1543 2016 1605 2112 ipfi
1616 2025 1735 2112 petunt
1760 2012 1800 2088 si
1826 2012 1999 2101 ambiunt,

381 2097 582 2184 '‘imflam·
637 2111 678 2188 8
703 2114 783 2187 vitae
814 2113 1019 2187 conditionis
1040 2115 1075 2184 in
1099 2122 1173 2201 jure
1191 2113 1378 2212 pericnlum
1400 2041 1647 2210 issiqqnesnerit,
1672 2138 1710 2186 ne
1715 2110 1805 2209 serpe
1814 2111 1904 2209 fiiiae
1918 2135 1997 2209 pro·

536 2303 539 2308 ¹
631 2213 724 2286 civili
756 2211 981 2300 prohibentur
1020 2215 1172 2302 nupriae:
1196 2212 1395 2285 oincioiinm
1413 2211 1499 2298 iliis,
1523 2212 1569 2284 asi
1585 2235 1665 2306 qnos
1683 2210 1771 2284 nulio
1788 2210 1921 2305 adserito
1937 2211 1998 2283 deo

376 2305 425 2390 t.)
446 2303 534 2379 inter
553 2303 728 2395 personam
753 2308 892 2382 liberum
915 2336 953 2381 oc
966 2308 1124 2405 sernum,
1149 2307 1170 2378 l.
1197 2322 1331 2396 cuntur,
1360 2308 1485 2396 nubere
1503 2311 1702 2385 undositate
1724 2321 1899 2405 purentnrn
1927 2331 1997 2381 rru-

324 2489 327 2494 λ
369 2403 535 2476 Proculus
555 2415 611 2494 67.
631 2411 673 2482 de
689 2416 763 2496 jnre
785 2410 852 2480 dot.
873 2412 963 2480 Nor.
993 2434 1052 2483 22.
1069 2434 1097 2479 c.
1119 2432 1170 2481 ιο.
1196 2410 1357 2508 gistratni
1376 2407 1415 2480 iri
1431 2410 1591 2502 denegare
1608 2432 1675 2480 non
1705 2409 1898 2481 audentium
1923 2407 2001 2480 odi·

369 2495 428 2576 sed
449 2499 515 2573 hor
535 2498 699 2578 sublitum
716 2507 762 2577 est
776 2515 851 2594 jure
876 2508 1056 2590 canonico,
1083 2514 1173 2594 juxto
1196 2520 1341 2604 gantos,
1364 2518 1481 2581 contro
1509 2533 1565 2579 ner
1580 2504 1697 2602 solens
1714 2531 1771 2577 nec
1795 2509 1908 2580 decens
1923 2506 2023 2600 soe·-

369 2603 466 2690 quod
489 2593 591 2672 servis
611 2617 742 2694 quoque
760 2628 838 2675 curn
862 2603 974 2674 liberis
991 2606 1037 2673 est
1058 2612 1173 2689 conju
1198 2607 1329 2692 mina,
1365 2615 1403 2676 nt
1422 2604 1576 2678 ambiunt
1608 2603 1850 2700 adolescentes,
1873 2603 1937 2701 ssd
1963 2614 2001 2677 nt

370 2699 471 2866 ξίωη
487 2721 518 2769 c.
532 2695 559 2769 1.
575 2702 614 2773 ri.
630 2710 670 2773 de
689 2709 822 2794 conjug.
843 2699 927 2773 sorr.
946 2727 975 2772 c.
998 2703 1033 2773 Si
1048 2704 1120 2786 quis
1135 2699 1173 2770 li·
1194 2726 1315 2800 procos
1333 2701 1537 2798 exspeiient,
1573 2729 1645 2774 enni
1663 2701 1881 2789 ambiantur,
1905 2726 1998 2780 nreno

399 2819 449 2868 er.
473 2799 522 2880 2.)
536 2822 575 2898 ρ.
593 2798 616 2871 si
635 2797 774 2870 sumina
795 2821 825 2888 5.
846 2793 929 2870 caus.
953 2811 1011 2884 28·
1032 2824 1064 2886 q.
1090 2826 1122 2871 2.
1140 2823 1172 2869 2.
1198 2803 1309 2898 igitur
1336 2802 1399 2899 nist
1432 2802 1545 2876 noiens
1573 2797 1614 2874 δ’
1637 2824 1756 2874 onsanr
1775 2805 1822 2876 eis
1844 2799 1999 2884 ambiet,

370 2893 462 2966 inter
488 2893 591 2967 civem
621 2895 808 2970 Romanurn
834 2907 869 2968 ὁ(
900 2897 1112 2992 peregrinam
1141 2899 1300 3001 iusteque
1326 2899 1516 2995 segisrotio
1537 2902 1572 2972 in
1595 2900 1642 2972 eis
1660 2896 1770 2997 cessat.
1820 2901 1999 2972 Hodiernis

369 3015 427 3082 pr.
445 2991 548 3078 instit.
567 2999 608 3066 de
628 2995 723 3084 nupt.
745 2994 912 3084 Ulpianus
933 2998 968 3064 in
989 2991 1109 3085 fragm.
1124 2996 1173 3065 tir.
1198 2997 1347 3072 moribus
1366 3024 1404 3071 rc
1418 2998 1624 3087 temporibus
1640 2999 1694 3069 iilo
1710 3001 1820 3069 omnio
1836 2996 1907 3070 sere
1923 3020 2001 3070 exo-

375 3099 410 3185 5'.
428 3097 457 3182 §.
476 3105 510 3178 8.
541 3094 616 3165 vid.
641 3091 835 3166 Briffonium
862 3097 904 3164 de
929 3101 1003 3179 jure
1025 3117 1120 3164 cunn.
1139 3118 1173 3180 p.
1199 3096 1375 3176 leserunt,
1401 3102 1489 3169 unde
1504 3092 1673 3184 disparitas
1696 3099 1792 3168 nurus
1812 3091 1834 3165 si
1856 3095 1912 3168 rel
1931 3121 2001 3168 mo·

374 3209 461 3276 552.
485 3189 597 3275 posteo
622 3213 733 3263 tamen
752 3191 794 3262 ob
813 3214 854 3260 eo
873 3199 946 3277 jure
967 3182 1175 3266 desciverunt
1199 3198 1286 3265 xime
1305 3196 1472 3266 interdum
1491 3193 1528 3265 sn
1543 3215 1777 3284 argumentum
1799 3191 2000 3263 contrahen-

374 3289 523 3360 Romrni
539 3285 561 3358 l.
578 3289 612 3359 in
629 3287 710 3361 orbe
733 3309 786 3383 17.
802 3292 843 3358 de
861 3284 1033 3358 stut.hom.
1063 3291 1110 3375 3.)
1123 3295 1176 3356 lu·
1199 3297 1279 3364 dum
1306 3293 1551 3365 mitrimonium
1577 3289 1776 3368 dissuadens,
1803 3311 2001 3362 tamennon
2086 3335 2094 3362 .

375 3405 430 3486 ter
450 3384 561 3466 nisum
574 3383 744 3482 senatorii
759 3385 889 3458 ordinis
908 3387 1037 3478 ejnsqsse
1053 3383 1175 3457 iiberos
1199 3391 1245 3461 est
1270 3390 1547 3484 impedimentum
1567 3389 1773 3459 connubium
1796 3385 2000 3467 dissolvens,

356 3491 413 3556 'dt
430 3480 626 3557 libertinum
648 3484 895 3563 tobernosiom,
918 3483 1070 3566 senonis,
1096 3495 1176 3555 ἀνι·
1202 3489 1289 3557 unde
1313 3485 1432 3556 nobilis
1451 3483 1656 3576 ignobilem,
1675 3488 1768 3555 dives
1792 3508 2002 3573 pauperem,

376 3581 491 3667 narii,
526 3584 658 3677 ejusve,
682 3583 740 3678 qni
761 3581 927 3655 ludicrum
954 3592 1058 3653 ortem
1083 3605 1177 3654 ener-
1201 3585 1356 3655 dominus
1389 3582 1541 3654 ancillam
1570 3586 1691 3654 ducere
1716 3584 1838 3670 potest,
1871 3603 1909 3654 ut
1937 3580 2004 3656 lete

367 3743 371 3752 .
420 3681 468 3768 ie,
519 3681 614 3756 iiam.
632 3681 654 3754 l.
678 3682 746 3773 Jul.
767 3708 827 3774 44.
851 3677 950 3754 fflde
971 3681 1024 3750 rit.
1039 3702 1134 3767 nupt.
1154 3677 1176 3752 i.
1200 3682 1334 3752 deducit
1354 3675 1660 3752 Reusueruslib.1.
1684 3677 1781 3752 deris.
1796 3709 1829 3774 4.
1846 3707 1907 3754 nec
1925 3705 2005 3771 pro·

415 3782 483 3852 om’
498 3804 563 3852 em.
579 3799 611 3870 7.
632 3782 673 3852 C.
695 3782 737 3851 de
769 3781 832 3850 inc.
855 3800 949 3864 nupt.
964 3802 1006 3848 ne
1020 3774 1176 3863 emplifft·
1200 3776 1273 3850 beri
1287 3777 1382 3849 nobis
1401 3780 1526 3865 potest,
1550 3782 1638 3863 quod
1654 3777 1818 3848 Zonchius
1834 3781 1870 3852 in
1883 3779 1940 3851 lib.
1960 3785 2003 3854 de

375 3878 424 3948 mi
444 3881 572 3950 ordinis
595 3879 738 3967 digniter
752 3877 825 3946 vilis
847 3876 995 3965 conjugii
1013 3871 1176 3945 consonio
1200 3873 1329 3962 operib.
1343 3870 1396 3945 sex
1405 3876 1486 3947 dier.
1501 3900 1540 3946 ex
1554 3878 1643 3947 disto
1655 3874 1833 3962 apostolico
1842 3876 1926 3949 Phil.
1938 3877 2002 3951 IV.

378 3969 571 4062 sordescet,
612 3999 697 4046 neve
729 3972 933 4060 abjectarum
963 3971 1176 4044 foeminerum
1203 3990 1235 4058 3.
1272 3967 1477 4068 Quaecunque
1503 3972 1667 4066 inpense,
1700 3974 1822 4069 stqnu
1851 3972 1948 4058 lons,
1972 3978 2006 4073 st

341 4077 344 4081 ’
375 4093 457 4145 non·
474 4094 541 4146 tom
564 4073 730 4144 connubio
755 4096 853 4158 qoem
884 4072 960 4140 viria
984 4078 1177 4162 jungantur.
1202 4091 1267 4163 qno
1288 4071 1416 4152 uirtus,
1441 4069 1515 4140 isaec
1540 4073 1687 4163 cogitate
1707 4068 1779 4142 &n
1803 4074 2006 4146 demonstro·
2130 4153 2133 4158 ,

377 4169 556 4246 Briisonios
576 4175 618 4243 de
636 4178 710 4256 jure
731 4169 873 4239 counnb.
895 4192 929 4255 p.
950 4195 965 4253 ς
973 4173 1027 4253 56.
1048 4170 1127 4253 quin
1144 4177 1178 4240 δι
1203 4193 1240 4239 re
1257 4171 1395 4246 nititur,
1423 4169 1510 4242 inter
1531 4164 1685 4256 personas
1707 4170 1896 4240 conditione
1919 4171 2007 4242 mul.

320 4333 325 4340 .
377 4267 616 4360 superveniens
646 4269 789 4357 dignitus
821 4262 979 4335 senatorio
1007 4267 1179 4336 matrimo-
1206 4288 1279 4338 tum
1298 4261 1487 4344 dissimiles,
1511 4287 1594 4354 pute
1614 4268 1701 4338 inter
1718 4264 1865 4338 nobilem
1885 4277 1919 4342 δι
1935 4267 2008 4356 ple·

376 4369 475 4448 nium
495 4356 663 4444 solvebat,
691 4367 779 4454 quod
807 4367 928 4434 merito
954 4365 1099 4434 correxit
1120 4368 1180 4451 Ju·
1205 4360 1341 4450 bejem,
1367 4359 1549 4437 senetoreur
1569 4375 1603 4437 ἃ
1626 4361 1747 4435 infime
1771 4360 1864 4435 sortis
1889 4365 2009 4442 mulie⁴

379 4467 538 4540 stinionus
558 4464 580 4537 l.
597 4459 769 4536 sesncimus.
786 4463 827 4535 C.
845 4465 886 4533 de
897 4482 991 4547 nupt.
1009 4486 1047 4532 oc
1060 4459 1181 4562 Velep·
1205 4487 1277 4533 rem
1300 4470 1375 4548 jure
1395 4464 1509 4533 divino
1524 4460 1732 4552 prohibitum
1753 4458 1817 4535 else
1837 4468 2008 4540 martimo·

379 4562 574 4654 tinnientis&
597 4563 780 4634 Mittimus
797 4565 829 4632 d.
846 4560 868 4632 l.
885 4557 1181 4650 humitentegem
1205 4563 1309 4632 nium.
1348 4567 1484 4650 Semper
1501 4581 1612 4633 tomen
1626 4563 1806 4634 tenendum
1821 4561 2008 4648 illud,ren.

377 4657 504 4755 Juliam
522 4657 711 4748 declinent,
734 4662 824 4748 quod
845 4682 1008 4746 pauperes
1029 4660 1181 4748 ingenuis
1207 4659 1369 4731 trinsonio
1395 4659 1524 4755 optimo
1556 4656 1596 4731 Es
1626 4657 1837 4758 pocatiffima
1860 4658 1918 4758 effe
1943 4686 2008 4754 ea,

375 4761 573 4856 perentibus
594 4780 675 4828 narn
697 4783 764 4829 non
789 4755 851 4828 snt
876 4753 964 4826 inter
986 4753 1181 4829 humiles&
1205 4779 1275 4852 qun
1293 4757 1380 4829 inter
1394 4754 1550 4853 personas
1570 4781 1703 4851 genere,
1727 4770 1842 4839 aetote,
1861 4761 2009 4838 mosibus

376 4863 526 4951 ,bjettes
552 4848 707 4952 pessmus
729 4883 747 4927 e
775 4851 978 4927 senatoribus
1007 4856 1084 4928 duri
1101 4880 1181 4943 pro·
1209 4854 1250 4931 ὅ
1266 4855 1349 4928 otiis
1363 4853 1529 4956 odjnniiis
1544 4881 1642 4949 quom
1658 4857 1806 4931 nonime
1818 4882 2010 4955 pareseon·
2141 4929 2145 4938 .

375 4961 501 5040 bibitus
527 4958 765 5043 numerandae,
792 4949 848 5030 sed
878 4951 1028 5038 artcilia,
1049 4952 1180 5034 anciliae
1203 4954 1404 5040 tranuntur,
1424 4963 1517 5044 juxte
1536 4953 1621 5034 illud
1644 4976 1775 5047 poete:

431 5057 526 5135 Tom.
552 5051 641 5130 XV.
1253 5056 1336 5129 Cre
1968 5056 2012 5135 Si
