4884 5984
1052 285 1078 366 t

536 567 540 572 ,
687 553 702 578 ,
795 497 932 597 ovio
983 499 1067 576 sir
1115 493 1477 598 constemus
1930 521 1978 598 m
2087 575 2098 588 .

277 701 353 768 inen
401 681 665 795 olristiamaritm
712 694 822 770 uriae
875 700 997 787 accipit
1047 721 1112 788 pro
1135 699 1169 768 id
1183 697 1248 782 est,
1276 683 1372 768 serre
1396 699 1445 769 rei
1472 691 1627 789 iignum3
1660 697 1783 774 lterum
1809 703 1844 776 id
1865 696 1973 771 ombi-

278 793 486 866 credentibus
515 797 552 865 in
583 793 761 882 Christum
774 802 842 883 jam
868 795 1055 868 exhibitum
1075 798 1111 864 in
1134 819 1260 886 guum,
1288 793 1341 866 vel
1365 799 1453 867 enim
1471 795 1671 889 intelligitur
1692 798 1900 873 hortatione
1920 797 1973 870 in·

277 913 363 964 uasa
402 891 599 964 testamento
630 879 795 978 Attixt
812 899 869 968 26.
935 897 1038 968 Unde
1070 918 1110 965 ex
1126 894 1333 992 stitutionis,
1358 893 1555 966 velrntione
1572 897 1704 970 riotitiae
1720 922 1758 969 oc
1778 896 1973 998 manifesta·

233 1067 237 1072 ,
278 985 406 1085 Thomu
430 991 599 1077 Aquinate
625 997 661 1064 δι
683 992 822 1064 Rumdo
851 997 1009 1082 Tnppero
1035 986 1110 1062 sub·
1133 991 1248 1064 tionis.
1300 989 1468 1079 Respetiu
1487 995 1697 1066 institutionis
1719 999 1760 1068 de
1783 998 1875 1070 omni
1892 1016 1973 1068 catr-

231 1079 234 1096 '
277 1088 403 1178 jungit,
428 1087 465 1158 im
475 1085 556 1183 solo
578 1109 655 1160 noa.
681 1091 751 1189 test.
779 1090 1031 1163 matrimonium
1060 1112 1121 1168 rm,
1132 1092 1228 1181 jngio
1248 1091 1348 1162 etiam
1367 1095 1455 1178 opud
1478 1093 1621 1181 gentiles
1639 1092 1832 1178 celebrato,
1854 1097 1972 1186 (modo

276 1183 476 1282 prasentare
488 1185 746 1281 conjumtiiomm
760 1181 887 1303 Christi
901 1186 942 1262 Θ
962 1188 1108 1288 erciefiae.
1133 1197 1224 1276 juxta
1237 1187 1327 1280 leges
1340 1183 1460 1260 dmin:
1480 1191 1689 1262 institutionis
1702 1189 1740 1262 tit
1763 1197 1859 1266 unius
1872 1195 1974 1264 maris
2099 1183 2112 1202 '

231 1309 234 1366 t
277 1285 409 1358 ldvera
433 1309 621 1378 negamust
652 1289 727 1374 quia
753 1291 884 1370 mystica
912 1288 968 1367 illa
990 1284 1108 1377 lignifi·
1133 1310 1172 1357 ac
1203 1288 1299 1358 unius
1330 1285 1475 1358 foeminae
1509 1288 1659 1378 legitimo
1684 1299 1719 1363 dt
1744 1289 1973 1365 indlilolubilir

231 1427 233 1432 ·
280 1382 359 1454 citio
372 1407 450 1454 cum
466 1384 573 1472 primo
589 1387 736 1476 conjugii
753 1387 954 1457 institutione
977 1387 1108 1456 initium
1133 1388 1339 1472 conjunctio)
1357 1389 1448 1456 redte
1463 1387 1603 1466 dicitur,
1630 1395 1718 1474 quad
1738 1387 1776 1461 stt
1788 1387 1973 1461 sacromen-

278 1473 385 1552 l‘attitu
401 1481 468 1561 eit,
490 1507 529 1553 ac
544 1486 710 1571 dependet
721 1483 770 1566 ¹ob
788 1479 857 1574 ipsa
876 1485 1024 1574 conJugii
1040 1481 1107 1554 far·
1134 1504 1225 1568 tum,
1241 1485 1275 1555 id
1294 1479 1494 1573 est,s1gnum
1511 1488 1754 1570 coniunctionis
1768 1490 1858 1560 inter
1869 1485 1973 1564 Chri-

278 1603 351 1674 rm,
382 1575 595 1670 indiisalubili
629 1576 750 1654 scilicet
773 1589 873 1653 maris
900 1591 937 1656 dt
962 1579 1108 1656 foenoinae
1132 1582 1218 1650 llum
1237 1590 1271 1655 dt
1292 1577 1483 1662 scelestum,
1507 1582 1583 1670 quia
1609 1585 1860 1675 interreliquos
1880 1586 1970 1657 inili-
2095 1615 2098 1624 ·

281 1679 534 1765 samantneme,
562 1705 636 1766 quoe
657 1705 736 1751 curn
763 1681 797 1750 in
823 1682 980 1770 conjugio
1008 1680 1108 1751 etiam
1133 1679 1267 1750 tutionis
1283 1673 1365 1751 fines
1382 1681 1481 1752 etium
1505 1677 1640 1760 hicest,
1666 1686 1757 1769 quod
1773 1686 1971 1774 conjugium

282 1773 344 1848 tet.
363 1776 435 1848 teli.
463 1796 615 1866 tempore
644 1775 798 1850 habuerit
828 1776 969 1858 locum,
994 1779 1108 1864 utique
1132 1774 1252 1850 debeat
1273 1772 1337 1849 elle
1358 1775 1422 1848 tale
1443 1774 1582 1868 lignum.
1632 1783 1686 1850 Ut
1709 1804 1793 1872 ergo
1815 1782 1972 1874 conjugis

281 1875 372 1946 etism
396 1874 530 1960 mystica
551 1872 608 1946 ills
633 1873 823 1968 fignificotio
845 1881 1051 1968 econjugio
1074 1877 1107 1944 in
1132 1873 1309 1965 gentilium
1334 1899 1402 1945 nan
1426 1871 1588 1946 differunt
1609 1901 1627 1947 a
1652 1881 1810 1970 conjugio
1829 1881 1972 1969 piorum

282 1971 345 2046 teli.
364 1994 434 2046 vet.
456 1967 600 2062 separari
625 1976 749 2062 nequit.
798 1976 913 2063 Urget
937 1972 1109 2045 Bellormi·
1132 1973 1166 2043 in
1179 1970 1328 2053 ecclefiu,
1337 1968 1753 2046 rationecmseefficientis
1764 1976 1970 2066 principalis,

283 2094 336 2142 uus
361 2067 466 2144 verba
494 2069 659 2159 apostoli,
682 2075 770 2159 quod
794 2073 899 2152 dicit,
939 2094 1111 2145 aeramen·
1133 2073 1299 2151 materie,
1327 2069 1443 2144 formae
1460 2081 1495 2144 de
1523 2069 1728 2160 reliquorum
1754 2073 1894 2155 finium,
1924 2076 1971 2145 ite

262 2165 415 2250 ‚moloc
427 2190 589 2265 magnum
604 2192 670 2242 itam
678 2164 794 2267 stiffi,
803 2166 895 2266 sede
920 2194 937 2241 e
955 2170 991 2244 itt
1008 2165 1111 2244 Citri-
1132 2171 1231 2243 etism
1252 2193 1319 2239 non
1342 2166 1503 2240 differunt
1521 2168 1563 2238 sb
1577 2195 1618 2242 eo
1632 2174 1665 2242 in
1690 2169 1755 2242 hoc
1778 2168 1971 2245 seeundsria

277 2269 323 2368 sla
343 2263 386 2348 θ’
412 2267 570 2368 ecclesta3
597 2277 633 2342 dt
658 2293 697 2342 ex
720 2293 761 2342 ea
786 2265 912 2340 inferre
940 2291 1107 2352 conatur,
1131 2262 1207 2339 fine.
1259 2262 1426 2355 Respedtu
1441 2268 1564 2337 notitiae
1586 2277 1621 2341 &
1642 2268 1915 2360 manifestationis
1926 2272 1970 2343 de

283 2365 524 2440 matrimonium
542 2389 609 2438 non
624 2361 685 2462 iff‘
692 2363 963 2462 sacramentum,
986 2370 1050 2468 mist
1070 2368 1107 2440 im
1121 2364 1205 2438 'solis
1225 2368 1388 2455 conjugiis
1400 2367 1435 2436 in
1453 2363 1588 2440 ecclefio
1612 2364 1882 2440 celebratis¹dicit
1902 2373 1971 2438 Au·

281 2465 426 2564 calma,
461 2487 499 2537 ut
527 2466 730 2558 Augustinus
758 2463 912 2538 debono
936 2465 1105 2558 conjugoli
1130 2465 1305 2556 guitinus,
1344 2468 1434 2552 quod
1462 2459 1524 2533 lint
1549 2457 1812 2551 sacromentum,
1838 2469 1918 2554 quia
1936 2467 1970 2536 iu

281 2560 432 2638 munet.
482 2560 702 2648 Sedinclulia
726 2567 903 2634 uniusnon
925 2566 971 2635 eii
994 2565 1105 2637 exclu.
1129 2560 1196 2633 solu
1223 2557 1357 2632 eccleis
1393 2563 1486 2652 viget
1519 2564 1644 2632 notitia.
1675 2571 1711 2636 da
1752 2563 1971 2636 utonifestotio
2061 2581 2068 2600 ·

281 2659 474 2736 liuterius.
526 2662 782 2752 Conjugiumin
805 2687 884 2734 nov.
902 2664 973 2734 teil.
991 2663 1038 2734 est
1066 2659 1105 2732 fi·
1128 2660 1216 2732 illius
1258 2660 1401 2741 mysterii
1446 2663 1488 2730 de
1522 2657 1700 2731 erc-iiiluna
1730 2664 1994 2749 conjunttiane·
2105 2731 2107 2736 ,
2166 2735 2182 2756 s

281 2783 376 2852 gnum
392 2759 479 2832 illius
496 2760 734 2849 conjundiionis
758 2761 846 2831 inter
870 2758 1040 2833 Christum
1070 2770 1104 2833 dc
1129 2755 1254 2830 Christi
1270 2753 1470 2829 &ecclesia¹
1522 2758 1555 2828 Si
1573 2760 1676 2828 dirus:
1700 2758 1887 2853 conjonttio
1904 2757 1969 2834 ilia

279 2855 466 2940 'ocdeiiomt
489 2852 543 2929 sed
559 2883 599 2929 er
616 2881 656 2928 eo
678 2881 744 2928 non
765 2852 932 2944 sequitur,
960 2859 1047 2944 quod
1070 2859 1105 2927 in
1134 2850 1261 2954 Christi
1286 2848 1328 2925 ii
1355 2852 1738 2951 ecclestae‘rompletiitur
1763 2880 1828 2930 non
1848 2855 1965 2952 stolum

281 2978 338 3030 set.
358 2957 516 3030 teil.'non
533 2951 633 3028 fuerit
653 2952 781 3046 tignum
798 2954 1037 3042 conjunctionis
1055 2950 1106 3026 in·
1123 2951 1341 3051 spiritualem
1376 2954 1577 3031 caritatem,
1607 2951 1670 3047 sed
1700 2957 1802 3027 etiam
1833 2966 1966 3032 notata
2028 2957 2030 2962 ’

280 3054 513 3128 mchriflmn
542 3049 782 3126 &ecclesium
831 3053 1106 3145 Quotiescunque
1130 3051 1427 3146 conformitatem,
1469 3049 1557 3144 quod
1590 3050 1685 3122 sunus
1711 3079 1747 3124 os
1773 3052 1965 3128 trallibus

264 3143 356 3225 ''enin
382 3155 478 3224 Deus
501 3147 594 3224 suum
620 3147 727 3223 ioedus
754 3153 869 3242 gratior
897 3161 932 3224 dc
957 3176 1104 3221 umorem
1130 3161 1221 3240 ejus,
1247 3160 1280 3222 &
1299 3174 1375 3219 raro
1390 3150 1431 3220 de
1448 3173 1547 3220 corne
1561 3155 1649 3233 ejus,
1671 3151 1756 3240 Eplu
1772 3159 1810 3224 V.
1829 3175 1881 3241 30.
1889 3155 1966 3247 sam

277 3274 347 3344 erge
365 3253 440 3339 pios
467 3249 613 3323 declarat
640 3250 786 3340 coiiJogii
810 3271 911 3336 typo,
953 3254 1043 3346 quod
1068 3245 1109 3320 lit
1130 3273 1207 3323 vero
1226 3247 1285 3318 ilia
1306 3257 1436 3318 notarae
1460 3246 1683 3339 conformitas
1705 3250 1834 3322 demum
1858 3254 1969 3348 coepit

275 3341 457 3438 iepiilime,
482 3343 603 3422 Ezeth.
627 3351 717 3420 xvi.
742 3361 776 3432 3.
801 3343 896 3420 oteae
919 3352 962 3417 ΙΙ.
988 3367 1017 3436 ῑ.
1037 3356 1104 3422 dcc.
1131 3350 1167 3420 in
1189 3369 1265 3418 moa.
1295 3348 1363 3443 tesi.
1383 3347 1557 3442 postquam
1581 3343 1716 3439 scilicet
1736 3348 1864 3447 nim&
1892 3371 1970 3422 cat-

274 3447 398 3534 ¹moties
413 3439 480 3518 sese
493 3467 590 3517 vocet
608 3441 762 3540 [potiſsim
780 3468 821 3517 ac
835 3445 993 3517 maritam
1007 3444 1107 3516 eccle·
1131 3471 1203 3519 mein
1226 3439 1267 3517 8
1279 3442 1481 3539 sanguinem
1509 3440 1679 3543 adsumfit.
1731 3443 1833 3540 Ergo
1854 3452 1971 3544 conjo-

272 3546 345 3644 βας
369 3537 454 3632 Esaj.
475 3547 563 3617 [Χῖ.
585 3563 640 3614 ιο.
666 3547 770 3617 Lxll.
791 3565 824 3631 ς.
856 3546 952 3614 toties¹
975 3547 1023 3616 ad'
1038 3567 1108 3628 nm-
1129 3547 1225 3640 giam
1248 3543 1283 3614 in
1303 3552 1366 3614 mt.
1388 3544 1454 3641 test.
1482 3564 1548 3613 non
1568 3545 1684 3637 potuit
1708 3545 1968 3639 conjumtiiamm

278 3643 378 3714 ilicem
402 3640 495 3713 illam
515 3638 788 3734 fignificotionem
802 3644 835 3713 in
852 3643 1010 3731 conjugio
1028 3664 1106 3732 pro·
1131 3641 1225 3717 illam
1247 3640 1427 3725 denotare3
1454 3635 1538 3728 resp.
1567 3643 1834 3728 conjunctionem
1866 3645 1971 3718 Chri.
2063 3707 2082 3728 ,

253 3739 406 3828 'pofitom
432 3737 520 3828 ipsos
542 3743 706 3828 deducere
731 3741 848 3818 voluit.
910 3741 1013 3832 Quod
1038 3764 1103 3809 mu·
1129 3743 1168 3814 sti
1185 3752 1219 3816 dt
1239 3738 1380 3812 ecclesiae
1396 3736 1547 3826 respediu
1562 3741 1704 3810 caritatis
1718 3738 1893 3828 spiritualis
1910 3745 1969 3816 de-

273 3840 464 3911 trimonium
484 3859 551 3908 nan
567 3837 630 3936 nist
651 3839 686 3910 in
712 3836 842 3937 tctlosto
868 3833 1104 3908 sacromentum
1130 3838 1271 3932 fignrvit
1294 3858 1330 3908 ut
1341 3835 1554 3932 praesemtem‚
1578 3833 1730 3925 respetlu
1751 3837 1970 3913 conformite-

273 3933 325 4010 ell'e
351 3935 500 4024 dicitur,
523 3937 559 4007 in
584 3960 625 4008 ea
649 3933 772 4024 duplex
794 3935 990 4028 ambiguitas
1012 3933 1103 4007 latet
1130 3941 1171 4010 tis
1192 3939 1227 4008 in
1256 3931 1372 4006 notura
1401 3956 1438 4006 at
1451 3933 1632 4028 saturam,
1656 3941 1744 4024 quad
1776 3931 1895 4010 sufficit
1923 3939 1967 4013 sd
2102 3993 2107 4006 .-

272 4035 326 4109 tel
342 4031 437 4126 enim'
455 4053 585 4122 tentum
600 4035 642 4106 de
660 4031 793 4106 ecclesio
817 4060 894 4107 nov.
918 4036 989 4106 teli.
1008 4032 1105 4106 intel·
1129 4036 1213 4128 signi
1226 4035 1399 4105 rationem.
1452 4035 1607 4120 Denique
1623 4030 1645 4103 st
1665 4032 1718 4104 vel
1730 4036 1873 4107 ninxime
1886 4061 1969 4109 con-

270 4127 400 4226 ligitur,
418 4129 471 4206 vel
490 4133 524 4203 in
536 4156 660 4226 genere
676 4135 718 4203 de
735 4129 868 4206 ecclesio
885 4155 950 4204 vet.
972 4157 1010 4202 ac
1027 4155 1104 4204 nov.
1128 4140 1344 4217 cederemus,
1371 4134 1563 4221 conjugium
1584 4132 1620 4201 in
1643 4154 1720 4204 nos.
1739 4135 1875 4206 demum
1893 4136 1965 4210 test.

271 4235 333 4306 teil.
362 4233 513 4303 Priorem
529 4229 782 4319 explicationem
802 4227 1106 4320 amplediiturliel·
1129 4233 1215 4303 honc
1241 4228 1437 4303 relationem
1467 4224 1531 4302 effe
1562 4224 1734 4308 sortitam,
1767 4256 1866 4317 quem
1897 4257 1966 4306 non
2110 4313 2113 4320 ,

243 4327 246 4332 ’
271 4327 447 4410 lrtminus3
473 4323 823 4410 sedeotmat,‘1)eun
849 4331 948 4400 etism
977 4330 1011 4397 in
1038 4349 1105 4401 vet.
1133 4327 1285 4401 habuerit
1303 4330 1337 4401 in
1355 4328 1429 4400 test.
1447 4347 1514 4399 vet.
1537 4333 1626 4414 quod
1646 4325 1804 4416 fignificet
1829 4342 1966 4420 conjun·
2044 4394 2046 4400 .

271 4431 336 4500 teli.
356 4423 506 4498 habuill'e
523 4423 703 4499 eccleliom.
744 4426 960 4500 Bellarminus
973 4429 1107 4514 quidem
1133 4434 1276 4501 (tionem
1289 4421 1668 4505 Christicumecclefim
1692 4427 1839 4498 nonduin
1856 4448 1967 4514 tumen

231 4521 397 4601 t'dilserit
412 4521 473 4598 lib.
488 4529 547 4595 lll.
567 4528 609 4596 de
628 4521 743 4599 eccle[
771 4524 840 4596 mil.
857 4552 929 4616 top.
962 4552 989 4596 ι.
1040 4521 1110 4596 Pa-
1133 4529 1280 4600 evitium
1310 4521 1421 4603 foret,
1465 4519 1528 4596 etse
1559 4515 1797 4597 sacromentum
1827 4534 1966 4616 proprie

247 4701 251 4708 ,
264 4626 386 4732 prium
405 4632 471 4695 aet.
491 4625 558 4724 tess.
570 4623 707 4719 proprie
723 4620 1036 4720 dicisynagogam,
1050 4645 1111 4720 po·
1133 4627 1259 4697 uiuum
1276 4671 1287 4703 ,
1313 4648 1352 4693 eo
1372 4617 1493 4705 scilicet
1507 4621 1627 4701 moda,
1651 4645 1718 4710 quo
1732 4620 1913 4724 baptismus
1929 4637 1965 4703 te

286 4725 386 4799 ulum
412 4743 491 4794 moa.
517 4723 584 4823 tesi.
606 4745 765 4819 nosquam
785 4721 857 4797 aliti
867 4723 1108 4820 sinagogam,
1133 4722 1327 4795 eucharistia
1350 4717 1424 4791 sunt
1441 4714 1658 4800 sacramento,
1683 4720 1759 4809 quin
1774 4723 1814 4790 od
1832 4724 1896 4794 tale
1915 4720 1966 4798 sc·

259 4749 321 4922 led
341 4817 683 4922 semiperactum,
711 4820 748 4894 id
769 4846 786 4893 e
821 4876 830 4909 ,
856 4821 1108 4902 evocationem
1133 4843 1339 4894 trementum
1362 4843 1429 4889 non
1453 4811 1572 4890 suflicit
1595 4820 1815 4910 quodeunque
1830 4843 1893 4892 nec
1908 4847 1966 4894 cu·
2091 4865 2100 4880 =

268 4919 322 4997 sed
338 4923 420 5012 quid
436 4924 479 4993 de
491 4931 533 4994 ea
547 4921 752 4993 statuendum
784 4942 828 5001 it,
849 4917 1031 5010 expofitum
1046 4917 1109 4989 fuit
1132 4926 1314 5008 juscunque
1330 4918 1378 4987 rei
1398 4911 1492 4985 srcrae
1512 4912 1666 5006 fignunt,
1692 4911 1745 4988 se'd
1763 4913 1895 5006 lignum
1909 4945 1967 4991 ex·
2014 4988 2016 4993 .

264 5023 297 5096 in
317 5025 416 5096 trost.
437 5023 481 5091 de
503 5013 618 5092 eccles.
644 5025 672 5108 ς.
698 5040 730 5106 5.
781 5020 883 5113 Quod
908 5017 929 5090 ti
955 5022 987 5088 in
1016 5012 1108 5091 sensu
1132 5018 1268 5098 hibens,
1294 5011 1462 5104 adplicans
1482 5021 1516 5086 dt
1537 5011 1711 5104 obfignons
1741 5014 1882 5104 gratiam
1908 5013 1993 5090 stu

238 5115 241 5120 ’
264 5123 451 5214 poileriore
473 5118 625 5198 dicitur,
655 5115 689 5186 in
709 5110 776 5188 sola
802 5109 953 5202 ec'clefio,
979 5117 1012 5187 id
1036 5118 1109 5200 eu„
1131 5113 1264 5212 angelis
1279 5114 1473 5208 propriant,
1494 5133 1533 5187 ut
1544 5107 1659 5206 sapius
1675 5107 1740 5186 fuit
1754 5114 1893 5186 dietum.

266 5222 334 5300 Dei
350 5215 485 5318 populu
503 5214 755 5294 mouimo'nium
769 5210 1105 5318 meditamentum,
1647 5237 1652 5242 ·
1785 5221 1811 5304 ς.
1826 5209 1981 5292 xxxi»

687 5359 691 5366 .
2148 5355 2194 5396 μ
