4884 5984
375 497 451 588 2³6
597 492 746 574 torva
768 486 892 566 xxvi.
941 486 1099 563 exon.
1149 487 1296 560 nant.
1313 487 1360 558 n.
1413 485 1523 560 aar,
1538 465 1581 560 it.
1617 484 1747 564 onus
1763 445 1805 566 ι’
1860 497 1879 546 .-

385 694 467 766 time
487 700 521 767 dr
542 690 677 765 honeste
698 690 910 762 matrimonio
928 687 1024 779 jungi
1043 681 1191 775 poffint,
1216 683 1396 762 uelandum
1408 684 1595 769 nuditatem
1607 688 1697 782 ejus,-
1713 709 1814 774 qurm
1825 684 2026 770 struinam

242 867 245 872 ,
385 794 505 881 quibus
524 790 752 879 qualitatibus,
775 787 797 860 li
818 790 875 878 qui
893 789 1135 868 destituuntur,
1151 786 1191 858 il·
1212 785 1299 885 juris
1324 811 1392 857 non
1420 782 1523 858 solum
1554 783 1692 858 forenfis
1712 794 1748 859 δι
1775 781 1936 872 mosaici,
1974 780 2026 866 sed

382 889 409 962 li
430 915 497 963 non
523 889 565 962 ab
590 893 683 963 ornni
712 892 844 979 penitus
869 886 1105 968 matrimonio,
1137 884 1190 958 sed
1215 890 1315 959 etiam
1331 886 1464 957 moralis
1479 910 1516 956 ac
1531 887 1705 974 perpetui,
1726 880 1866 957 inferius
1880 881 1941 958 suo
1955 885 2026 960 lora

382 992 539 1061 duntaxat
551 991 575 1060 ‘a
596 992 753 1080 conJugio
777 1013 854 1060 eum
873 990 971 1059 tertis
993 983 1190 1073 quibusdam
1214 982 1522 1060 demonstrabimus.
1574 988 1663 1057 Cum
1684 986 1774 1055 enim
1789 992 2026 1075 conjugesper

380 1083 528 1177 personis
542 1090 685 1161 ineundo
699 1111 865 1161 arcentur.
916 1088 969 1158 Sir
980 1086 1038 1172 qui
1054 1082 1098 1154 ob
1113 1109 1192 1176 gra·
1214 1085 1418 1170 matrimonii
1435 1083 1605 1156 vinculum
1627 1082 1706 1156 fiant
1721 1103 1790 1154 utta
1807 1105 1906 1168 caro,
1940 1087 2023 1156 uea

380 1190 461 1258 dum
475 1187 617 1276 aliquem
633 1190 837 1278 cognationis
851 1210 927 1258 cum
943 1205 1032 1255 certa
1046 1187 1188 1271 quadam
1215 1193 1259 1259 ll.
1277 1210 1334 1262 2t·
1383 1182 1598 1256 Matth.XX.
1617 1195 1651 1256 6.
1702 1185 1779 1254 inde
1817 1185 1940 1256 divioae
1979 1175 2024 1252 sa·

379 1281 545 1375 persona,
571 1288 624 1358 eui
646 1290 746 1359 nimia
779 1284 1028 1375 propinquitate
1053 1284 1189 1380 junctus
1214 1286 1346 1373 pientiae
1363 1286 1563 1357 conveniens
1585 1280 1689 1354 risum
1714 1306 1782 1353 non
1802 1284 1870 1363 est,
1892 1305 1951 1366 ⁶05
1966 1278 2022 1367 <lui

378 1387 452 1464 est,
482 1387 675 1476 conjugium
703 1387 788 1456 inire
812 1381 1039 1475 prohibetur,
1072 1384 1188 1475 is'non
1213 1385 1463 1472 propinquitate
1498 1385 1605 1454 carnis
1640 1389 1707 1470 jam
1745 1401 1822 1454 ante
1854 1377 2023 1467 contundi

377 1484 485 1554 statim
508 1483 553 1554 ob
579 1487 670 1555 omni
701 1487 832 1574 penitus
858 1482 1071 1553 matrimonio
1097 1506 1184 1553 arte·
1212 1504 1307 1555 erant
1315 1530 1327 1564 ,
1351 1507 1414 1571 per
1436 1485 1630 1573 conjugium
1645 1483 1679 1552 in
1699 1505 1799 1551 unam
1814 1503 1952 1551 carnem
1968 1500 2022 1548 or·

378 1601 454 1661 tut,
480 1580 534 1653 sed
558 1579 696 1654 liberam
714 1581 870 1655 eumalio
896 1575 1035 1670 persona
1056 1602 1185 1653 eontra·
1211 1582 1331 1671 pulani.
1394 1584 1544 1654 Nimiam
1563 1576 1789 1672 disparitatem
1815 1574 1882 1651 effe
1910 1575 2024 1659 metri-

378 1677 480 1752 ltendi
502 1684 696 1768 potestatem
716 1684 848 1755 retinet.
896 1678 995 1753 Tales
1015 1678 1187 1769 qualitates
1211 1683 1315 1753 monii
1344 1684 1649 1768 impedimentum,
1683 1681 1800 1751 itidem
1831 1678 1964 1754 constat,
1984 1696 2023 1748 ex

376 1778 412 1849 in
442 1775 589 1867 personis
618 1783 832 1853 matrimonio
860 1780 1054 1867 copulandis
1083 1777 1186 1851 relate
1210 1782 1322 1853 divina
1347 1776 1513 1852 santtione
1538 1787 1639 1858 Deut,
1653 1784 1729 1851 Vll.
1754 1803 1785 1864 3.
1845 1772 1928 1848 Non
1945 1778 2022 1871 jutt-

376 1876 587 1949 confidentis
621 1875 781 1965 reqnilitae
813 1881 963 1952 revocari
993 1875 1123 1966 poliunt
1145 1882 1186 1950 ad
1209 1905 1268 1973 ges
1289 1891 1320 1952 te
1336 1880 1516 1977 adfinitate
1535 1874 1880 1974 Cananaeispopalir‚
1899 1875 2017 1973 filiam

375 1976 443 2047 duo
464 1977 631 2069 generalia
653 1981 778 2067 capita,
809 2005 851 2052 ne
880 1974 1003 2048 scilicet
1025 1976 1186 2065 ejusmodi
1210 1990 1303 2052 tuam
1323 2003 1388 2051 non
1411 1977 1510 2052 dabir
1527 1978 1609 2074 filio
1633 1980 1722 2075 ejus,
1756 1974 1797 2050 8
1810 1975 1929 2072 filiam
1951 1977 2019 2071 ejas

375 2072 546 2163 persone,
570 2083 612 2149 de
630 2102 770 2164 quarum
787 2079 994 2151 maritatione
1007 2081 1184 2161 queritur.
1209 2101 1275 2151 nort
1287 2079 1482 2175 capiesfilio
1496 2088 1572 2164 tuo,
1598 2105 1671 2166 φιτ
1683 2079 1890 2159 constitutio,
1907 2098 2021 2162 quam·

375 2168 439 2244 fint
459 2175 563 2248 nimis
584 2177 796 2272 propinqua,
822 2202 883 2249 nec
906 2175 1047 2247 nimium
1071 2173 1187 2271 dispa—
1210 2180 1258 2248 vis
1276 2178 1404 2265 fitJuris
1421 2175 1557 2249 forensis
1573 2181 1614 2248 ad
1630 2174 1841 2247 israeliticum
1855 2170 2050 2262 populun(

322 2365 324 2370 λ
374 2293 438 2347 rer.
491 2277 541 2346 Ac
565 2276 705 2362 proinde
730 2279 797 2348 duo
816 2277 1021 2348 matrimonii
1044 2277 1185 2362 impedi·
1210 2280 1347 2365 proprie
1369 2274 1536 2366 spectans,
1560 2300 1670 2348 tamen
1688 2276 1812 2344 morale
1826 2271 1916 2343 illiue
1937 2271 2019 2364 legia

237 2389 241 2400 ’
281 2437 285 2444 ,
375 2395 487 2444 menta
505 2370 561 2445 hic
585 2376 737 2447 constitui
754 2373 907 2462 poliunt,
932 2373 1040 2446 nimia
1061 2370 1184 2446 scilicet
1206 2379 1255 2449 est
1273 2399 1493 2466 perpetuum,
1523 2400 1559 2447 ot
1577 2370 1633 2446 suo
1654 2370 1862 2443 manifestum
1887 2367 1947 2443 liet
1971 2369 2033 2442 lo·.

370 2471 635 2566 propinquitas,
667 2497 706 2545 ac
728 2473 837 2546 nimia
864 2471 1061 2572 disparitas.
1120 2475 1182 2545 Ni·
1208 2499 1259 2546 co.
1328 2480 1412 2546 Dua
1443 2479 1584 2563 proinde
1620 2474 1716 2560 liujus
1756 2467 1888 2541 articuli
1926 2469 2018 2541 statui

373 2572 475 2641 miam
500 2573 782 2661 propinquitatem
811 2570 874 2645 effe
906 2575 1184 2662 impedimentum
1208 2570 1343 2662 possunt
1369 2595 1498 2660 partes,
1529 2597 1669 2661 quarum
1698 2572 1792 2659 prior
1813 2573 1855 2640 de
1878 2567 2018 2664 propia·

374 2671 596 2751 matrimonii,
620 2673 745 2742 constat
766 2697 806 2743 ex
820 2669 993 2745 manifesta
1006 2670 1111 2743 divini
1129 2671 1185 2742 eo·
1207 2673 1336 2767 quitata
1350 2676 1598 2742 matrimonium
1612 2673 1834 2759 impediente,
1856 2667 2015 2757 posterior

273 2785 305 2814 .‹
374 2767 456 2840 dieis
478 2762 668 2851 santlione,
691 2771 798 2843 Levit.
821 2777 947 2844 lell.
975 2780 1007 2841 6.
1061 2763 1185 2842 Nullas
1206 2778 1250 2842 de
1265 2768 1468 2866 disparitate
1488 2769 1641 2865 legitimo
1659 2767 1876 2842 matrimonio
1900 2770 2018 2850 adver!

374 2863 423 2940 ad
437 2869 665 2968 propinquam
687 2870 801 2945 carnit
813 2866 889 2968 saae
907 2866 1044 2944 accedat
1062 2867 1110 2941 ad
1133 2891 1184 2942 rr·
1207 2866 1240 2943 sa
1256 2868 1422 2944 tractabit
2051 2881 2055 2890 '

1062 3063 1253 3143 PARS
1294 3065 1327 3144 1.

861 3216 924 3287 DF.
974 3216 1203 3288 GRADlBVS
1254 3217 1531 3288 PROHlBlTlS.

1045 3370 1079 3455 q.
1126 3363 1347 3435 ccxxxix.

381 3521 489 3589 Nimia
526 3544 577 3587 m,
776 3481 946 3554 Ceterum
970 3500 1008 3551 ot
1027 3483 1070 3556 de
1104 3506 1184 3579 pro·
1206 3482 1263 3555 nis
1279 3480 1508 3579 copulatione,
1533 3482 1622 3554 unde
1636 3476 1796 3552 adfinitas.
1847 3480 1921 3550 Nos
1937 3501 2017 3569 pau·

363 3669 367 3674 ι
403 3543 573 3688 pinqussas,
644 3574 838 3676 pinquitate
852 3580 1101 3652 matrimonium
1120 3586 1181 3655 im·
1206 3580 1241 3653 lo
1263 3582 1394 3672 plenius
1419 3580 1461 3652 fic
1487 3605 1730 3654 enumeramus.
1782 3579 2014 3666 Propinquittr

646 3678 802 3767 pediente
824 3681 946 3750 redtius
977 3675 1049 3751 fieri
1083 3679 1183 3769 possit
1207 3676 1443 3767 personarum,
1467 3686 1508 3751 de
1527 3705 1668 3770 quarum
1685 3676 1921 3748 matrimoniali
1937 3702 2015 3751 ton-

364 3778 551 3865 judicium,
591 3802 631 3848 ac
661 3774 781 3848 clarius
817 3773 999 3862 elucescat,
1042 3804 1116 3866 quae
1147 3791 1182 3852 δι
1202 3777 1377 3876 juntiione
1396 3784 1583 3866 quaritur,
1616 3781 1663 3850 est
1691 3778 1752 3849 vel.
1775 3775 1933 3875 honesta,
1964 3771 2016 3868 vel

364 3873 470 3960 qualis
517 3877 747 3963 propinquitas
791 3878 1001 3946 matrimonio
1031 3874 1183 3949 adverse·
1205 3878 1386 3978 inhonesta.
1437 3882 1581 3952 Honesta
1597 3881 1644 3950 est
1668 3875 1719 3947 vel
1746 3872 1935 3958 naturalis,
1961 3871 2024 3946 vel.

365 3991 440 4051 tur,
463 3997 540 4043 cum
559 3968 723 4043 sententia·
744 3972 926 4061 plurimum
948 4000 984 4043 ea
1005 3979 1045 4047 de
1066 4001 1103 4047 re
1127 4003 1184 4047 va·
1206 3976 1414 4052 voluntaria.
1463 3977 1632 4050 Naturalis
1652 4001 1724 4063 φιτ
1745 3975 1787 4045 ab
1808 3969 1876 4064 ipsa
1896 3995 2013 4045 notura

363 4071 698 4149 rient,ideodotendi
710 4075 816 4161 gratia
824 4075 1082 4160 propinquitatis
1094 4073 1182 4146 illius
1204 4080 1370 4168 originem
1390 4076 1512 4157 habet,
1548 4089 1582 4151 δι
1602 4079 1635 4145 in
1653 4072 1792 4144 naturali
1805 4075 2013 4160 conjunttio-

364 4169 461 4239 llatui
475 4165 606 4259 poliunt
617 4192 714 4242 terte
729 4175 878 4257 quadarn
891 4169 1073 4244 diviliones.
1100 4178 1179 4245 Pro-
1204 4201 1246 4246 ne
1273 4174 1442 4248 fundatur.
1470 4180 1518 4267 (*)
1567 4175 1788 4250 Voluntaria,
1824 4196 1896 4258 quat
1926 4197 1946 4240 a
1972 4169 2012 4241 li·

361 4267 1180 4365 pinquitasjuxtaquosdamelltriplex,velto'pa
1204 4271 1282 4344 bera
1319 4273 1461 4345 hominis
1495 4274 1665 4345 voluntate
1699 4272 1864 4360 originem
1900 4268 2012 4341 trahit.

361 4365 415 4437 vel
437 4362 640 4458 πνέυματος
667 4368 718 4437 vel
739 4363 862 4464 σαρκὸς
885 4366 905 4445 ti
926 4363 1062 4462 φύσεος,
1085 4370 1179 4466 lega-
1203 4375 1434 4461 propinquitas
1452 4373 1607 4444 naturalis
1629 4368 1794 4458 spettatur
1811 4370 1845 4436 in
1872 4366 2013 4446 conian-

360 4463 423 4548 li5‚
441 4462 660 4566 spiritualis,
684 4468 865 4539 naturalis.
915 4468 1046 4557 tegatis
1068 4473 1114 4540 est
1136 4496 1177 4541 ex
1200 4472 1381 4565 guinitate.
1417 4473 1611 4542 Voluntaria
1637 4469 1868 4557 propinquitas
1888 4471 1937 4538 eli
1959 4464 2013 4539 vel

360 4562 563 4656 adoptione,
599 4563 776 4652 spiritualis
808 4592 848 4636 ex
877 4571 1177 4661 compaternitate,
1201 4571 1467 4643 matrimonialis
1494 4571 1548 4643 vel
1572 4568 1713 4641 alterius
1731 4566 1871 4661 generis.
1932 4570 2023 4648 Pro,

355 4662 512 4735 naturalis
531 4663 596 4735 sive
611 4664 749 4735 carnalis
772 4666 818 4736 est
846 4664 897 4735 vel
917 4690 955 4735 er
970 4669 1085 4740 carnis
1097 4690 1177 4764 pro·
1202 4672 1367 4757 pinquitas
1387 4672 1570 4742 voluntaria
1584 4665 1832 4739 inatrimonialis
1849 4666 1894 4733 eil
1911 4675 1945 4737 δι
1960 4657 2012 4737 di·

352 4763 557 4858 pagationc,
579 4760 962 4856 underonsanguinitas3
977 4767 1085 4839 velex
1101 4790 1175 4842 car·
1198 4770 1287 4839 citur
1310 4769 1486 4868 adfinitas.
1536 4767 1770 4859 Propinquitas
1789 4762 1924 4837 alterius
1951 4767 2013 4878 g'e-

1094 4896 1099 4906 ·
1919 4886 2015 4939 nem

371 5056 426 5137 (0)
445 5054 500 5119 1⁴:st
513 5055 598 5120 enim
620 5055 878 5152 consanguinitas
896 5060 981 5144 quast
1000 5060 1161 5143 sanguinis
1224 5063 1328 5149 stirafl
1341 5065 1492 5150 adpellari
1512 5058 1603 5125 solet.

432 5141 553 5214 amics,
577 5154 649 5222 quae
661 5157 842 5221 germanice
849 5140 899 5205 dic
906 5141 1165 5212 uiues-Freiria
