4884 5984
692 498 851 585 „ua
900 462 1519 585 communiverant:
1611 518 1688 613 gg
1879 522 1948 600 ιγ,

356 693 438 774 rtet,
462 681 624 781 religionis
630 632 751 779 gretia!
764 681 913 778 coniugia
927 619 1034 762 debere
1048 680 1112 776 dis·
1145 627 1628 783 Hemmingiusdecomug.
1648 699 1789 777 p0172.
1809 677 1948 775 Mareu*
1996 690 2001 713 ²

356 786 405 876 ri,
430 805 543 853 unam
552 782 719 876 sciendum
738 778 920 874 est.·qtcoti
937 781 1110 852 lcxdioc'no
1145 786 1224 855 rius
1243 784 1279 852 in
1297 802 1434 853 comm..
1457 806 1488 857 1.
1507 783 1590 870 lior.
1604 778 1684 854 Vll.
1730 781 1891 857 Bucerus
1909 781 1947 850 in

356 880 554 974 prohibuit,
578 880 699 951 veritas
718 880 803 947 enim
817 880 931 948 dicit:
955 900 1021 949 eon
1041 879 1110 950 accc
1143 881 1276 954 Matth.
1284 877 1379 949 XIX.
1405 881 1651 954 Wesenbecius
1663 882 1700 953 in
1714 879 1870 977 paratitl.
1884 879 1946 950 Al-

356 983 463 1055 tittere
476 1002 610 1049 uxorem
620 988 749 1068 excepto
764 974 1107 1071 rauscesorreicetiont'r.
1139 983 1257 1052 clanis
1272 973 1335 1047 lib.
1349 978 1411 1050 Vl.
1425 1002 1567 1077 parerg.
1582 1003 1613 1052 c.
1632 995 1692 1068 29.
1708 986 1773 1052 διο.
1824 977 1947 1082 Argu·
2086 1028 2089 1033 ·

356 1099 399 1171 p..
416 1077 574 1174 iuſs-ace.
604 1075 760 1147 eadem:
787 1072 861 1172 Ntst
876 1074 1108 1169 fhreicctiorcic
1142 1073 1274 1149 mentis
1296 1093 1447 1150 utuntur
1477 1077 1552 1151 fere
1578 1081 1683 1151 eius·'

356 1173 401 1268 fia
432 1178 504 1247 viro
524 1195 660 1245 exorem
690 1174 850 1254 dimittere
873 1172 964 1245 nuta
980 1175 1107 1244 ratione
1141 1174 1265 1247 modi:
1289 1172 1675 1276 1.)omagiflratrcroo'·
1721 1172 1947 1255 &mugitum

356 1274 490 1342 ceditur.
541 1269 626 1365 Cap.
647 1270 752 1345 Dixit
768 1277 834 1343 occ.
854 1286 918 1353 32.
931 1292 968 1365 q.
991 1294 1022 1344 1.
1048 1272 1106 1340 So-
1136 1275 1282 1344 torirate.
1332 1272 1418 1359 Qua
1444 1272 1672 1371 magistrumn·
1721 1253 1801 1334 Μ’
1817 1257 1885 1316 ‘¹¹³‘
1901 1252 1947 1311 ‘¹¹7'
2156 1338 2160 1347 .

1713 1373 1716 1377 .
1741 1332 1927 1411 cornicorfce

356 1370 532 1465 fornicatio
560 1368 629 1463 est,
652 1370 872 1466 peccattoris
899 1370 1106 1466 vincitodse·
1140 1371 1335 1444 ordinatae
1349 1369 1456 1461 facit,
1482 1370 1559 1443 Deo
1575 1393 1674 1444 auto·
1753 1417 1895 1495 ΜΨ,

356 1493 408 1559 ιη,
432 1471 493 1540 ino
509 1490 585 1538 crem
601 1466 656 1537 illa
677 1491 778 1537 onom
801 1489 929 1537 carnem
949 1467 985 1547 in
1006 1467 1106 1537 alione
1139 1491 1180 1540 re
1196 1470 1408 1540 ordinantur
1421 1492 1461 1541 ae
1473 1467 1575 1541 fiunt.
1609 1471 1671 1543 Er·
1751 1556 1758 1569 ι

356 1567 440 1660 firit
450 1599 464 1647 ,’
484 1564 579 1660 &se
588 1563 811 1657 fornicatione
840 1591 863 1635 o
877 1567 996 1635 morito
1004 1564 1105 1660 sepa·
1140 1589 1189 1662 go
1215 1567 1357 1638 licitum
1383 1565 1430 1638 est
1449 1566 1673 1663 magistratui

356 1668 447 1739 arie.
471 1669 536 1735 ion
554 1667 642 1733 debet
657 1663 784 1742 teceri,
809 1687 850 1733 ne
864 1665 1106 1759 cirumquaque
1140 1660 1265 1736 causas
1294 1664 1381 1735 alias
1416 1667 1557 1739 addere.
1608 1663 1793 1738 Exclufiva
1819 1661 1946 1736 Christi
2058 1724 2059 1729 ,
2166 1684 2174 1691 ·

367 1761 657 1855 maleditiofacict.
711 1758 798 1856 Cap.
817 1756 861 1834 Ire
877 1764 1024 1859 coniugio
1038 1769 1103 1833 acc.
1141 1762 1306 1834 divortiis
1327 1764 1467 1856 privata
1497 1765 1685 1837 autoritate
1717 1759 1820 1834 fariis
1849 1759 1945 1833 retia
2070 1796 2074 1802 ·

356 1859 390 1934 d'.
412 1868 446 1932 ot
469 1857 593 1954 qualo
614 1858 769 1930 iisdem:
795 1859 840 1929 In
863 1861 1009 1957 coniugio
1031 1861 1106 1954 quic
1138 1859 1286 1930 interim
1303 1863 1508 1955 opponitur.
1558 1848 1658 1955 Resp.
1689 1863 1736 1954 1.)
1763 1861 1878 1952 Alina,
1897 1856 1945 1930 est

356 1960 630 2054 itasqtccecttnqttr
641 1957 922 2050 peccotcfeeerit.
948 1982 1013 2027 oon
1022 1982 1105 2050 pro·
1137 1959 1189 2027 ias
1206 1958 1283 2051 fori
1298 2005 1312 2034 .
1338 1958 1436 2031 aliud
1462 1960 1513 2028 ias
1536 1956 1615 2054 poli.
1668 1957 1943 2031 constitutiones
1997 1980 2000 1984 ·

356 2081 406 2126 rm
426 2055 591 2152 infuscant
618 2056 786 2151 coniugem
808 2101 822 2132 ‚
838 2053 901 2149 sed
923 2056 1104 2149 fornicatio
1136 2057 1289 2149 politicae
1312 2076 1385 2126 non
1405 2053 1545 2150 poliunt
1566 2055 1816 2133 conscientiam
1840 2076 1944 2151 paca·

356 2179 433 2225 nem
450 2154 658 2249 coinquinat,
686 2163 724 2221 ot
738 2155 802 2233 ianr
818 2154 940 2253 confit,
953 2155 1024 2224 uiro
1035 2153 1099 2249 seco
1137 2174 1177 2223 re
1194 2202 1209 2242 ‚
1234 2154 1299 2224 nist
1311 2152 1395 2224 adfrt
1407 2154 1476 2224 Dei
1487 2153 1652 2249 verbum.
1685 2155 1753 2248 ²2.)
1784 2148 1951 2227 Christus*

356 2268 384 2323 ,u
401 2300 414 2335 ,
433 2251 494 2347 fed
510 2250 670 2322 cautere.
726 2242 811 2351 cap.
834 2252 869 2322 St
885 2274 1019 2323 uxorem
1036 2259 1101 2324 &a
1137 2247 1295 2347 exprelle
1313 2253 1551 2346 pronunciat:
1578 2254 1722 2330 Omnis,
1743 2255 1798 2347 qai
1819 2249 1943 2355 dimise3

356 2349 389 2423 ts.
411 2351 541 2422 eadem
564 2371 601 2443 q.
626 2369 657 2440 ς.
685 2349 719 2418 Si
739 2371 873 2420 uxorem
894 2353 968 2446 quic
989 2349 1105 2419 habear
1136 2353 1183 2420 rit
1198 2347 1463 2440 uxoremsttonr,
1481 2352 1942 2445 exceptofornicotioniscart'·

357 2449 427 2520 uem
442 2495 453 2527 ,
467 2448 538 2545 flue
556 2468 690 2539 corpore
710 2443 907 2533 deformem,
923 2448 995 2546 fiae
1016 2449 1101 2517 deli·
1126 2447 1192 2541 fir,
1205 2446 1399 2527 adulterium
1416 2451 1607 2529 committit,
1625 2452 1703 2523 eius
1721 2449 1941 2520 contrarium
2026 2500 2030 2505 -

367 2549 534 2628 membru,
560 2543 633 2617 &a
656 2542 703 2618 δ’
719 2549 874 2641 quidquid
888 2546 1099 2639 exceptofor-
1136 2541 1363 2639 magistratus
1389 2543 1538 2617 statuere
1560 2568 1626 2618 nee
1651 2544 1762 2643 potest
1789 2540 1857 2616 nec·
1882 2547 1940 2616 de·
2006 2535 2014 2555 '

356 2646 465 2718 uncis
484 2643 582 2736 causa
599 2645 739 2737 cogitari
758 2642 882 2741 potest,
907 2643 1102 2714 vehementer
1136 2641 1214 2714 bet.¹
1257 2640 1433 2714 statueret
1453 2663 1601 2731 autem,
1630 2645 1653 2715 st
1678 2646 1765 2716 alias
1795 2639 1941 2714 divortii

356 2744 444 2814 riiile
455 2766 516 2835 pro
522 2740 675 2835 strcietate
679 2738 810 2836 fideque
815 2741 987 2837 suplicent.
1015 2737 1101 2833 Cap.
1137 2738 1256 2811 causas
1277 2739 1541 2831 introduceret,
1568 2743 1655 2836 quia
1674 2743 1748 2818 haec
1769 2741 1840 2815 duo
1858 2762 1941 2835 con·

356 2853 513 2936 receptum
538 2846 606 2912 acc.
628 2837 766 2909 ibidem
785 2862 831 2910 ex
856 2830 1008 2911 concilio
1028 2836 1101 2906 To·
1135 2834 1340 2909 traditlorie
1373 2835 1446 2929 fibiv
1467 2839 1624 2910 invicem
1660 2838 1739 2912 lunt
1773 2836 1941 2933 oppotita.

356 2963 437 3013 tnot
465 2939 655 3034 Quicunque
668 2949 762 3007 extra
777 2936 1102 3033 colpamfornieatio·
1137 2935 1294 3019 Omnis,
1323 2935 1388 3026 qui
1409 2954 1508 3006 extra
1528 2935 1775 3007 fornicationis
1802 2933 1942 3008 causam

366 3060 501 3109 uxorem
521 3035 616 3126 stram
635 3058 824 3132 quamque
843 3038 1001 3128 occasione
1026 3034 1101 3103 reli·
1136 3030 1295 3105 uxorem
1311 3031 1479 3118 dimittit,
1507 3033 1667 3105 &aliam
1689 3034 1816 3120 ducit,
1842 3033 1941 3105 adul·

356 3141 422 3225 rit,
446 3132 696 3232 ouerclcflossr'eo
712 3138 929 3205 communione
943 3137 1101 3227 privetur.
1136 3128 1268 3202 terium
1282 3131 1484 3201 committit.
1532 3131 1570 3203 N
1571 3152 1617 3203 on
1634 3133 1775 3218 omnis,
1803 3133 1865 3224 qui
1880 3153 1941 3201 ex·

356 3258 382 3309 a
412 3231 505 3329 Quiri
520 3236 556 3302 in
576 3233 723 3304 omnibus
747 3241 812 3305 &a
835 3249 894 3316 32.
923 3228 1044 3325 quaell.
1064 3249 1101 3321 7.
1136 3248 1192 3300 tra
1215 3225 1462 3298 fornicationis
1483 3226 1623 3299 causam
1644 3222 1797 3298 uxo‘rem
1822 3225 1941 3297 diritit·

356 3323 386 3404 id
403 3336 438 3403 in
453 3334 599 3402 omniurn
609 3334 750 3421 peccatis
778 3332 936 3401 adulterio
960 3327 1100 3425 estgro·
1134 3325 1197 3412 tit,
1225 3325 1381 3421 &aliam
1399 3326 1520 3411 ducit,
1544 3325 1762 3399 adulterium
1776 3325 1940 3395 commit.

356 3458 377 3505 r.
426 3427 512 3524 Cap.
537 3431 631 3505 Uxor
647 3437 711 3501 occ.
737 3426 828 3500 caus.
849 3424 1015 3523 aequest.
1038 3425 1099 3496 iis·
1134 3424 1196 3495 tit.
1240 3422 1291 3514 3.)
1318 3422 1500 3494 Particulae
1520 3420 1596 3506 πᾶς
1615 3418 1676 3496 rai
1693 3418 1752 3508 ὃς,
1777 3414 1940 3494 omnic&

356 3551 407 3604 nt
437 3529 533 3600 Uxor
553 3552 574 3598 a
593 3527 664 3595 uiro
680 3552 745 3598 cor
763 3527 923 3621 discedat,
949 3522 1009 3622 nist
1021 3545 1099 3593 eou-
1133 3525 1318 3616 quicunque
1339 3571 1349 3603 ,
1374 3542 1457 3590 cum
1489 3520 1590 3614 prior
1627 3520 1665 3592 st‘t
1700 3516 1939 3606 universalis,

356 3629 602 3706 fornicationis..
639 3620 861 3718 Cumprimis
898 3626 969 3693 huc
991 3620 1099 3715 perti·
1134 3618 1308 3715 posterior
1324 3615 1572 3708 distributiva,
1601 3640 1674 3691 non
1696 3617 1759 3689 nist
1780 3637 1845 3711 per
1862 3617 1940 3687 vio·

378 3726 587 3816 rescriptum
611 3723 811 3793 innocentii
828 3744 905 3816 cap.
925 3718 1100 3809 Dffceetio-
1134 3718 1269 3788 lentam
1289 3715 1522 3790 detorfionem
1537 3737 1619 3787 cum
1642 3718 1852 3810 exceptione
1863 3734 1939 3786 ma·

356 3854 362 3896 ι
382 3835 446 3899 διο.
466 3820 516 3896 rt‘..
534 3825 577 3892 de
594 3843 635 3891 eo
655 3867 668 3906 ‚
694 3820 758 3912 qui
782 3841 887 3915 cogn.
908 3816 1099 3910 consangv.
1133 3813 1299 3909 gistratus
1316 3813 1469 3907 intelligi
1482 3791 1619 3906 poliunt
1633 3822 1674 3886 a'c
1690 3813 1838 3899 debent,
1853 3814 1939 3906 quia

356 3948 398 3998 rr.
425 3918 1100 4014 Secundumevangelicanueritatemnurt-
1134 3930 1174 3983 ut
1197 3907 1423 4004 magistratus
1451 3933 1522 3982 non
1546 3909 1657 4005 potest
1681 3930 1829 4005 propter
1858 3931 1938 3979 cau-

359 4048 409 4107 m,
422 4021 483 4112 ctist
492 4029 628 4112 propter
628 4016 861 4112 fornicationis
874 4011 1025 4102 causam,
1040 4020 1100 4080 acc
1134 4007 1208 4082 sam
1228 4007 1361 4093 aliam,
1388 4028 1499 4103 quam
1522 4011 1655 4102 quaein
1674 4005 1794 4078 verbis
1812 4005 1940 4078 Christi
2004 4071 2009 4077 ,

365 4105 524 4199 uxorem.
546 4127 607 4188 cat
632 4137 721 4191 texor
736 4115 844 4187 oirtcm
860 4109 965 4209 potest
990 4110 1101 4181 dimit·
1135 4101 1293 4202 exprella
1316 4102 1363 4175 est
1378 4154 1390 4192 ,
1408 4107 1603 4177 divortium
1616 4105 1757 4193 faeere,
1782 4105 1833 4177 ita
1849 4126 1938 4198 quo·
2010 4156 2013 4161 -

1135 4224 1205 4299 que
1234 4223 1306 4273 non
1336 4201 1445 4295 poteil
1472 4202 1580 4276 aliam
1609 4205 1756 4276 divortii
1784 4201 1940 4275 faciendi

1135 4300 1423 4469 musampraeter
1442 4322 1548 4388 eam,
1577 4324 1655 4398 quae
1677 4299 1852 4373 aChrist'o
1878 4316 1938 4374 ex·-

356 4412 521 4498 Qm·
642 4422 673 4499 ς.
698 4407 809 4484 DCV.
860 4388 927 4476 Sed
957 4400 1096 4493 aelli.)
1131 4395 1282 4496 paellae

1319 4446 1331 4483 ‚
1359 4396 1428 4470 suis
1449 4394 1938 4487 sanctionibustntmducere.
2044 4448 2047 4454 -

384 4495 518 4574 ΜΨ·
567 4512 718 4605 quidam
731 4506 867 4602 theologi
881 4525 929 4575 ac
947 4502 1102 4571 iuriscon-
1134 4499 1186 4590 4)
1213 4495 1292 4570 Nee
1318 4497 1477 4591 privatos
1497 4516 1663 4582 tantum,
1685 4496 1746 4568 sed
1769 4497 1877 4573 etiam
1899 4499 1938 4567 in
2045 4494 2047 4499 “
2131 4482 2136 4515 ¹

378 4573 416 4639 θ’
435 4574 515 4655 ¹0*
553 4610 663 4701 salci,
676 4611 843 4680 Romanae
856 4598 1005 4672 ecclesiae
1032 4596 1100 4666 mi·
1134 4594 1279 4690 publico
1298 4592 1523 4688 magistratus
1537 4591 1649 4665 officio
1668 4593 1871 4667 constitutos
1887 4595 1938 4667 di·-

359 4674 433 4719 ron.
566 4707 664 4776 nime
708 4699 862 4786 audiui,
890 4697 1102 4792 permittunt
1122 4690 1235 4765 “etum
1248 4688 1375 4763 Christi
1393 4694 1552 4779 adtinet,
1580 4692 1664 4784 quia
1680 4694 1870 4764 temeraria
1886 4693 1965 4764 div

567 4801 809 4898 magistratui,
838 4817 878 4870 ut
896 4797 939 4866 ad
961 4788 1102 4873 causam
1134 4792 1253 4862 vortia
1269 4792 1317 4861 ita
1338 4787 1509 4887 aCh'rillo
1530 4790 1790 4884 prohibentur,
1813 4809 1938 4863 uttan-

356 4902 442 4972 ortii
461 4902 499 4971 in
526 4899 637 4971 verbo
653 4895 737 4970 'Dei
753 4900 858 4969 unice
881 4886 1100 4987 expressam,
1136 4910 1214 4961 tum
1230 4886 1338 4959 ‘causa
1366 4885 1611 4961 fornicationis
1636 4890 1833 4961 divortium
1859 4888 1940 4960 lieri
2028 4932 2033 4941 ·

359 5001 461 5070 dicet
486 5000 705 5085 adulterium,
732 4997 853 5089 plures
880 4992 996 5062 addat.
1024 4988 1103 5056 phi.
1126 4988 1373 5082 permittatur.
1422 4986 1534 5078 Atqui
1556 4985 1593 5055 in
1622 4986 1775 5058 divortio
1807 4985 1852 5058 ob
1879 4989 1938 5058 ad·
2012 5064 2018 5070 „

356 5120 417 5193 pus
433 5094 691 5170 Melanchthon
711 5097 750 5167 in
771 5113 886 5166 exam.
910 5109 993 5183 pag.
1015 5102 1100 5177 759·
1136 5086 1307 5250 ulteripm
1326 5071 1487 5158 faciendo
1507 5081 1689 5180 publicam
1713 5082 1958 5180 magistratus,

1294 5195 1318 5253 2
1480 5246 1496 5255 ,
1839 5202 1939 5257 auto·
