4884 5984
398 493 471 573 rsa
558 547 564 556 ,
626 475 778 556 locvs
803 483 928 554 xxvr.
976 437 1133 553 cruia
1184 439 1330 554 ιιιιιι.
1349 481 1392 550 ιι.
1442 478 1550 553 aas.
1567 482 1610 553 ιι.
1660 474 1814 556 nausa
1850 449 1867 568 J
1998 464 2000 466 ’

397 675 581 774 graditur.
601 680 709 767 inquit
725 676 919 765 hibericas,
937 674 1000 778 sed
1018 672 1205 771 canonsuh
1232 672 1293 747 fine
1313 669 1490 757 censendir
1517 677 1672 759 interim,
1696 678 1771 763 quia
1789 677 1823 746 in
1845 674 2049 777 confijloriir

397 787 436 850 tu
453 779 658 873 praecipitat.
704 782 833 851 Contra
852 802 933 851 vero
955 780 1104 850 canonici
1125 776 1207 862 juris
1230 778 1389 845 canonica
1416 778 1622 877 computatio
1648 778 1836 858 retinetur,
1870 778 1945 850 ideo
1973 802 2045 850 nou

296 898 298 903 “
396 880 680 965 computationem
701 873 885 964 presserunt
904 901 969 948 non
986 871 1090 947 solum
1107 898 1205 945 cano-
1229 871 1331 945 debet
1348 898 1386 944 ea
1403 870 1597 961 simpliciter
1614 875 1793 961 repudiari.

395 976 485 1047 nistre
516 973 764 1064 &pontificib
788 975 1005 1055 Bellarminus
1035 972 1093 1046 lib.
1115 970 1140 1042 l.
1163 976 1205 1044 de
1275 981 1304 1064 ς.
1330 974 1488 1045 ccliv.
1519 975 1782 1044 Fundamentum
1990 1019 1992 1023 -

394 1076 803 1162 matrimon.cap.XXVl.
818 1076 1029 1161 Henriquez,
1045 1071 1203 1152 Sanchez,
1229 1072 1393 1142 canonica
1414 1064 1655 1157 supputationis
1682 1072 1715 1141 iu
1738 1095 1779 1143 eo
1829 1039 2042 1186 gff‘tlofflff

279 1185 282 1190 '
394 1172 462 1247 &c
490 1170 543 1245 sed
565 1172 715 1263 plerique
737 1176 837 1246 etiam
853 1175 1069 1259 nostratium,
1096 1175 1202 1242 Hen-
1226 1166 1389 1248 consistit,
1414 1171 1503 1257 quod
1521 1174 1554 1238 in
1570 1167 1694 1240 casibus
1709 1195 1778 1242 ma·
1868 1204 1987 1265 „om-5⁰3

393 1272 540 1363 turingius
558 1274 756 1362 delconjug.
775 1298 852 1363 pag.
873 1297 931 1365 70.
964 1271 1139 1355 Chyaraeus
1167 1271 1201 1339 in
1225 1263 1502 1347 trimonialibus,
1537 1264 1603 1338 save
1626 1270 1660 1337 in
1686 1294 1777 1365 qua·

394 1372 501 1441 Lerit.
520 1376 645 1442 XVlll.
668 1370 879 1444 Selneccerus
897 1374 930 1442 in
943 1394 1048 1440 eram.
1071 1369 1202 1440 Zehne·
1226 1364 1383 1437 stionibus
1398 1368 1440 1437 de
1460 1366 1693 1438 contrahendis
1719 1371 1805 1440 inter
1828 1370 2040 1458 propinquos

269 1525 276 1532 .
392 1492 451 1539 rus
465 1473 506 1540 de
525 1473 620 1561 grad.
639 1494 717 1561 pag.
738 1492 795 1555 25.
816 1469 1027 1544 Chemnitius
1041 1490 1126 1558 part.
1139 1474 1197 1539 111.
1225 1461 1349 1554 nuptiis
1373 1466 1511 1553 proprie
1532 1475 1566 1537 de
1587 1464 1819 1557 principaliter
1842 1495 1908 1540 non
1930 1465 2038 1540 consi·

362 1576 364 1580 ’
392 1563 457 1639 loc.
476 1570 517 1640 de
534 1569 760 1668 conjugpag.
774 1590 852 1665 537.
866 1574 1046 1642 Menzcrus
1061 1570 1103 1637 de
1119 1590 1197 1637 con·
1224 1566 1388 1643 deretur,
1424 1584 1586 1649 quantum
1615 1560 1755 1653 persona
1781 1594 1846 1640 una
1870 1568 1967 1639 distet
1992 1564 2037 1637 ab

390 1672 462 1757 jug.
485 1692 520 1755 p.
538 1689 594 1757 32.
630 1668 831 1739 Tarnorius·
850 1664 908 1739 lib.
941 1665 967 1738 l.
992 1670 1034 1737 de
1062 1664 1197 1762 conjug.
1222 1660 1343 1741 altera,
1370 1657 1561 1755 sr'ubsoluit
1575 1660 1712 1758 interse
1733 1686 1774 1735 nc
1791 1664 1903 1763 perse
1927 1660 2036 1746 conli-

336 1834 354 1842 ,
390 1788 465 1854 cap.
484 1769 556 1837 lli.
607 1770 709 1838 Unde
731 1767 766 1835 irr
791 1764 987 1837 consistoriis
1011 1767 1197 1836 communi·
1222 1762 1409 1847 derantur,
1434 1765 1524 1848 quod
1545 1763 1581 1831 in
1606 1761 1896 1839 hereditatibus&
1922 1761 2037 1837 tutelis

390 1881 443 1934 ter
459 1888 497 1936 ea
513 1859 728 1948 observatur,
750 1860 861 1957 (quod
877 1866 1035 1937 testantur
1052 1864 1197 1934 Beusiius
1221 1862 1312 1931 teile
1334 1857 1405 1930 lieri
1422 1864 1655 1941 concedimus,
1691 1856 1745 1935 sed
1769 1865 1804 1937 id
1833 1866 1943 1955 potius
1963 1859 2037 1953 spe·

229 1937 237 1950 Ἰ
389 1963 432 2033 de
447 1984 542 2050 nupt.
559 1989 636 2055 pag.
652 1967 733 2054 236.
759 1956 929 2036 Mansurus
946 1964 987 2033 dc
1004 1984 1099 2050 nupt.
1117 1986 1193 2052 pag.
1221 1962 1348 2036 statur,
1372 1980 1532 2044 quantum
1559 1956 1699 2047 persona
1721 1984 1860 2051 utraque
1884 1964 1980 2036 distet
2009 1982 2034 2034 ο

386 2076 447 2155 75.
472 2061 740 2139 Schneidewinus
763 2061 820 2132 lib.
840 2068 865 2134 1.
883 2062 981 2133 instit.
1005 2063 1056 2131 tit.
1084 2064 1195 2135 rode
1219 2057 1529 2154 communistipiie‚
1556 2060 1588 2129 io
1608 2084 1672 2146 qua
1688 2059 2034 2152 cognatiusundaturI

386 2157 509 2232 arbore
525 2159 680 2250 consang.
708 2170 743 2234 δι
771 2154 1067 2233 manifestissimum
1086 2162 1132 2230 est
1154 2184 1194 2231 ex
1220 2155 1310 2249 Quia
1325 2157 1414 2227 enim
1432 2158 1466 2226 in
1483 2154 1679 2244 quibusdam
1693 2155 2033 2251 gradibussuutpto·

309 2275 321 2286 “·
386 2259 516 2330 constit.
533 2257 720 2347 erelauno.
750 2258 845 2331 elem.
872 2264 988 2331 Saron.
1013 2255 1072 2329 sol.
1101 2269 1194 2346 109.)
1219 2252 1331 2325 hibita
1351 2257 1475 2335 nuptiae
1494 2278 1636 2343 propter
1659 2263 1889 2332 communium
1909 2285 2035 2351 pareu-

332 2383 333 2390 ¹
384 2380 530 2444 quorum
546 2354 710 2431 sententia
727 2368 761 2429 δι
780 2382 840 2427 nos
861 2352 1108 2441 subscribimus,
1136 2356 1193 2428 ubi
1218 2373 1291 2423 tum
1318 2354 1542 2441 propinquam
1564 2359 1802 2446 cognationem
1819 2370 1854 2434 dt
1871 2382 2032 2450 reveren·

363 2474 498 2526 *tamen
513 2460 546 2525 in
566 2455 764 2527 formatione
783 2458 880 2526 status
896 2460 1088 2526 notandum.
1145 2460 1192 2542 ι.)
1217 2451 1296 2522 tiam
1320 2446 1485 2542 sanguinis
1503 2478 1543 2525 ex
1574 2477 1616 2525 eo
1638 2476 1769 2537 ortam,
1795 2460 1869 2529 ideo
1891 2480 1969 2531 ante
1993 2483 2033 2531 o·

384 2555 468 2624 Non
493 2550 557 2625 else
577 2557 807 2641 quastionem,
830 2581 870 2624 an
895 2552 1083 2641 supputatio
1109 2553 1192 2627 civi·
1216 2551 1304 2621 mnia
1320 2551 1536 2637 inquirendus
1552 2554 1599 2623 est
1619 2560 1805 2626 communis
1828 2557 1946 2647 stipes,
1976 2580 2032 2630 ut·

364 2650 426 2736 ,lis
449 2652 482 2721 in
503 2651 733 2724 controversiis
756 2652 796 2723 de
814 2649 1079 2749 srrcceffionibus,
1103 2651 1191 2725 here·
1215 2669 1296 2736 pote
1317 2645 1393 2720 fons
1410 2654 1618 2740 cognationis
1642 2679 1680 2723 ac
1706 2679 1772 2742 pro
1798 2658 1925 2728 ratione
1949 2678 2031 2746 pro·

384 2747 575 2853 litoribus,
600 2750 715 2824 tutelis
730 2762 764 2824 dt
786 2749 942 2823 similibus
962 2750 1059 2824 rebus
1076 2749 1112 2820 lit
1132 2753 1191 2823 ob·
1214 2748 1430 2833 pinguitudo,
1453 2748 1506 2819 vel
1533 2751 1692 2823 distantia
1729 2780 1748 2825 a
1771 2758 1945 2827 communi
1969 2755 2031 2831 illo

285 2896 298 2903 --
383 2842 569 2922 servandas
604 2852 638 2923 id
667 2853 756 2921 enim
778 2849 920 2922 libenter
950 2853 1190 2930 concedimus,
1214 2846 1323 2932 stipite
1348 2843 1589 2936 personarum,
1627 2854 1668 2921 de
1701 2849 1821 2939 quibus
1842 2856 2030 2941 quaeritur,

384 2970 463 3018 cum
476 2946 524 3018 ibi
542 2950 678 3036 proprie
693 2975 759 3019 non
780 2972 969 3037 quaeratur,
997 2974 1095 3037 quam
1112 2974 1186 3038 pro·
1215 2948 1457 3036 propinquitas,
1476 2946 1528 3017 vel
1559 2950 1708 3021 distantia
1739 2955 1830 3024 reue
1863 2953 2027 3028 statuitur.

284 3055 286 3060 '
381 3049 429 3134 pe'
448 3055 483 3119 &
504 3046 622 3136 procul
654 3043 800 3134 persona
829 3051 948 3122 dillent
979 3051 1190 3121 acommuni
1215 3041 1258 3114 In
1280 3044 1411 3139 legibus
1429 3048 1557 3139 (inquit
1581 3047 1766 3120 Alexander
1786 3075 1813 3121 c.
1841 3054 1882 3124 ad
1913 3047 2027 3125 sedeur

344 3219 350 3236 ἡ
382 3144 515 3236 stipite,
541 3140 597 3217 sed
612 3171 709 3236 quarn
727 3169 835 3235 prope
853 3142 1016 3235 persona,
1039 3152 1080 3217 de
1096 3154 1188 3235 cujus
1218 3166 1271 3231 35.
1298 3169 1329 3230 q.
1356 3156 1404 3228 5.)
1439 3144 1479 3216 ob
1503 3143 1591 3216 nihil
1624 3146 1722 3219 uliud
1755 3144 1828 3242 ipfia
1855 3150 2025 3243 graduum

383 3244 581 3335 cognatione
598 3246 776 3328 quaritur,
792 3245 895 3315 altera
909 3240 1045 3332 persona
1062 3242 1188 3316 srtcon·
1214 3243 1335 3312 mentio
1348 3241 1447 3333 furia
1470 3246 1532 3340 est,
1558 3245 1620 3329 nifi
1638 3258 1676 3317 ut
1692 3246 1857 3318 irraditur
1877 3248 1930 3320 uel
1944 3246 2025 3343 firc-

383 3345 515 3427 junt‘ia,
541 3368 578 3412 ac
596 3347 687 3412 Deus
705 3340 772 3430 ipse
789 3346 822 3413 in
838 3346 984 3413 adeunda
1007 3340 1188 3415 hereditate
1212 3339 1301 3437 ceffio
1333 3339 1376 3413 ab
1399 3366 1464 3412 urta
1492 3344 1538 3412 uti
1567 3345 1710 3416 alterum
1732 3346 1910 3441 personum
1934 3349 2025 3423 inter

381 3435 469 3510 hanc
488 3440 686 3528 supputandi
712 3446 873 3513 rationem
898 3444 1077 3513 monstrare
1100 3445 1186 3516 vide·
1213 3437 1475 3534 consanguineos
1506 3440 1688 3532 destruitis.
1765 3444 1807 3516 In
1837 3444 2023 3523 canonibus

373 3556 450 3618 tur.
466 3542 571 3611 Num.
588 3546 729 3611 xxvll.
747 3557 779 3625 8.
831 3543 893 3613 Sed
912 3542 1044 3627 quaestio
1060 3562 1126 3611 tota
1139 3544 1186 3612 in·
1213 3561 1289 3610 vero
1305 3538 1345 3610 ob
1363 3539 1423 3611 hoc
1437 3544 1613 3637 progenies
1629 3554 1858 3640 computatur,
1873 3558 1911 3617 ui
1923 3570 2021 3643 uper·

379 3638 492 3708 ilituta
509 3639 555 3709 est
576 3640 617 3708 de
639 3636 739 3710 causas
756 3637 1086 3719 matrimonialibus.
1114 3662 1186 3712 utra
1212 3646 1243 3708 le
1264 3643 1473 3738 monstretur,
1499 3665 1596 3736 usque
1617 3643 1663 3713 nd
1678 3651 1812 3738 quotum
1831 3650 2022 3740 generatio·

380 3731 580 3823 supputandi
605 3739 688 3807 ratio
707 3741 739 3806 in
765 3735 829 3808 illis
851 3738 969 3811 debeat
991 3735 1186 3819 observari?
1211 3761 1282 3807 nrm
1314 3736 1354 3811 δι’
1377 3739 1695 3835 consanguinrornm
1719 3744 2020 3915 nupsiirsrnbsti

383 3835 438 3915 2.)
458 3836 546 3922 Juris
562 3838 711 3904 canonici
727 3832 994 3924 supputationem
1016 3864 1085 3907 non
1103 3839 1186 3908 reci·
1210 3835 1369 3914 nendum
1386 3838 1436 3909 ibi
1445 3838 1692 3934 praescribitur,
1716 3844 1836 3914 uthere
1862 3848 1930 3918 itus
1938 3871 2019 3942 pro-

380 3932 450 4016 pia
471 3928 565 4000 nobis
584 3954 723 4021 propter
744 3938 973 4005 nodositatem
999 3933 1187 4022 pontilicis3
1207 3936 1345 4031 pinquis
1366 3938 1462 4008 modo
1485 3939 1638 4033 legitimo
1653 3941 1864 4035 conseratur:
1892 3944 1948 4016 hic
1964 3971 2019 4019 ve·

377 4022 436 4099 secl
458 4030 534 4114 quia
564 4026 666 4101 facilis
693 4035 739 4102 est
769 4042 803 4105 &
826 4037 1006 4121 expedita,
1033 4058 1070 4103 nc
1098 4059 1186 4119 que·
1210 4057 1260 4117 ro,
1283 4035 1458 4109 attrito&
1477 4040 1631 4112 canonice
1648 4043 1734 4114 inter
1747 4041 1867 4140 fideles
1889 4048 2018 4141 nupiiae
2043 4034 2045 4044 ¹

294 4149 304 4180 ·-
379 4126 539 4198 itionibus
554 4127 856 4209 ,nratrhnonialihus
877 4137 918 4203 de
939 4133 1094 4223 gradibus
1107 4155 1186 4218 pro·
1210 4134 1419 4208 celebrentur.
1442 4136 1652 4209 Chemnitius
1679 4144 1712 4213 d.
1736 4140 1758 4213 l.
1788 4139 1868 4216 Nou
1893 4148 2016 4239 quaeri·

327 4226 330 4231 ’
377 4225 572 4315 pinquitatis
591 4231 730 4300 maxime
744 4234 1003 4302 adcommodata.
1039 4228 1091 4327 3.)
1106 4234 1184 4302 Non
1209 4242 1265 4304 tur
1283 4237 1417 4330 proprie
1443 4247 1504 4307 aut
1516 4233 1749 4333 supputatur,
1775 4240 2014 4331 lucratione,

328 4357 331 4362 ⁴
375 4329 493 4416 negari
513 4354 529 4397 a
548 4324 667 4407 nubis,
690 4335 778 4415 quod
804 4331 927 4419 regulae
948 4333 1029 4418 Juris
1051 4334 1183 4401 canoni·
1207 4344 1287 4426 quoi
1298 4333 1462 4428 gradibus
1479 4336 1567 4407 inter
1569 4335 1609 4431 se
1622 4336 1769 4433 perfirnae
1785 4340 1867 4422 ille,
1880 4343 1920 4414 tie
1933 4368 2015 4437 quu-

374 4427 407 4494 ci
430 4430 471 4494 de
493 4420 723 4515 supputatione
746 4433 910 4516 graduum
938 4426 1048 4499 verbis
1075 4432 1181 4500 minus
1206 4456 1279 4503 rum
1299 4436 1508 4529 cognatione,
1523 4434 1577 4506 vel
1594 4436 1756 4537 distantia
1777 4444 2015 4543 quaestioinsti·

225 4557 228 4568 =
330 4582 333 4586 .
373 4526 520 4611 propriis
538 4550 575 4595 ae
594 4520 775 4612 perspicuis
795 4552 814 4595 a
834 4530 1004 4597 canonissis
1026 4526 1085 4596 snt
1102 4552 1181 4599 con·
1204 4532 1328 4616 initur,
1349 4532 1492 4633 distent?
1513 4531 1577 4629 sed
1590 4549 1670 4629 quot
1688 4540 1854 4633 gradihus
1877 4564 1900 4611 u
1919 4565 2014 4617 com·

371 4640 501 4708 ceptae;
528 4626 615 4693 unde
638 4649 704 4694 non
729 4647 795 4695 tam
821 4630 862 4697 de
890 4625 1070 4696 verborum
1102 4650 1179 4715 pro·
1205 4632 1298 4701 muni
1312 4632 1446 4731 stipite,
1471 4646 1609 4728 propter
1631 4640 1726 4730 cujus
1744 4637 1798 4710 vel
1813 4642 2012 4739 propinqui·

368 4720 537 4806 prietate,
563 4726 725 4807 quamde
750 4748 785 4826 re
808 4720 877 4810 ipsa
896 4722 951 4795 hic
973 4720 1082 4794 sumus
1105 4720 1177 4794 soli.
1202 4738 1317 4815 tunm,
1337 4732 1391 4803 vel
1409 4732 1604 4830 distantiam
1635 4739 1875 4830 corrjnniiiones
1894 4744 2010 4835 prohi-

365 4818 434 4886 citi.
487 4827 539 4909 4.)
563 4823 717 4908 Denique
738 4824 912 4902 addimus,
932 4848 1051 4910 parum
1070 4821 1175 4896 refer·
1200 4825 1299 4913 bite,
1321 4830 1375 4902 vel
1392 4828 1553 4927 permiffae
1562 4830 1663 4927 sunt,
1687 4835 1835 4934 distent?
1869 4844 2010 4926 Propin-

359 4911 505 5026 re,‘srve
525 4921 735 5002 canonicam,
760 4918 825 4991 sive
848 4916 981 4993 civilem
1000 4946 1172 5010 computa·
1197 4931 1306 5015 quitus
1334 4955 1372 5001 ac
1403 4932 1553 5002 distantia
1593 4931 1805 5021 personarum
1838 4937 1901 5009 hoc
1932 4940 2009 5015 loco

360 5029 485 5084 tranem
511 5010 670 5104 quispiam
689 5014 865 5106 sequatur,
893 5024 992 5092 modo
1014 5017 1102 5106 sciat,
1116 5024 1173 5109 qui
1196 5050 1263 5097 nun
1277 5024 1372 5099 aliter
1393 5032 1561 5108 statuitur,
1587 5058 1647 5102 nec
1664 5035 1756 5104 statui
1771 5037 1870 5107 etiam
1887 5037 2008 5122 debet,

227 5147 250 5178 a
271 5173 274 5178 .
356 5115 479 5204 gradus
493 5112 624 5209 legibus
640 5117 759 5193 divinis
782 5116 987 5192 &humanis
1008 5117 1172 5211 prohibiti
1195 5149 1294 5215 quam
1315 5120 1467 5220 respectu
1482 5127 1596 5219 habito
1620 5137 1660 5206 ad
1680 5158 1893 5209 communem
1916 5140 2009 5227 stipi-

1926 5256 2011 5341 tem,
