4884 5984
381 549 429 621 ro
609 537 636 607 r·
660 529 863 616 *tantvs
886 534 1036 612 -xxvt
1065 533 1298 649 ¹aanor.
1325 540 1489 616 ater.
1517 538 1566 615 n.
1595 534 1736 625 aar.
1757 508 1807 625 'n‘

388 744 558 833 raptorem
573 729 673 831 serum
697 732 857 808 nrurltum
874 730 1072 833 exposcere,
1091 732 1155 833 feel
1172 735 1228 810 ern·
1252 738 1373 833 filiurn.
1396 737 1418 809 l.
1452 736 1599 828 liptter.
1626 767 1659 833 4.
1688 744 1729 815 C.
1756 744 1798 813 de
1827 734 1964 829 sponsal.
2015 742 2093 815 Neo

385 846 544 937 potenter
560 835 728 908 voluerint
742 847 879 930 excepto
901 847 1038 932 raptore
1052 858 1124 908 eom
1143 836 1229 933 legi·
1245 830 1355 931 'Rtsp
1376 841 1510 926 expedit
1538 863 1711 928 parentum
1741 840 1892 910 imminui
1912 843 2092 913 iuuarin-

391 939 475 1011 tirno
499 935 653 1030 copulent
668 935 895 1007 matrimonio.
917 932 939 1005 l.
956 961 1012 1008 un.
1028 938 1070 1008 C.
1086 940 1127 1007 de
1143 961 1229 1026 rapt.
1255 962 1335 1019 tem,
1357 961 1417 1008 nec
1432 935 1543 1009 liberis
1554 943 1605 1010 est
1623 938 1701 1012 urile
1714 941 1749 1009 in
1771 964 1806 1011 re
1824 941 1908 1011 tanti
1927 938 2092 1013 momenti

394 1040 480 1126 virg.
533 1030 577 1106 ln
597 1033 767 1111 conteret
786 1028 981 1131 nuptiarum
1004 1030 1231 1130 exspeHonrne
1256 1036 1313 1110 suo
1329 1037 1492 1108 arbitratu
1513 1037 1636 1125 aliquid
1658 1044 1847 1110 decernere.
1900 1043 1975 1121 Vl.)
2004 1032 2095 1109 Con·

386 1145 527 1233 potrum
549 1130 748 1230 consensum.
777 1135 799 1206 Ι.
828 1131 888 1205 ult.
916 1135 958 1206 C.
982 1136 1024 1205 de
1055 1138 1172 1222 repud.
1196 1147 1230 1211 δι
1249 1135 1457 1234 sequentiam
1472 1158 1494 1206 o
1510 1139 1643 1209 minore.
1695 1141 1773 1207 Non
1794 1133 1871 1206 licet
1886 1132 1954 1207 filio
1970 1137 2093 1208 aliena·

387 1237 495 1333 judic.
551 1228 777 1306 Observandae
808 1255 920 1304 autem
952 1226 1027 1303 sunt
1058 1237 1199 1306 rationes
1222 1284 1234 1316 ,
1258 1262 1293 1310 re
1318 1236 1429 1321 bona,
1459 1239 1491 1305 in
1521 1236 1640 1324 quibua
1662 1259 1764 1323 pater
1791 1232 1892 1307 habet
1926 1230 2095 1308 usumfru-

373 1359 473 1422 ·-quas
496 1333 587 1405 addit
612 1332 813 1421 jurcivile,
837 1355 979 1420 quarum
1007 1334 1080 1405 due
1104 1340 1233 1424 priores
1257 1342 1360 1409 otum.
1382 1334 1404 1406 l.
1425 1331 1480 1405 fin.
1506 1348 1538 1419 §-
1561 1334 1780 1405 filiusrutem.
1806 1336 1848 1407 C.
1869 1332 2096 1425 dehonque

348 1498 350 1503 .
394 1429 470 1505 sunt
496 1433 699 1520 precipue,
745 1428 880 1520 relique
909 1425 982 1503 suot
1011 1428 1233 1507 secundarie:
1259 1437 1354 1507 liber.
1377 1458 1459 1525 ergo
1474 1433 1580 1505 multo
1602 1437 1709 1504 minus
1741 1430 1855 1505 licebit
1876 1435 1908 1506 ei
1929 1426 1961 1506 se
1983 1428 2096 1523 ipsum

299 1542 303 1551 '
396 1535 446 1626 1.)
472 1551 571 1621 urget
583 1531 737 1627 patriam
749 1534 965 1629 potestatem,
983 1555 1234 1623 propterquam
1259 1534 1508 1624 alienare‚ar·g.
1526 1532 1800 1624 [relegatorum.
1819 1544 1854 1625 ς.
1867 1532 1927 1605 ult.
1942 1535 1983 1603 de
1995 1535 2095 1605 inter.

385 1629 495 1702 liberi
511 1636 580 1701 non
601 1627 673 1702 sunt
696 1627 744 1705 stri
765 1633 854 1719 juris.
922 1627 965 1705 Se·
992 1642 1030 1704 ut
1048 1634 1235 1730 proponis,
1263 1645 1297 1707 dt
1319 1631 1413 1723 relig.
1437 1636 1490 1702 cui
1516 1631 1681 1704 nonlicet
1703 1633 1756 1709 id,
1782 1637 1871 1719 quod
1900 1634 2037 1717 nunus,
2065 1631 2099 1703 ei

396 1731 505 1816 inquit
525 1732 742 1812 Gordianus,
768 1734 840 1830 post
859 1728 1024 1827 querelam
1049 1730 1237 1805 demerito
1263 1758 1323 1804 nec
1339 1731 1437 1811 licet,
1463 1735 1551 1820 quod
1577 1738 1681 1816 majus
1707 1734 1763 1800 est.
1840 1730 1936 1801 Filius
1959 1732 2098 1817 quando

254 1848 257 1852 ·
397 1851 421 1900 o
434 1827 518 1926 filio
540 1838 598 1899 tuo
615 1825 662 1903 od
683 1842 714 1902 te
736 1828 886 1906 delatam
907 1827 1098 1928 diffolnturn
1111 1835 1154 1932 ιβ
1168 1854 1238 1909 eno·
1255 1833 1326 1931 stne
1349 1826 1502 1925 consensit
1518 1832 1670 1925 parentis
1689 1851 1828 1901 uxorem
1845 1828 1961 1904 duem
1980 1826 2022 1903 8
2037 1826 2100 1901 lenc

400 1927 621 2015 aimonium,
648 1955 705 2002 nec
731 1941 763 2002 te
791 1928 1010 2019 consentiente
1030 1931 1076 2002 od
1092 1930 1239 2005 enrnrlem
1265 1927 1336 2028 ipso
1347 1928 1385 2025 se
1404 1931 1551 2026 epateio
1566 1930 1726 2026 potestate
1734 1927 1915 2024 subducere
1935 1936 2099 2015 conatur,

281 2078 292 2085 -
399 2022 544 2124 eegeeffo
562 2030 624 2128 ιβ,
643 2031 758 2104 nrinus
786 2030 941 2126 legitima
961 2030 1148 2126 conjontlr'o
1168 2035 1238 2132 ιβ,
1257 2030 1317 2128 siri
1332 2030 1433 2129 r'pfiur
1443 2029 1702 2122 ferteneferte,
1726 2026 1749 2100 l.
1774 2054 1800 2100 r.
1818 2034 1860 2103 C.
1879 2034 1921 2102 de
1941 2024 2027 2104 serr.
2047 2026 2101 2101 fu·

256 2164 276 2189 a
401 2124 538 2226 restante
555 2131 670 2225 puteis
692 2129 885 2215 volontate,
916 2131 952 2202 r’n
975 2134 1069 2226 enjus
1084 2134 1126 2231 ιβ
1147 2142 1240 2227 pote·
1265 2133 1362 2222 gitiv.
1412 2127 1548 2199 Facilius
1571 2127 1695 2216 aliquid
1719 2125 1844 2199 renasci
1864 2137 1898 2203 de
1917 2130 2100 2209 renovari.

394 2230 492 2330 Jlote.
517 2227 538 2300 Ι.
561 2254 594 2304 7.
619 2234 660 2304 C.
679 2233 723 2302 de
737 2252 832 2320 nupt.
885 2220 1015 2331 eJuslas
1034 2234 1171 2327 nuptias
1190 2233 1243 2303 in·
1266 2255 1364 2318 quam
1381 2223 1465 2299 nasci
1488 2238 1521 2302 dt
1547 2228 1699 2298 constitui
1719 2227 1766 2297 est
1791 2231 1826 2298 in
1845 2223 2001 2301 confesso.
2054 2233 2102 2300 At

403 2338 453 2401 ter
466 2324 505 2423 se
526 2327 613 2401 ciues
636 2327 786 2403 Rotnani
805 2329 1024 2416 contradunt,
1051 2332 1109 2428 qni
1124 2329 1242 2427 seeun-
1259 2325 1651 2428 filiorsonriliusolerque
1670 2323 1825 2422 consenso
1837 2328 1950 2422 patris
1967 2325 2016 2400 aa
2028 2347 2101 2399 mn·

270 2444 274 2449 '
402 2425 481 2504 doen
505 2441 676 2524 precepto
699 2429 810 2524 legem
830 2436 963 2515 coeunt,
990 2426 1058 2503 &e
1086 2431 1164 2502 dnm
1189 2441 1242 2502 to·
1267 2428 1461 2501 trinoninm
1481 2424 1624 2507 solutum
1645 2427 1768 2500 reuerti
1786 2427 1907 2522 nequit.
1925 2424 1949 2499 Ι.
1980 2440 2036 2503 rii.
2058 2430 2103 2501 C.

277 2592 279 2595 .
404 2551 477 2600 men
494 2527 527 2625 β
538 2527 937 2626 filiisonn‘lr'orunrfint,
964 2527 1154 2626 coresenjune
1179 2528 1242 2601 lra-
1266 2532 1308 2599 de
1332 2531 1396 2597 ritu
1419 2548 1513 2613 nupt.
1539 2549 1622 2615 ergo
1640 2524 1746 2596 multo
1774 2529 1881 2597 minus
1904 2528 2105 2600 contrahere

293 2660 295 2665 ’
404 2624 504 2701 beant
524 2629 879 2724 parentum,·quoeum
903 2629 939 2701 in
961 2633 1122 2731 potestate
1139 2627 1240 2727 sunt,
1264 2629 1397 2717 poterit.
1463 2620 1517 2695 Ne
1547 2622 1643 2696 miles
1668 2623 1827 2721 quidemr
1855 2651 1954 2713 quem
1987 2648 2101 2699 tamen

379 2728 450 2801 .ait
473 2726 671 2819 justinianus
692 2731 793 2802 instit.
816 2734 857 2800 de
890 2752 985 2816 nupt.
1009 2736 1042 2815 δ’.
1069 2754 1098 2804 r.
1165 2734 1240 2800 Sine
1262 2723 1467 2814 iuslegibus
1489 2725 1667 2798 admodum
1701 2726 1814 2796 multia
1848 2727 2000 2814 excipit,
2027 2726 2102 2824 stne

405 2822 563 2917 consensu
587 2830 690 2917 patris
713 2852 778 2899 non
800 2828 907 2918 potest
930 2824 993 2900 effe
1012 2827 1182 2919 legitimus
1202 2850 1240 2898 ac
1265 2823 1436 2896 uoluntate
1467 2824 1582 2918 patris
1613 2823 1804 2896 contrahere
1830 2827 1944 2924 potest.
1982 2824 2006 2898 Ι.
2044 2839 2102 2913 35.

406 2922 527 3016 plenus
547 2922 719 2999 consensus
737 2923 817 3012 filii,
853 2922 1103 3024 neceninrr'pse
1124 2950 1184 3022 per
1196 2922 1241 3091 β
1264 2927 1339 2995 eod.
1390 2926 1484 3011 argu
1499 2920 1605 2993 multo
1622 2927 1730 2993 nrinus
1747 2925 1801 2994 alii
1818 2923 1925 2999 liberi.

399 3023 501 3124 filius
524 3024 652 3119 integer
669 3023 765 3096 horno
786 3026 854 3122 ιβ,
881 3050 920 3097 ex
948 3026 1048 3097 Baldo
1070 3045 1155 3114 part.
1176 3022 1189 3094 1
1212 3023 1239 3096 1.
1338 3030 1372 3106 θ’.
1399 3025 1533 3092 vau.
1570 3024 1697 3111 Excipit
1717 3023 1843 3093 B'ellar.
1925 3069 1996 3135 Ex(
2033 3078 2076 3137 m

407 3120 520 3197 consil.
549 3135 628 3208 289·
659 3127 767 3213 inquit
797 3121 971 3197 albericus
999 3121 1140 3196 Gentilir
1163 3123 1239 3194 libr.
1266 3122 1392 3199 urinas,
1426 3142 1493 3191 non
1521 3120 1660 3190 multum
1695 3122 1838 3215 referre,
1895 3148 2082 3217 Mamm,-

407 3220 475 3296 lv,
508 3226 549 3293 de
569 3236 666 3313 nupt.
691 3248 763 3312 cap.
792 3219 853 3295 ΙΙΙ.
919 3220 984 3315 ΙΙ.)
1016 3221 1242 3296 Hereditatis
1265 3215 1347 3316 quid
1374 3216 1432 3290 lex
1460 3217 1575 3292 cioe'lr'r
1596 3216 1664 3290 leae
1690 3220 1725 3292 in
1749 3234 1850 3317 purte
1895 3230 1940 3291 ud
1966 3248 2069 3314 orgu-

329 3366 349 3405 .·
384 3372 386 3379 -
400 3316 649 3418 succefflonene,
674 3348 716 3394 ne
737 3323 824 3411 patri
841 3322 947 3392 invito
969 3319 1064 3394 heres
1088 3315 1245 3413 agnosce·
1262 3317 1447 3422 statuerit,
1479 3342 1556 3389 enm
1581 3317 1764 3413 imperator
1785 3321 1849 3414 su·
1898 3318 2031 3376 mnium
2052 3330 2106 3379 nt·

292 3494 296 3505 ,
410 3443 476 3494 tur.
506 3427 532 3510 §.
558 3442 590 3512 3.
620 3421 645 3493 l.
676 3444 729 3512 ¹12.
759 3419 794 3491 il.
818 3423 861 3492 de
884 3419 1008 3507 captiv.
1036 3429 1071 3495 δι
1099 3420 1245 3511 postlim.
1270 3413 1534 3511 teatur‚·.leger
1567 3440 1633 3488 non
1671 3417 1853 3515 dedignari
1890 3390 2108 3539 stmsslmm'

380 3545 480 3612 ιτς.
504 3514 541 3619 §.
563 3536 594 3606 8.
616 3520 687 3590 inst.
708 3521 751 3591 de
770 3522 882 3608 adopt.
910 3526 1002 3607 cujnr
1031 3520 1166 3591 rationis
1192 3521 1241 3589 in·
1263 3516 1386 3615 socrus
1423 3536 1565 3588 canones
1600 3518 1752 3605 imitari,
1790 3547 1848 3592 ru·
2042 3518 2051 3538 '

380 3672 387 3681 -
409 3623 496 3693 tuito
520 3620 620 3690 etiam
641 3642 720 3692 avus
738 3620 897 3706 adoptare
918 3620 1056 3705 nequit,
1081 3615 1138 3689 nist
1156 3613 1242 3689 filius
1267 3617 1372 3689 theut.
1398 3637 1435 3686 ut
1463 3615 1575 3690 clerici
1600 3627 1627 3709 §.
1649 3617 1776 3706 penult.
1833 3617 1917 3694 Cum
1947 3646 1984 3695 er
2008 3648 2030 3697 ο
2055 3648 2110 3699 ια.

381 3715 599 3797 .tonsentiat.
623 3716 647 3790 Ι.
672 3721 703 3787 6.
734 3713 771 3789 ff.
792 3719 834 3788 de
856 3719 968 3804 adopt.
1033 3724 1108 3803 ΙΙΙ.)
1134 3713 1243 3789 Anei—
1266 3741 1366 3789 noner
1376 3715 1467 3809 juris
1485 3715 1657 3812 pontificii
1670 3772 1679 3801 ‚
1715 3714 1757 3790 δ’
1786 3721 1925 3795 concilii
1983 3725 2111 3800 rident.

275 3854 277 3858 ·
385 3841 509 3915 ,quaen
539 3813 814 3905 consuetudinem.
842 3816 1042 3906 Juliinirnur
1066 3815 1089 3889 Ι.
1115 3841 1170 3890 un.
1198 3818 1242 3893 C.
1266 3815 1480 3914 definierint,
1505 3817 1762 3889 erratrirnoen'um
1779 3821 1901 3895 inuitis
1911 3823 2110 3917 parentibus

304 3972 306 3977 -
409 3921 452 3992 de
468 3938 553 4004 rapt.
575 3919 661 4007 virg.
719 3909 876 4008 Oportet,
898 3923 937 3991 ut
959 3914 1139 4011 qrrr'eunque
1154 3938 1242 3988 orro-
1267 3912 1469 3988 contendum
1499 3912 1559 4003 ιβι
1582 3929 1723 3993 rotome
1764 3944 1830 3994 non
1856 3916 1993 4019 poffunt
2021 3925 2111 4021 leges

412 4041 480 4095 tem
500 4013 620 4089 ducere
642 4011 810 4100 uoluerit,
837 4009 1018 4108 seeundum
1039 4018 1169 4115 nostroe
1192 4012 1241 4086 le·
1263 4015 1471 4089 eontrarium
1488 4013 1646 4109 definire,
1690 4013 1733 4090 Θ
1751 4021 1784 4119 β
1802 4006 1901 4116 sorte
1918 4021 2111 4121 definierint

409 4141 468 4215 ges
504 4112 544 4190 &
581 4115 755 4208 antiquane
790 4107 1055 4207 consuetudinem
1074 4125 1240 4208 parentes,
1262 4116 1440 4209 abrogata
1460 4105 1657 4208 judicanda
1672 4113 1769 4211 sunt.
1824 4115 1923 4209 Resp.
1961 4131 2006 4211 r.)
2028 4131 2111 4197 Ρη.

411 4213 465 4292 υιΙ
484 4215 679 4308 ationem:
698 4213 815 4296 decet,
841 4221 952 4307 petat,
978 4221 1015 4284 ut
1036 4238 1108 4295 curn
1129 4238 1241 4288 eorum
1266 4215 1340 4289 fena
1362 4215 1430 4285 hec
1449 4212 1638 4286 Bellrrmini
1657 4242 1721 4287 vor
1744 4220 1812 4304 est,
1839 4225 1926 4309 quod
1944 4244 2039 4310 papre
2053 4226 2112 4297 de-

321 4392 323 4397 ,
388 4314 586 4391 uoluntate
597 4315 668 4412 fiot
689 4311 879 4409 legitimum
909 4314 1112 4408 eonjugium.
1164 4314 1584 4405 reperenproregnn
1616 4313 1881 4401 imbibenda,
1923 4346 2024 4409 quam
2051 4319 2108 4412 ipfi

413 4415 599 4492 Parentum
635 4411 811 4503 oldierium.
894 4416 991 4484 Pater
1031 4405 1241 4503 praesumitur
1267 4417 1485 4489 imperatorer
1508 4409 1658 4486 absolute
1684 4437 1860 4492 teneantur
1886 4414 1987 4506 sequi.
2062 4426 2112 4509 ι.)

412 4517 579 4604 optimum
607 4512 778 4591 confilium
811 4533 926 4608 capere
957 4534 1020 4609 pro
1036 4511 1148 4610 filio,
1188 4510 1246 4585 eue'
1269 4511 1398 4593 Decitio
1420 4512 1501 4600 juris
1526 4514 1633 4583 civilis
1648 4516 1682 4584 in
1699 4514 1760 4584 hrc
1778 4520 1954 4604 quastione
1976 4517 2111 4593 confoe.

414 4615 528 4688 omniu
549 4638 594 4685 en
614 4623 689 4685 uoto
717 4621 844 4705 parat,
888 4606 929 4684 Θ
959 4615 1125 4707 ancujus
1148 4609 1244 4708 prole
1268 4612 1472 4699 misestjuri
1494 4613 1667 4685 divino&
1689 4616 1856 4695 naturali,
1880 4641 1964 4710 ergo
1990 4614 2109 4708 prate.

374 4710 378 4715 ¹
413 4712 652 4789 diuitemr'tatir
680 4710 873 4784 memoriam
891 4705 1018 4804 sperat.
1053 4707 1074 4785 l.
1100 4736 1178 4787 220.
1203 4707 1242 4782 ff.
1270 4716 1370 4784 reo-ln
1386 4713 1433 4781 est
1452 4709 1607 4781 decisioni
1628 4715 1709 4798 juris
1724 4713 1898 4800 pontificii.
1955 4723 2108 4805 3.)Noo-

415 4819 458 4888 de
475 4815 566 4885 verb.
591 4809 698 4903 signif.
722 4811 743 4883 Ι.
764 4807 888 4901 penult.
915 4803 950 4880 ff.
974 4813 1015 4882 de
1035 4809 1113 4882 bon.
1132 4808 1242 4883 libert.
1269 4816 1348 4881 dum
1372 4813 1518 4882 enititum
1546 4810 1592 4880 esi
1608 4865 1616 4892 ,
1631 4834 1634 4840 ’
1651 4818 1738 4896 quod
1766 4822 1839 4903 jure
1863 4817 2023 4890 canonico
2045 4844 2108 4895 nnn

416 4912 439 4987 l.
458 4923 489 4995 8.
540 4913 593 4982 Isti
617 4913 760 4996 quidem.
780 4920 809 4989 d.
833 4935 862 4992 3.
883 4902 919 4979 ff.
941 4911 1028 4995 quod
1046 4931 1151 4980 metus
1170 4935 1248 4981 eau-
1280 4909 1318 4982 lit
1335 4905 1528 4981 neceiiarius
1549 4933 1722 4997 parentum
1747 4909 1934 4998 consensus,
1961 4941 2039 4988 cum
2061 4945 2111 4992 ca·

418 5009 460 5087 su.
540 5017 598 5094 V.)
630 5004 1022 5105 Infirmnmliberoruen
1051 5006 1225 5104 juditium
1247 5064 1256 5095 ‚
1281 5012 1535 5096 nonesquidarn
1559 5015 1713 5082 eumdem
1731 5007 1803 5083 satis
1821 5014 1991 5089 manifeste
2005 5021 2112 5108 requi·

416 5136 490 5187 aren
525 5107 710 5205 plerumque
748 5108 849 5202 iuſsus
892 5106 1056 5201 fheenr‘nae
1093 5105 1254 5205 aduersus
1282 5133 1373 5189 rant,
1397 5109 1563 5191 rapollen
1588 5112 1770 5198 adparebir.
1823 5115 1894 5186 Ubi
1918 5140 2030 5191 autern
2057 5120 2111 5191 ali.

417 5206 589 5290 commodo
604 5208 750 5315 propriu
768 5205 983 5307 invenietne,
1004 5204 1163 5285 laborare
1176 5230 1256 5283 eon·
1282 5213 1362 5300 quid
1376 5211 1516 5291 dubium
1537 5232 1577 5281 ex
1591 5216 1665 5297 jure
1681 5216 1860 5336 nonomen,
1886 5214 1934 5286 ibi
1955 5245 1996 5294 «χ
2019 5245 2112 5314 «με.

2088 5344 2113 5396 ΙΙ
