<?xml version="1.0" encoding="UTF-8"?>
<!DOCTYPE html PUBLIC "-//W3C//DTD XHTML 1.0 Transitional//EN"
    "http://www.w3.org/TR/xhtml1/DTD/xhtml1-transitional.dtd">
<html xmlns="http://www.w3.org/1999/xhtml" xml:lang="en" lang="en">
 <head>
  <title>
</title>
<meta http-equiv="Content-Type" content="text/html;charset=utf-8" />
  <meta name='ocr-system' content='tesseract 3.04.00' />
  <meta name='ocr-capabilities' content='ocr_page ocr_carea ocr_par ocr_line ocrx_word'/>
</head>
<body>
  <div class='ocr_page' id='page_1' title='image "./locitheologicic06cottgoog_0169.png"; bbox 0 0 4884 5984; ppageno 0'>
   <div class='ocr_carea' id='block_1_1' title="bbox 910 421 2071 596">
    <p class='ocr_par' dir='ltr' id='par_1_1' title="bbox 910 421 2071 596">
     <span class='ocr_line' id='line_1_1' title="bbox 910 421 2071 596; baseline 0.005 -48"><span class='ocrx_word' id='word_1_1' title='bbox 910 421 1493 596; x_wconf 26' lang='lat' dir='ltr'>&#39;&#39;ua-‘saoNstttnva</span> <span class='ocrx_word' id='word_1_2' title='bbox 1578 545 1580 550; x_wconf 93' lang='lat'><em>.</em></span> <span class='ocrx_word' id='word_1_3' title='bbox 1747 453 1757 483; x_wconf 75' lang='lat'>⁸</span> <span class='ocrx_word' id='word_1_4' title='bbox 2003 497 2071 576; x_wconf 82' lang='lat'>159</span> 
     </span>
    </p>
   </div>
   <div class='ocr_carea' id='block_1_2' title="bbox 356 659 2193 3333">
    <p class='ocr_par' dir='ltr' id='par_1_2' title="bbox 363 659 2193 1856">
     <span class='ocr_line' id='line_1_2' title="bbox 363 659 2068 768; baseline 0.006 -28"><span class='ocrx_word' id='word_1_5' title='bbox 363 665 551 761; x_wconf 85' lang='lat' dir='ltr'>&#39;adplicet;</span> <span class='ocrx_word' id='word_1_6' title='bbox 575 672 618 744; x_wconf 90' lang='lat' dir='ltr'>de</span> <span class='ocrx_word' id='word_1_7' title='bbox 641 662 745 760; x_wconf 85' lang='lat' dir='ltr'>spons.</span> <span class='ocrx_word' id='word_1_8' title='bbox 768 695 800 744; x_wconf 88' lang='lat' dir='ltr'>c.</span> <span class='ocrx_word' id='word_1_9' title='bbox 817 659 917 746; x_wconf 83' lang='lat' dir='ltr'>Xlll.</span> <span class='ocrx_word' id='word_1_10' title='bbox 944 685 973 761; x_wconf 76' lang='grc' dir='ltr'>ς.</span> <span class='ocrx_word' id='word_1_11' title='bbox 998 691 1055 760; x_wconf 86' lang='lat'>70.</span> <span class='ocrx_word' id='word_1_12' title='bbox 1117 675 1150 746; x_wconf 86' lang='lat' dir='ltr'>si</span> <span class='ocrx_word' id='word_1_13' title='bbox 1178 675 1213 743; x_wconf 91' lang='lat' dir='ltr'>in</span> <span class='ocrx_word' id='word_1_14' title='bbox 1237 678 1376 748; x_wconf 92' lang='lat' dir='ltr'>domum</span> <span class='ocrx_word' id='word_1_15' title='bbox 1396 666 1468 748; x_wconf 84' lang='lat' dir='ltr'>erat</span> <span class='ocrx_word' id='word_1_16' title='bbox 1487 678 1683 763; x_wconf 67' lang='lat' dir='ltr'>coniuncta,</span> <span class='ocrx_word' id='word_1_17' title='bbox 1708 671 1736 747; x_wconf 85' lang='lat' dir='ltr'>li</span> <span class='ocrx_word' id='word_1_18' title='bbox 1751 676 1887 765; x_wconf 89' lang='lat' dir='ltr'>quidem</span> <span class='ocrx_word' id='word_1_19' title='bbox 1901 675 2068 768; x_wconf 84' lang='lat' dir='ltr'>pbllcon·</span> 
     </span>
     <span class='ocr_line' id='line_1_3' title="bbox 374 761 2067 866; baseline 0.005 -28"><span class='ocrx_word' id='word_1_20' title='bbox 374 761 587 860; x_wconf 70' lang='lat' dir='ltr'><strong>sponsalibus</strong></span> <span class='ocrx_word' id='word_1_21' title='bbox 603 774 644 843; x_wconf 89' lang='lat' dir='ltr'>de</span> <span class='ocrx_word' id='word_1_22' title='bbox 664 795 757 842; x_wconf 86' lang='lat' dir='ltr'>terto</span> <span class='ocrx_word' id='word_1_23' title='bbox 771 794 912 842; x_wconf 85' lang='lat' dir='ltr'>numero</span> <span class='ocrx_word' id='word_1_24' title='bbox 936 795 1122 851; x_wconf 84' lang='lat' dir='ltr'>annorum,</span> <span class='ocrx_word' id='word_1_25' title='bbox 1143 774 1215 860; x_wconf 91' lang='lat' dir='ltr'>qui·</span> <span class='ocrx_word' id='word_1_26' title='bbox 1237 777 1341 845; x_wconf 80' lang='lat' dir='ltr'>traua</span> <span class='ocrx_word' id='word_1_27' title='bbox 1357 769 1514 862; x_wconf 89' lang='lat' dir='ltr'>sponsalia</span> <span class='ocrx_word' id='word_1_28' title='bbox 1531 771 1645 864; x_wconf 89' lang='lat' dir='ltr'>sponsa</span> <span class='ocrx_word' id='word_1_29' title='bbox 1670 775 1862 848; x_wconf 75' lang='lat' dir='ltr'>tradebatur</span> <span class='ocrx_word' id='word_1_30' title='bbox 1889 771 2006 866; x_wconf 91' lang='lat' dir='ltr'>sponso</span> <span class='ocrx_word' id='word_1_31' title='bbox 2032 780 2067 848; x_wconf 92' lang='lat' dir='ltr'>in</span> 
     </span>
     <span class='ocr_line' id='line_1_4' title="bbox 364 861 2069 964; baseline 0.006 -28"><span class='ocrx_word' id='word_1_32' title='bbox 364 861 445 936; x_wconf 67' lang='lat' dir='ltr'>*bus</span> <span class='ocrx_word' id='word_1_33' title='bbox 466 871 589 942; x_wconf 67' lang='lat' dir='ltr'>exustis</span> <span class='ocrx_word' id='word_1_34' title='bbox 608 871 731 957; x_wconf 78' lang='lat' dir='ltr'>nuptie</span> <span class='ocrx_word' id='word_1_35' title='bbox 755 867 961 942; x_wconf 75' lang='lat' dir='ltr'>celebrande</span> <span class='ocrx_word' id='word_1_36' title='bbox 979 867 1060 950; x_wconf 78' lang='lat' dir='ltr'>sint,</span> <span class='ocrx_word' id='word_1_37' title='bbox 1089 895 1213 942; x_wconf 90' lang='lat' dir='ltr'>conve·</span> <span class='ocrx_word' id='word_1_38' title='bbox 1236 874 1445 953; x_wconf 83' lang='lat' dir='ltr'>custodiam,</span> <span class='ocrx_word' id='word_1_39' title='bbox 1469 894 1507 944; x_wconf 93' lang='lat' dir='ltr'>ut</span> <span class='ocrx_word' id='word_1_40' title='bbox 1532 875 1588 961; x_wconf 92' lang='lat' dir='ltr'>qui</span> <span class='ocrx_word' id='word_1_41' title='bbox 1610 878 1761 945; x_wconf 92' lang='lat' dir='ltr'>omnium</span> <span class='ocrx_word' id='word_1_42' title='bbox 1790 870 2069 964; x_wconf 74' lang='lat' dir='ltr'>optime-sponse</span> 
     </span>
     <span class='ocr_line' id='line_1_5' title="bbox 377 965 2074 1083; baseline 0.005 -48"><span class='ocrx_word' id='word_1_43' title='bbox 377 968 457 1046; x_wconf 83' lang='lat' dir='ltr'>uit,</span> <span class='ocrx_word' id='word_1_44' title='bbox 481 987 613 1056; x_wconf 87' lang='lat' dir='ltr'>tempus</span> <span class='ocrx_word' id='word_1_45' title='bbox 631 968 716 1040; x_wconf 80' lang='lat' dir='ltr'>illud</span> <span class='ocrx_word' id='word_1_46' title='bbox 744 965 1089 1057; x_wconf 60' lang='lat' dir='ltr'>exfestucationem</span> <span class='ocrx_word' id='word_1_47' title='bbox 1108 968 1141 1083; x_wconf 76' lang='lat' dir='ltr'>s</span> <span class='ocrx_word' id='word_1_48' title='bbox 1157 992 1213 1041; x_wconf 87' lang='lat' dir='ltr'>ve·</span> <span class='ocrx_word' id='word_1_49' title='bbox 1238 972 1430 1060; x_wconf 79' lang='lat' dir='ltr'>pudicitiam</span> <span class='ocrx_word' id='word_1_50' title='bbox 1453 997 1492 1043; x_wconf 87' lang='lat' dir='ltr'>ac</span> <span class='ocrx_word' id='word_1_51' title='bbox 1513 973 1740 1062; x_wconf 77' lang='lat' dir='ltr'>virginitatem</span> <span class='ocrx_word' id='word_1_52' title='bbox 1761 968 1935 1045; x_wconf 85' lang='lat' dir='ltr'>adservare</span> <span class='ocrx_word' id='word_1_53' title='bbox 1950 971 2074 1061; x_wconf 76' lang='lat' dir='ltr'>posset.</span> 
     </span>
     <span class='ocr_line' id='line_1_6' title="bbox 381 1057 2070 1162; baseline 0.004 -24"><span class='ocrx_word' id='word_1_54' title='bbox 381 1086 427 1138; x_wconf 83' lang='lat' dir='ltr'>ro</span> <span class='ocrx_word' id='word_1_55' title='bbox 441 1057 585 1162; x_wconf 79' lang='lat' dir='ltr'>sponsus</span> <span class='ocrx_word' id='word_1_56' title='bbox 601 1065 748 1162; x_wconf 77' lang='lat' dir='ltr'>presens</span> <span class='ocrx_word' id='word_1_57' title='bbox 771 1067 866 1139; x_wconf 85' lang='lat' dir='ltr'>ultra</span> <span class='ocrx_word' id='word_1_58' title='bbox 890 1064 1079 1147; x_wconf 80' lang='lat' dir='ltr'>biennium,</span> <span class='ocrx_word' id='word_1_59' title='bbox 1107 1067 1259 1140; x_wconf 80' lang='lat' dir='ltr'>invitasr</span> <span class='ocrx_word' id='word_1_60' title='bbox 1287 1066 1522 1154; x_wconf 77' lang='lat' dir='ltr'>Chrysoslomo</span> <span class='ocrx_word' id='word_1_61' title='bbox 1549 1069 1638 1143; x_wconf 84' lang='lat' dir='ltr'>hom.</span> <span class='ocrx_word' id='word_1_62' title='bbox 1665 1071 1731 1145; x_wconf 87' lang='lat' dir='ltr'>lV.</span> <span class='ocrx_word' id='word_1_63' title='bbox 1765 1075 1800 1142; x_wconf 91' lang='lat' dir='ltr'>in</span> <span class='ocrx_word' id='word_1_64' title='bbox 1832 1070 1954 1143; x_wconf 84' lang='lat' dir='ltr'>Matth.</span> <span class='ocrx_word' id='word_1_65' title='bbox 1980 1070 2005 1142; x_wconf 91' lang='grc' dir='ltr'>Ι.</span> <span class='ocrx_word' id='word_1_66' title='bbox 2035 1073 2070 1144; x_wconf 89' lang='lat' dir='ltr'>id</span> 
     </span>
     <span class='ocr_line' id='line_1_7' title="bbox 382 1155 2093 1257; baseline 0.004 -24"><span class='ocrx_word' id='word_1_67' title='bbox 382 1159 514 1252; x_wconf 87' lang='lat' dir='ltr'>sponsa,</span> <span class='ocrx_word' id='word_1_68' title='bbox 534 1187 590 1234; x_wconf 92' lang='lat' dir='ltr'>aot</span> <span class='ocrx_word' id='word_1_69' title='bbox 608 1166 695 1238; x_wconf 86' lang='lat' dir='ltr'>illius</span> <span class='ocrx_word' id='word_1_70' title='bbox 719 1165 912 1255; x_wconf 85' lang='lat' dir='ltr'>parentibus</span> <span class='ocrx_word' id='word_1_71' title='bbox 932 1170 1063 1255; x_wconf 77' lang='lat' dir='ltr'>nuptias</span> <span class='ocrx_word' id='word_1_72' title='bbox 1084 1162 1211 1251; x_wconf 86' lang='lat' dir='ltr'>differt,</span> <span class='ocrx_word' id='word_1_73' title='bbox 1235 1165 1399 1239; x_wconf 79' lang='lat' dir='ltr'>adserenti</span> <span class='ocrx_word' id='word_1_74' title='bbox 1421 1172 1614 1251; x_wconf 86' lang='lat' dir='ltr'>credimus,</span> <span class='ocrx_word' id='word_1_75' title='bbox 1652 1173 1686 1241; x_wconf 89' lang='lat' dir='ltr'>id</span> <span class='ocrx_word' id='word_1_76' title='bbox 1710 1173 1799 1257; x_wconf 91' lang='lat' dir='ltr'>quod</span> <span class='ocrx_word' id='word_1_77' title='bbox 1825 1155 2070 1242; x_wconf 73' lang='lat' dir='ltr'>nourialmori·</span> <span class='ocrx_word' id='word_1_78' title='bbox 2089 1244 2093 1256; x_wconf 91' lang='lat'>..</span> 
     </span>
     <span class='ocr_line' id='line_1_8' title="bbox 382 1258 2068 1357; baseline 0.004 -25"><span class='ocrx_word' id='word_1_79' title='bbox 382 1260 439 1335; x_wconf 84' lang='lat' dir='ltr'>lex</span> <span class='ocrx_word' id='word_1_80' title='bbox 467 1265 652 1336; x_wconf 88' lang='lat' dir='ltr'>Constantii</span> <span class='ocrx_word' id='word_1_81' title='bbox 677 1261 825 1353; x_wconf 89' lang='lat' dir='ltr'>sponsam</span> <span class='ocrx_word' id='word_1_82' title='bbox 852 1260 1078 1335; x_wconf 72' lang='lat' dir='ltr'>liberanda.</span> <span class='ocrx_word' id='word_1_83' title='bbox 1109 1258 1149 1335; x_wconf 87' lang='lat' dir='ltr'>C.</span> <span class='ocrx_word' id='word_1_84' title='bbox 1173 1265 1213 1337; x_wconf 85' lang='lat' dir='ltr'>de</span> <span class='ocrx_word' id='word_1_85' title='bbox 1237 1266 1297 1337; x_wconf 90' lang='lat' dir='ltr'>bus</span> <span class='ocrx_word' id='word_1_86' title='bbox 1317 1292 1385 1338; x_wconf 93' lang='lat' dir='ltr'>non</span> <span class='ocrx_word' id='word_1_87' title='bbox 1407 1270 1453 1339; x_wconf 89' lang='lat' dir='ltr'>ita</span> <span class='ocrx_word' id='word_1_88' title='bbox 1476 1291 1661 1357; x_wconf 84' lang='lat' dir='ltr'>receptum.</span> <span class='ocrx_word' id='word_1_89' title='bbox 1714 1272 1776 1340; x_wconf 77' lang='lat' dir='ltr'>Sed</span> <span class='ocrx_word' id='word_1_90' title='bbox 1799 1270 1873 1356; x_wconf 85' lang='lat' dir='ltr'>quia</span> <span class='ocrx_word' id='word_1_91' title='bbox 1899 1265 2068 1340; x_wconf 84' lang='lat' dir='ltr'>nihilomi-</span> 
     </span>
     <span class='ocr_line' id='line_1_9' title="bbox 377 1356 2193 1533; baseline 0.001 -100"><span class='ocrx_word' id='word_1_92' title='bbox 377 1356 609 1533; x_wconf 58' lang='lat' dir='ltr'>spaZalibus.</span> <span class='ocrx_word' id='word_1_93' title='bbox 668 1368 721 1452; x_wconf 71' lang='lat' dir='ltr'>De</span> <span class='ocrx_word' id='word_1_94' title='bbox 743 1361 948 1460; x_wconf 78' lang='lat' dir='ltr'>capitalibus</span> <span class='ocrx_word' id='word_1_95' title='bbox 976 1359 1016 1436; x_wconf 72' lang='lat' dir='ltr'>ss</span> <span class='ocrx_word' id='word_1_96' title='bbox 1042 1363 1212 1458; x_wconf 86' lang='lat' dir='ltr'>implaca·</span> <span class='ocrx_word' id='word_1_97' title='bbox 1235 1389 1296 1435; x_wconf 91' lang='lat' dir='ltr'>nus</span> <span class='ocrx_word' id='word_1_98' title='bbox 1320 1367 1408 1436; x_wconf 88' lang='lat' dir='ltr'>inter</span> <span class='ocrx_word' id='word_1_99' title='bbox 1425 1361 1582 1454; x_wconf 82' lang='lat' dir='ltr'>sponsalia</span> <span class='ocrx_word' id='word_1_100' title='bbox 1600 1378 1636 1442; x_wconf 80' lang='lat' dir='ltr'>de</span> <span class='ocrx_word' id='word_1_101' title='bbox 1659 1369 1792 1455; x_wconf 76' lang='lat' dir='ltr'>nuptias</span> <span class='ocrx_word' id='word_1_102' title='bbox 1812 1371 1846 1438; x_wconf 91' lang='lat' dir='ltr'>in</span> <span class='ocrx_word' id='word_1_103' title='bbox 1870 1363 2002 1457; x_wconf 89' lang='lat' dir='ltr'>populo</span> <span class='ocrx_word' id='word_1_104' title='bbox 2023 1362 2067 1439; x_wconf 87' lang='lat' dir='ltr'>ts·</span> <span class='ocrx_word' id='word_1_105' title='bbox 2187 1435 2193 1454; x_wconf 59' lang='grc'><strong>,</strong></span> 
     </span>
     <span class='ocr_line' id='line_1_10' title="bbox 382 1457 2066 1554; baseline 0.002 -21"><span class='ocrx_word' id='word_1_106' title='bbox 382 1457 453 1533; x_wconf 79' lang='lat' dir='ltr'>biti</span> <span class='ocrx_word' id='word_1_107' title='bbox 497 1462 742 1542; x_wconf 82' lang='lat' dir='ltr'>tinimicitir&#39;s,</span> <span class='ocrx_word' id='word_1_108' title='bbox 762 1490 803 1535; x_wconf 92' lang='lat' dir='ltr'>an</span> <span class='ocrx_word' id='word_1_109' title='bbox 826 1485 1035 1554; x_wconf 78' lang='lat' dir='ltr'>proptereat</span> <span class='ocrx_word' id='word_1_110' title='bbox 1052 1457 1211 1550; x_wconf 75' lang='lat' dir='ltr'>sponsalia</span> <span class='ocrx_word' id='word_1_111' title='bbox 1235 1461 1385 1536; x_wconf 87' lang='lat' dir='ltr'>caelitico</span> <span class='ocrx_word' id='word_1_112' title='bbox 1423 1462 1612 1537; x_wconf 85' lang='lat' dir='ltr'>differentia</span> <span class='ocrx_word' id='word_1_113' title='bbox 1645 1464 1789 1548; x_wconf 80' lang='lat' dir='ltr'>mansit,</span> <span class='ocrx_word' id='word_1_114' title='bbox 1831 1490 1938 1553; x_wconf 89' lang='lat' dir='ltr'>neque</span> <span class='ocrx_word' id='word_1_115' title='bbox 1976 1469 2066 1538; x_wconf 86' lang='lat' dir='ltr'>enim</span> 
     </span>
     <span class='ocr_line' id='line_1_11' title="bbox 380 1555 2064 1660; baseline 0.004 -29"><span class='ocrx_word' id='word_1_116' title='bbox 380 1555 672 1649; x_wconf 75' lang='lat' dir='ltr'>dissolvipoffinte</span> <span class='ocrx_word' id='word_1_117' title='bbox 703 1564 844 1634; x_wconf 83' lang='lat' dir='ltr'>diximus</span> <span class='ocrx_word' id='word_1_118' title='bbox 874 1556 1032 1649; x_wconf 87' lang='lat' dir='ltr'>superius.</span> <span class='ocrx_word' id='word_1_119' title='bbox 1086 1568 1123 1632; x_wconf 88' lang='lat' dir='ltr'>ln</span> <span class='ocrx_word' id='word_1_120' title='bbox 1147 1587 1210 1653; x_wconf 75' lang='lat' dir='ltr'>ge·</span> <span class='ocrx_word' id='word_1_121' title='bbox 1235 1558 1350 1652; x_wconf 89' lang='lat' dir='ltr'>sponsa</span> <span class='ocrx_word' id='word_1_122' title='bbox 1376 1565 1410 1631; x_wconf 89' lang='lat' dir='ltr'>in</span> <span class='ocrx_word' id='word_1_123' title='bbox 1434 1565 1571 1634; x_wconf 89' lang='lat' dir='ltr'>domum</span> <span class='ocrx_word' id='word_1_124' title='bbox 1599 1568 1766 1650; x_wconf 70' lang='lat' dir='ltr'>dedaste,</span> <span class='ocrx_word' id='word_1_125' title='bbox 1796 1575 1835 1637; x_wconf 88' lang='lat' dir='ltr'>ut</span> <span class='ocrx_word' id='word_1_126' title='bbox 1856 1560 1932 1660; x_wconf 76' lang='lat' dir='ltr'>eset</span> <span class='ocrx_word' id='word_1_127' title='bbox 1952 1585 2064 1652; x_wconf 85' lang='lat' dir='ltr'>uxor,</span> 
     </span>
     <span class='ocr_line' id='line_1_12' title="bbox 378 1656 2175 1759; baseline 0.002 -29"><span class='ocrx_word' id='word_1_128' title='bbox 378 1683 465 1730; x_wconf 89' lang='lat' dir='ltr'>nere</span> <span class='ocrx_word' id='word_1_129' title='bbox 493 1663 619 1731; x_wconf 88' lang='lat' dir='ltr'>addunt</span> <span class='ocrx_word' id='word_1_130' title='bbox 654 1660 737 1731; x_wconf 88' lang='lat' dir='ltr'>hanc</span> <span class='ocrx_word' id='word_1_131' title='bbox 763 1660 942 1751; x_wconf 82' lang='lat' dir='ltr'>regulam,</span> <span class='ocrx_word' id='word_1_132' title='bbox 972 1659 1100 1755; x_wconf 83' lang='lat' dir='ltr'>quoties</span> <span class='ocrx_word' id='word_1_133' title='bbox 1127 1661 1212 1732; x_wconf 86' lang='lat' dir='ltr'>talis</span> <span class='ocrx_word' id='word_1_134' title='bbox 1226 1658 1345 1757; x_wconf 82' lang='lat' dir='ltr'>sedat</span> <span class='ocrx_word' id='word_1_135' title='bbox 1365 1656 1440 1757; x_wconf 68' lang='lat' dir='ltr'>eset</span> <span class='ocrx_word' id='word_1_136' title='bbox 1457 1658 1607 1759; x_wconf 81' lang='lat' dir='ltr'>sponsa,</span> <span class='ocrx_word' id='word_1_137' title='bbox 1632 1688 1670 1734; x_wconf 89' lang='lat' dir='ltr'>ac</span> <span class='ocrx_word' id='word_1_138' title='bbox 1694 1658 1752 1732; x_wconf 89' lang='lat' dir='ltr'>suo</span> <span class='ocrx_word' id='word_1_139' title='bbox 1773 1667 1909 1735; x_wconf 89' lang='lat' dir='ltr'>demum</span> <span class='ocrx_word' id='word_1_140' title='bbox 1934 1687 2066 1753; x_wconf 88' lang='lat' dir='ltr'>tempo·</span> <span class='ocrx_word' id='word_1_141' title='bbox 2108 1719 2115 1726; x_wconf 93' lang='lat'><em>.</em></span> <span class='ocrx_word' id='word_1_142' title='bbox 2172 1735 2175 1742; x_wconf 83' lang='grc'><em>,</em></span> 
     </span>
     <span class='ocr_line' id='line_1_13' title="bbox 380 1752 2107 1856; baseline 0.003 -27"><span class='ocrx_word' id='word_1_143' title='bbox 380 1752 481 1854; x_wconf 65' lang='lat' dir='ltr'>casis</span> <span class='ocrx_word' id='word_1_144' title='bbox 504 1757 649 1842; x_wconf 83' lang='lat' dir='ltr'>accidit,</span> <span class='ocrx_word' id='word_1_145' title='bbox 674 1759 731 1853; x_wconf 88' lang='lat' dir='ltr'>qui</span> <span class='ocrx_word' id='word_1_146' title='bbox 743 1761 775 1856; x_wconf 81' lang='lat' dir='ltr'><em>st</em></span> <span class='ocrx_word' id='word_1_147' title='bbox 799 1770 944 1853; x_wconf 79' lang='lat' dir='ltr'>tempore</span> <span class='ocrx_word' id='word_1_148' title='bbox 956 1756 1209 1855; x_wconf 76' lang='lat' dir='ltr'>sponsaliorum</span> <span class='ocrx_word' id='word_1_149' title='bbox 1235 1785 1271 1832; x_wconf 90' lang='lat' dir='ltr'>re</span> <span class='ocrx_word' id='word_1_150' title='bbox 1288 1784 1391 1840; x_wconf 70' lang='lat' dir='ltr'>uxore</span> <span class='ocrx_word' id='word_1_151' title='bbox 1418 1769 1471 1852; x_wconf 92' lang='lat' dir='ltr'>(ut</span> <span class='ocrx_word' id='word_1_152' title='bbox 1492 1767 1534 1833; x_wconf 89' lang='lat' dir='ltr'>de</span> <span class='ocrx_word' id='word_1_153' title='bbox 1555 1787 1596 1834; x_wconf 92' lang='lat' dir='ltr'>eo</span> <span class='ocrx_word' id='word_1_154' title='bbox 1626 1759 1710 1832; x_wconf 89' lang='lat' dir='ltr'>nihil</span> <span class='ocrx_word' id='word_1_155' title='bbox 1735 1763 1867 1845; x_wconf 88' lang='lat' dir='ltr'>dicam,</span> <span class='ocrx_word' id='word_1_156' title='bbox 1893 1765 1982 1851; x_wconf 89' lang='lat' dir='ltr'>quod</span> <span class='ocrx_word' id='word_1_157' title='bbox 2007 1766 2063 1835; x_wconf 83' lang='lat' dir='ltr'>vix</span> <span class='ocrx_word' id='word_1_158' title='bbox 2102 1803 2107 1816; x_wconf 46' lang='grc' dir='ltr'><em>ν</em></span> 
     </span>
    </p>

    <p class='ocr_par' dir='ltr' id='par_1_3' title="bbox 378 1852 2125 1955">
     <span class='ocr_line' id='line_1_14' title="bbox 378 1852 2125 1955; baseline 0.003 -26"><span class='ocrx_word' id='word_1_159' title='bbox 378 1852 565 1955; x_wconf 47' lang='lat' dir='ltr'>adfuisset,</span> <span class='ocrx_word' id='word_1_160' title='bbox 589 1855 746 1954; x_wconf 82' lang='lat' dir='ltr'>sponsus,</span> <span class='ocrx_word' id='word_1_161' title='bbox 763 1858 817 1930; x_wconf 85' lang='lat' dir='ltr'>vel</span> <span class='ocrx_word' id='word_1_162' title='bbox 834 1853 962 1954; x_wconf 70' lang='lat' dir='ltr'>sponsa</span> <span class='ocrx_word' id='word_1_163' title='bbox 985 1860 1020 1930; x_wconf 86' lang='lat' dir='ltr'>in</span> <span class='ocrx_word' id='word_1_164' title='bbox 1036 1859 1210 1930; x_wconf 85' lang='lat' dir='ltr'>matrimo-</span> <span class='ocrx_word' id='word_1_165' title='bbox 1236 1857 1413 1931; x_wconf 84' lang='lat' dir='ltr'>verisimile</span> <span class='ocrx_word' id='word_1_166' title='bbox 1429 1860 1582 1932; x_wconf 85' lang='lat' dir='ltr'>videatur</span> <span class='ocrx_word' id='word_1_167' title='bbox 1597 1862 1698 1933; x_wconf 83' lang='lat' dir='ltr'>moris</span> <span class='ocrx_word' id='word_1_168' title='bbox 1722 1857 1815 1931; x_wconf 84' lang='lat' dir='ltr'>fuisse</span> <span class='ocrx_word' id='word_1_169' title='bbox 1844 1865 1933 1949; x_wconf 92' lang='lat' dir='ltr'>apud</span> <span class='ocrx_word' id='word_1_170' title='bbox 1965 1856 2067 1934; x_wconf 79' lang='lat' dir='ltr'>lsrae·</span> <span class='ocrx_word' id='word_1_171' title='bbox 2120 1899 2125 1910; x_wconf 45' lang='grc' dir='ltr'><strong><em>ι</em></strong></span> 
     </span>
    </p>

    <p class='ocr_par' dir='ltr' id='par_1_4' title="bbox 356 1950 2185 3333">
     <span class='ocr_line' id='line_1_15' title="bbox 378 1950 2063 2056; baseline 0 -26"><span class='ocrx_word' id='word_1_172' title='bbox 378 1954 477 2030; x_wconf 77' lang='lat' dir='ltr'>aiam</span> <span class='ocrx_word' id='word_1_173' title='bbox 504 1979 673 2050; x_wconf 86' lang='lat' dir='ltr'>nunquam</span> <span class='ocrx_word' id='word_1_174' title='bbox 703 1953 926 2056; x_wconf 66' lang='lat' dir='ltr'>consevisset,</span> <span class='ocrx_word' id='word_1_175' title='bbox 965 1968 1043 2030; x_wconf 88' lang='lat' dir='ltr'>tune</span> <span class='ocrx_word' id='word_1_176' title='bbox 1063 1955 1210 2053; x_wconf 84' lang='lat' dir='ltr'>jredicem</span> <span class='ocrx_word' id='word_1_177' title='bbox 1234 1958 1327 2042; x_wconf 88' lang='lat' dir='ltr'>litas,</span> <span class='ocrx_word' id='word_1_178' title='bbox 1354 1950 1484 2046; x_wconf 88' lang='lat' dir='ltr'>sponsas</span> <span class='ocrx_word' id='word_1_179' title='bbox 1501 1961 1535 2030; x_wconf 91' lang='lat' dir='ltr'>in</span> <span class='ocrx_word' id='word_1_180' title='bbox 1560 1962 1647 2032; x_wconf 78' lang='lat' dir='ltr'>edes</span> <span class='ocrx_word' id='word_1_181' title='bbox 1667 1954 1860 2047; x_wconf 88' lang='lat' dir='ltr'>sponsorum</span> <span class='ocrx_word' id='word_1_182' title='bbox 1881 1962 2063 2042; x_wconf 78' lang='lat' dir='ltr'>dedutlaa,</span> 
     </span>
     <span class='ocr_line' id='line_1_16' title="bbox 377 2053 2174 2157; baseline 0.001 -28"><span class='ocrx_word' id='word_1_183' title='bbox 377 2053 433 2129; x_wconf 78' lang='lat' dir='ltr'>ad</span> <span class='ocrx_word' id='word_1_184' title='bbox 463 2053 656 2130; x_wconf 78' lang='lat' dir='ltr'>dirimendo</span> <span class='ocrx_word' id='word_1_185' title='bbox 677 2053 857 2152; x_wconf 81' lang='lat' dir='ltr'>sponsalia</span> <span class='ocrx_word' id='word_1_186' title='bbox 887 2058 1126 2157; x_wconf 76' lang='lat' dir='ltr'>propensarem</span> <span class='ocrx_word' id='word_1_187' title='bbox 1148 2053 1207 2154; x_wconf 80' lang='lat' dir='ltr'>ese</span> <span class='ocrx_word' id='word_1_188' title='bbox 1229 2081 1307 2128; x_wconf 89' lang='lat' dir='ltr'>cum</span> <span class='ocrx_word' id='word_1_189' title='bbox 1332 2081 1372 2128; x_wconf 79' lang='lat' dir='ltr'>es</span> <span class='ocrx_word' id='word_1_190' title='bbox 1395 2054 1545 2127; x_wconf 86' lang='lat' dir='ltr'>rabbinis</span> <span class='ocrx_word' id='word_1_191' title='bbox 1568 2060 1773 2130; x_wconf 88' lang='lat' dir='ltr'>contrarium</span> <span class='ocrx_word' id='word_1_192' title='bbox 1797 2057 1875 2129; x_wconf 92' lang='lat' dir='ltr'>colli</span> <span class='ocrx_word' id='word_1_193' title='bbox 1903 2061 1914 2128; x_wconf 93' lang='lat' dir='ltr'>i</span> <span class='ocrx_word' id='word_1_194' title='bbox 1938 2053 2061 2148; x_wconf 82' lang='lat' dir='ltr'>poffit&#39;)</span> <span class='ocrx_word' id='word_1_195' title='bbox 2172 2143 2174 2148; x_wconf 37' lang='grc'><strong>,</strong></span> 
     </span>
     <span class='ocr_line' id='line_1_17' title="bbox 382 2084 2062 2247; baseline 0.001 -19"><span class='ocrx_word' id='word_1_196' title='bbox 382 2152 517 2247; x_wconf 70' lang='lat' dir='ltr'>dederet</span> <span class='ocrx_word' id='word_1_197' title='bbox 542 2150 597 2226; x_wconf 93' lang='lat' dir='ltr'>sed</span> <span class='ocrx_word' id='word_1_198' title='bbox 616 2158 868 2228; x_wconf 79' lang='lat' dir='ltr'>circumstantia</span> <span class='ocrx_word' id='word_1_199' title='bbox 889 2181 1004 2228; x_wconf 89' lang='lat' dir='ltr'>omnes</span> <span class='ocrx_word' id='word_1_200' title='bbox 1021 2159 1206 2247; x_wconf 83' lang='lat' dir='ltr'>prudenter</span> <span class='ocrx_word' id='word_1_201' title='bbox 1230 2158 1305 2226; x_wconf 90' lang='lat' dir='ltr'>ideo</span> <span class='ocrx_word' id='word_1_202' title='bbox 1325 2154 1475 2241; x_wconf 88' lang='lat' dir='ltr'>dicimus,</span> <span class='ocrx_word' id='word_1_203' title='bbox 1501 2150 1652 2244; x_wconf 86' lang='lat' dir='ltr'>sponsam</span> <span class='ocrx_word' id='word_1_204' title='bbox 1679 2159 1791 2228; x_wconf 81' lang='lat' dir='ltr'>vocari</span> <span class='ocrx_word' id='word_1_205' title='bbox 1818 2158 1852 2227; x_wconf 92' lang='lat' dir='ltr'>in</span> <span class='ocrx_word' id='word_1_206' title='bbox 1868 2084 1965 2230; x_wconf 70' lang='lat' dir='ltr'>{loris</span> <span class='ocrx_word' id='word_1_207' title='bbox 1984 2155 2062 2229; x_wconf 89' lang='lat' dir='ltr'>lite·</span> 
     </span>
     <span class='ocr_line' id='line_1_18' title="bbox 376 2249 2062 2348; baseline 0.001 -22"><span class='ocrx_word' id='word_1_208' title='bbox 376 2279 420 2326; x_wconf 86' lang='lat' dir='ltr'>ac</span> <span class='ocrx_word' id='word_1_209' title='bbox 434 2253 617 2344; x_wconf 81' lang='lat' dir='ltr'>diligenter</span> <span class='ocrx_word' id='word_1_210' title='bbox 640 2252 712 2325; x_wconf 91' lang='lat' dir='ltr'>sunt</span> <span class='ocrx_word' id='word_1_211' title='bbox 732 2259 967 2345; x_wconf 76' lang='lat' dir='ltr'>expendenda,</span> <span class='ocrx_word' id='word_1_212' title='bbox 982 2281 1041 2326; x_wconf 89' lang='lat' dir='ltr'>nec</span> <span class='ocrx_word' id='word_1_213' title='bbox 1053 2253 1098 2326; x_wconf 90' lang='lat' dir='ltr'>ob</span> <span class='ocrx_word' id='word_1_214' title='bbox 1112 2281 1208 2345; x_wconf 88' lang='lat' dir='ltr'>quas·</span> <span class='ocrx_word' id='word_1_215' title='bbox 1230 2256 1276 2324; x_wconf 88' lang='lat' dir='ltr'>ris</span> <span class='ocrx_word' id='word_1_216' title='bbox 1292 2278 1449 2339; x_wconf 87' lang='lat' dir='ltr'>uxorem,</span> <span class='ocrx_word' id='word_1_217' title='bbox 1474 2278 1542 2324; x_wconf 92' lang='lat' dir='ltr'>non</span> <span class='ocrx_word' id='word_1_218' title='bbox 1557 2261 1646 2348; x_wconf 84' lang='lat' dir='ltr'>quod</span> <span class='ocrx_word' id='word_1_219' title='bbox 1665 2256 1751 2325; x_wconf 83' lang='lat' dir='ltr'>iuter</span> <span class='ocrx_word' id='word_1_220' title='bbox 1764 2249 1913 2341; x_wconf 86' lang='lat' dir='ltr'>sponsam</span> <span class='ocrx_word' id='word_1_221' title='bbox 1931 2266 1964 2329; x_wconf 80' lang='lat' dir='ltr'>de</span> <span class='ocrx_word' id='word_1_222' title='bbox 1980 2277 2062 2328; x_wconf 85' lang='lat' dir='ltr'>uxo·</span> 
     </span>
     <span class='ocr_line' id='line_1_19' title="bbox 378 2348 2060 2442; baseline -0.001 -18"><span class='ocrx_word' id='word_1_223' title='bbox 378 2349 463 2426; x_wconf 90' lang='lat' dir='ltr'>libet</span> <span class='ocrx_word' id='word_1_224' title='bbox 484 2355 588 2437; x_wconf 75' lang='lat' dir='ltr'>naas,</span> <span class='ocrx_word' id='word_1_225' title='bbox 614 2349 667 2426; x_wconf 79' lang='lat' dir='ltr'>vel</span> <span class='ocrx_word' id='word_1_226' title='bbox 682 2350 887 2425; x_wconf 76' lang='lat' dir='ltr'>dissensiones</span> <span class='ocrx_word' id='word_1_227' title='bbox 909 2351 1113 2426; x_wconf 82' lang='lat' dir='ltr'>dissolvenda</span> <span class='ocrx_word' id='word_1_228' title='bbox 1134 2349 1211 2425; x_wconf 83' lang='lat' dir='ltr'>sunt</span> <span class='ocrx_word' id='word_1_229' title='bbox 1232 2377 1328 2438; x_wconf 82' lang='lat' dir='ltr'>rem,</span> <span class='ocrx_word' id='word_1_230' title='bbox 1358 2361 1394 2425; x_wconf 80' lang='lat' dir='ltr'>dt</span> <span class='ocrx_word' id='word_1_231' title='bbox 1410 2348 1648 2442; x_wconf 84' lang='lat' dir='ltr'>consequenter</span> <span class='ocrx_word' id='word_1_232' title='bbox 1663 2355 1751 2424; x_wconf 87' lang='lat' dir='ltr'>inter</span> <span class='ocrx_word' id='word_1_233' title='bbox 1769 2349 1927 2442; x_wconf 84' lang='lat' dir='ltr'>sponsalia</span> <span class='ocrx_word' id='word_1_234' title='bbox 1947 2355 1983 2426; x_wconf 82' lang='lat' dir='ltr'>dt</span> <span class='ocrx_word' id='word_1_235' title='bbox 1997 2377 2060 2424; x_wconf 91' lang='lat' dir='ltr'>nu.</span> 
     </span>
     <span class='ocr_line' id='line_1_20' title="bbox 356 2446 2061 2542; baseline -0.001 -19"><span class='ocrx_word' id='word_1_236' title='bbox 356 2475 361 2488; x_wconf 93' lang='lat'><strong>·</strong></span> <span class='ocrx_word' id='word_1_237' title='bbox 379 2446 565 2542; x_wconf 88' lang='lat' dir='ltr'>sponsalia,</span> <span class='ocrx_word' id='word_1_238' title='bbox 589 2446 643 2524; x_wconf 90' lang='lat' dir='ltr'>sed</span> <span class='ocrx_word' id='word_1_239' title='bbox 663 2456 769 2523; x_wconf 88' lang='lat' dir='ltr'>modis</span> <span class='ocrx_word' id='word_1_240' title='bbox 788 2478 825 2523; x_wconf 89' lang='lat' dir='ltr'>ac</span> <span class='ocrx_word' id='word_1_241' title='bbox 843 2454 903 2528; x_wconf 83' lang='lat' dir='ltr'>viia</span> <span class='ocrx_word' id='word_1_242' title='bbox 923 2453 1076 2524; x_wconf 89' lang='lat' dir='ltr'>omnibus</span> <span class='ocrx_word' id='word_1_243' title='bbox 1091 2476 1206 2524; x_wconf 86' lang='lat' dir='ltr'>recoo.</span> <span class='ocrx_word' id='word_1_244' title='bbox 1231 2455 1339 2542; x_wconf 81' lang='lat' dir='ltr'>ptius,</span> <span class='ocrx_word' id='word_1_245' title='bbox 1362 2449 1427 2522; x_wconf 89' lang='lat' dir='ltr'>hoc</span> <span class='ocrx_word' id='word_1_246' title='bbox 1447 2454 1514 2533; x_wconf 85' lang='lat' dir='ltr'>ell,</span> <span class='ocrx_word' id='word_1_247' title='bbox 1535 2454 1625 2523; x_wconf 88' lang='lat' dir='ltr'>inter</span> <span class='ocrx_word' id='word_1_248' title='bbox 1646 2452 1897 2523; x_wconf 87' lang='lat' dir='ltr'>matrimonium</span> <span class='ocrx_word' id='word_1_249' title='bbox 1924 2449 2061 2522; x_wconf 90' lang='lat' dir='ltr'>inchoa-</span> 
     </span>
     <span class='ocr_line' id='line_1_21' title="bbox 356 2545 2059 2647; baseline -0.001 -25"><span class='ocrx_word' id='word_1_250' title='bbox 356 2549 507 2622; x_wconf 86' lang='lat' dir='ltr'>·ciliatio</span> <span class='ocrx_word' id='word_1_251' title='bbox 535 2551 628 2640; x_wconf 84' lang='lat' dir='ltr'>priua</span> <span class='ocrx_word' id='word_1_252' title='bbox 655 2553 820 2624; x_wconf 82' lang='lat' dir='ltr'>tentanda.</span> <span class='ocrx_word' id='word_1_253' title='bbox 870 2546 933 2623; x_wconf 88' lang='lat' dir='ltr'>An</span> <span class='ocrx_word' id='word_1_254' title='bbox 960 2547 1001 2623; x_wconf 86' lang='lat' dir='ltr'>ob</span> <span class='ocrx_word' id='word_1_255' title='bbox 1027 2550 1205 2647; x_wconf 84' lang='lat' dir='ltr'>religionis</span> <span class='ocrx_word' id='word_1_256' title='bbox 1230 2571 1301 2621; x_wconf 90' lang='lat' dir='ltr'>tum</span> <span class='ocrx_word' id='word_1_257' title='bbox 1327 2559 1360 2622; x_wconf 80' lang='lat' dir='ltr'>de</span> <span class='ocrx_word' id='word_1_258' title='bbox 1384 2545 1648 2622; x_wconf 87' lang='lat' dir='ltr'>consummatum</span> <span class='ocrx_word' id='word_1_259' title='bbox 1671 2547 1760 2620; x_wconf 92' lang='lat' dir='ltr'>nulla</span> <span class='ocrx_word' id='word_1_260' title='bbox 1783 2547 1822 2621; x_wconf 85' lang='lat' dir='ltr'>stt</span> <span class='ocrx_word' id='word_1_261' title='bbox 1843 2547 2059 2630; x_wconf 81' lang='lat' dir='ltr'>differentia,</span> 
     </span>
     <span class='ocr_line' id='line_1_22' title="bbox 359 2643 2185 2750; baseline -0.002 -26"><span class='ocrx_word' id='word_1_262' title='bbox 359 2647 632 2750; x_wconf 72' lang='lat' dir='ltr'>&#39;&#39;&#39;sa&#39;uerfitatem‚</span> <span class='ocrx_word' id='word_1_263' title='bbox 673 2649 726 2723; x_wconf 83' lang='lat' dir='ltr'>vel</span> <span class='ocrx_word' id='word_1_264' title='bbox 759 2660 873 2723; x_wconf 84' lang='lat' dir='ltr'>uotum</span> <span class='ocrx_word' id='word_1_265' title='bbox 909 2651 1143 2735; x_wconf 81' lang='lat' dir='ltr'>continentia,</span> <span class='ocrx_word' id='word_1_266' title='bbox 1180 2645 1284 2722; x_wconf 87' lang='lat' dir='ltr'>stsed</span> <span class='ocrx_word' id='word_1_267' title='bbox 1307 2651 1384 2735; x_wconf 86' lang='lat' dir='ltr'>quia</span> <span class='ocrx_word' id='word_1_268' title='bbox 1403 2650 1449 2718; x_wconf 88' lang='lat' dir='ltr'>est</span> <span class='ocrx_word' id='word_1_269' title='bbox 1470 2672 1561 2721; x_wconf 86' lang='lat' dir='ltr'>uxor</span> <span class='ocrx_word' id='word_1_270' title='bbox 1577 2645 1746 2745; x_wconf 66' lang='lat' dir='ltr'>speratm·</span> <span class='ocrx_word' id='word_1_271' title='bbox 1763 2647 1886 2744; x_wconf 63' lang='lat' dir='ltr'>sassa,</span> <span class='ocrx_word' id='word_1_272' title='bbox 1912 2643 2059 2745; x_wconf 64' lang='lat' dir='ltr'>proruis</span> <span class='ocrx_word' id='word_1_273' title='bbox 2182 2729 2185 2740; x_wconf 33' lang='grc' dir='ltr'>Ι</span> 
     </span>
     <span class='ocr_line' id='line_1_23' title="bbox 379 2743 2164 2844; baseline 0.002 -24"><span class='ocrx_word' id='word_1_274' title='bbox 379 2771 469 2835; x_wconf 85' lang='lat' dir='ltr'>ante,</span> <span class='ocrx_word' id='word_1_275' title='bbox 489 2746 814 2838; x_wconf 75' lang='lat' dir='ltr'>velpollcontradla</span> <span class='ocrx_word' id='word_1_276' title='bbox 838 2745 1122 2837; x_wconf 84' lang='lat' dir='ltr'>sponsalielocum</span> <span class='ocrx_word' id='word_1_277' title='bbox 1147 2745 1204 2820; x_wconf 90' lang='lat' dir='ltr'>ha·</span> <span class='ocrx_word' id='word_1_278' title='bbox 1220 2743 1267 2844; x_wconf 86' lang='lat' dir='ltr'>sa</span> <span class='ocrx_word' id='word_1_279' title='bbox 1293 2743 1334 2819; x_wconf 63' lang='lat' dir='ltr'>ss</span> <span class='ocrx_word' id='word_1_280' title='bbox 1351 2745 1490 2839; x_wconf 82' lang='lat' dir='ltr'>sutrtra.</span> <span class='ocrx_word' id='word_1_281' title='bbox 1541 2747 1768 2820; x_wconf 85' lang='lat' dir='ltr'>Tertullianus</span> <span class='ocrx_word' id='word_1_282' title='bbox 1791 2745 1846 2819; x_wconf 87' lang='lat' dir='ltr'>lib.</span> <span class='ocrx_word' id='word_1_283' title='bbox 1870 2753 1912 2820; x_wconf 86' lang='lat' dir='ltr'>de</span> <span class='ocrx_word' id='word_1_284' title='bbox 1933 2747 2057 2823; x_wconf 80' lang='lat' dir='ltr'>velam.</span> <span class='ocrx_word' id='word_1_285' title='bbox 2156 2743 2164 2750; x_wconf 66' lang='grc'><strong>’</strong></span> 
     </span>
     <span class='ocr_line' id='line_1_24' title="bbox 380 2843 2108 2942; baseline -0.002 -22"><span class='ocrx_word' id='word_1_286' title='bbox 380 2843 539 2931; x_wconf 86' lang='lat' dir='ltr'>buerint,</span> <span class='ocrx_word' id='word_1_287' title='bbox 565 2849 768 2920; x_wconf 87' lang='lat' dir='ltr'>matrimonii</span> <span class='ocrx_word' id='word_1_288' title='bbox 796 2844 1036 2918; x_wconf 88' lang='lat' dir='ltr'>consummatio</span> <span class='ocrx_word' id='word_1_289' title='bbox 1063 2847 1101 2919; x_wconf 84' lang='lat' dir='ltr'>lit</span> <span class='ocrx_word' id='word_1_290' title='bbox 1126 2871 1205 2936; x_wconf 87' lang='lat' dir='ltr'>pro·</span> <span class='ocrx_word' id='word_1_291' title='bbox 1229 2848 1316 2935; x_wconf 80' lang='lat' dir='ltr'>virg.</span> <span class='ocrx_word' id='word_1_292' title='bbox 1341 2869 1369 2916; x_wconf 90' lang='lat' dir='ltr'>c.</span> <span class='ocrx_word' id='word_1_293' title='bbox 1387 2853 1445 2917; x_wconf 79' lang='lat' dir='ltr'>Vl.</span> <span class='ocrx_word' id='word_1_294' title='bbox 1473 2871 1611 2934; x_wconf 74' lang='lat' dir='ltr'>p.,191.</span> <span class='ocrx_word' id='word_1_295' title='bbox 1666 2843 1882 2941; x_wconf 68' lang='lat' dir='ltr'>Desponsata</span> <span class='ocrx_word' id='word_1_296' title='bbox 1910 2845 2056 2942; x_wconf 83' lang='lat' dir='ltr'>quodam</span> <span class='ocrx_word' id='word_1_297' title='bbox 2105 2927 2108 2938; x_wconf 24' lang='lat'>³</span> 
     </span>
     <span class='ocr_line' id='line_1_25' title="bbox 382 2939 2164 3040; baseline 0.002 -23"><span class='ocrx_word' id='word_1_298' title='bbox 382 2947 546 3020; x_wconf 77' lang='lat' dir='ltr'>bibendae</span> <span class='ocrx_word' id='word_1_299' title='bbox 570 2949 605 3017; x_wconf 90' lang='lat' dir='ltr'>in</span> <span class='ocrx_word' id='word_1_300' title='bbox 630 2942 718 3038; x_wconf 86' lang='lat' dir='ltr'>seqq.</span> <span class='ocrx_word' id='word_1_301' title='bbox 745 2970 842 3037; x_wconf 88' lang='lat' dir='ltr'>capp.</span> <span class='ocrx_word' id='word_1_302' title='bbox 876 2941 1077 3035; x_wconf 83' lang='lat' dir='ltr'>dispiciatur.</span> <span class='ocrx_word' id='word_1_303' title='bbox 1141 2943 1204 3016; x_wconf 88' lang='lat' dir='ltr'>An</span> <span class='ocrx_word' id='word_1_304' title='bbox 1230 2943 1328 3015; x_wconf 84' lang='lat' dir='ltr'>modo</span> <span class='ocrx_word' id='word_1_305' title='bbox 1348 2966 1393 3014; x_wconf 86' lang='lat' dir='ltr'>nu</span> <span class='ocrx_word' id='word_1_306' title='bbox 1417 2955 1479 3029; x_wconf 84' lang='lat' dir='ltr'>ta,</span> <span class='ocrx_word' id='word_1_307' title='bbox 1504 2955 1613 3016; x_wconf 77' lang='lat' dir='ltr'>tantm</span> <span class='ocrx_word' id='word_1_308' title='bbox 1636 2946 1722 3017; x_wconf 78' lang='lat' dir='ltr'>inter</span> <span class='ocrx_word' id='word_1_309' title='bbox 1745 2941 1988 3040; x_wconf 83' lang='lat' dir='ltr'>quodennmodo</span> <span class='ocrx_word' id='word_1_310' title='bbox 2014 2939 2055 3020; x_wconf 67' lang='lat' dir='ltr'>ss</span> <span class='ocrx_word' id='word_1_311' title='bbox 2155 2985 2164 3000; x_wconf 78' lang='lat'>=</span> 
     </span>
     <span class='ocr_line' id='line_1_26' title="bbox 381 2968 2178 3143; baseline -0.001 -26"><span class='ocrx_word' id='word_1_312' title='bbox 381 3045 714 3142; x_wconf 74' lang='lat' dir='ltr'>per‘matrimonium</span> <span class='ocrx_word' id='word_1_313' title='bbox 741 3067 815 3118; x_wconf 84' lang='lat' dir='ltr'>caen</span> <span class='ocrx_word' id='word_1_314' title='bbox 842 3044 916 3117; x_wconf 87' lang='lat' dir='ltr'>alia</span> <span class='ocrx_word' id='word_1_315' title='bbox 943 3043 1204 3140; x_wconf 83' lang='lat' dir='ltr'>aonsiunmateme</span> <span class='ocrx_word' id='word_1_316' title='bbox 1230 3067 1341 3115; x_wconf 83' lang='lat' dir='ltr'>verum</span> <span class='ocrx_word' id='word_1_317' title='bbox 1361 2968 1454 3137; x_wconf 65' lang='lat' dir='ltr'>silis</span> <span class='ocrx_word' id='word_1_318' title='bbox 1471 3044 1611 3143; x_wconf 82' lang='lat' dir='ltr'>interest.</span> <span class='ocrx_word' id='word_1_319' title='bbox 1664 3048 1784 3132; x_wconf 87' lang='lat' dir='ltr'>Neque</span> <span class='ocrx_word' id='word_1_320' title='bbox 1803 3045 1891 3114; x_wconf 91' lang='lat' dir='ltr'>enim</span> <span class='ocrx_word' id='word_1_321' title='bbox 1916 3046 1949 3114; x_wconf 94' lang='lat' dir='ltr'>in</span> <span class='ocrx_word' id='word_1_322' title='bbox 1975 3039 2055 3116; x_wconf 86' lang='lat' dir='ltr'>scri·</span> <span class='ocrx_word' id='word_1_323' title='bbox 2164 3087 2178 3104; x_wconf 49' lang='lat' dir='ltr'>s</span> 
     </span>
     <span class='ocr_line' id='line_1_27' title="bbox 384 3136 2053 3244; baseline -0.001 -26"><span class='ocrx_word' id='word_1_324' title='bbox 384 3145 499 3242; x_wconf 83' lang='lat' dir='ltr'>priora</span> <span class='ocrx_word' id='word_1_325' title='bbox 527 3141 707 3241; x_wconf 76' lang='lat' dir='ltr'>sponsalia</span> <span class='ocrx_word' id='word_1_326' title='bbox 734 3142 941 3243; x_wconf 76' lang='lat' dir='ltr'>disoluenda</span> <span class='ocrx_word' id='word_1_327' title='bbox 964 3141 1065 3244; x_wconf 71' lang='lat' dir='ltr'>finti</span> <span class='ocrx_word' id='word_1_328' title='bbox 1102 3147 1203 3215; x_wconf 82' lang='lat' dir='ltr'>ardua</span> <span class='ocrx_word' id='word_1_329' title='bbox 1227 3145 1337 3232; x_wconf 89' lang='lat' dir='ltr'>pturis</span> <span class='ocrx_word' id='word_1_330' title='bbox 1366 3143 1464 3229; x_wconf 84' lang='lat' dir='ltr'>plane</span> <span class='ocrx_word' id='word_1_331' title='bbox 1489 3136 1646 3225; x_wconf 87' lang='lat' dir='ltr'>insolens,</span> <span class='ocrx_word' id='word_1_332' title='bbox 1672 3144 1975 3216; x_wconf 77' lang='lat' dir='ltr'>denominationem</span> <span class='ocrx_word' id='word_1_333' title='bbox 2003 3144 2053 3216; x_wconf 85' lang='lat' dir='ltr'>rei</span> 
     </span>
     <span class='ocr_line' id='line_1_28' title="bbox 385 3240 2134 3333; baseline -0.003 -16"><span class='ocrx_word' id='word_1_334' title='bbox 385 3245 517 3333; x_wconf 81' lang='lat' dir='ltr'>quaestio</span> <span class='ocrx_word' id='word_1_335' title='bbox 542 3247 609 3324; x_wconf 81' lang='lat' dir='ltr'>eu,</span> <span class='ocrx_word' id='word_1_336' title='bbox 649 3248 690 3317; x_wconf 90' lang='lat' dir='ltr'>de</span> <span class='ocrx_word' id='word_1_337' title='bbox 714 3270 782 3332; x_wconf 88' lang='lat' dir='ltr'>qua</span> <span class='ocrx_word' id='word_1_338' title='bbox 806 3242 970 3324; x_wconf 86' lang='lat' dir='ltr'>inferius,</span> <span class='ocrx_word' id='word_1_339' title='bbox 1007 3241 1138 3330; x_wconf 87' lang='lat' dir='ltr'>quando</span> <span class='ocrx_word' id='word_1_340' title='bbox 1161 3247 1203 3313; x_wconf 90' lang='lat' dir='ltr'>de</span> <span class='ocrx_word' id='word_1_341' title='bbox 1228 3268 1246 3312; x_wconf 92' lang='lat' dir='ltr'>a</span> <span class='ocrx_word' id='word_1_342' title='bbox 1269 3242 1383 3311; x_wconf 85' lang='lat' dir='ltr'>sutoro</span> <span class='ocrx_word' id='word_1_343' title='bbox 1402 3260 1524 3310; x_wconf 80' lang='lat' dir='ltr'>eventu</span> <span class='ocrx_word' id='word_1_344' title='bbox 1543 3243 1622 3328; x_wconf 92' lang='lat' dir='ltr'>peti.</span> <span class='ocrx_word' id='word_1_345' title='bbox 1673 3242 1724 3310; x_wconf 90' lang='lat' dir='ltr'>Sic</span> <span class='ocrx_word' id='word_1_346' title='bbox 1750 3240 2054 3332; x_wconf 75' lang='lat' dir='ltr'>Adatneonjogem</span> <span class='ocrx_word' id='word_1_347' title='bbox 2131 3263 2134 3276; x_wconf 90' lang='lat'><em>·</em></span> 
     </span>
    </p>
   </div>
   <div class='ocr_carea' id='block_1_3' title="bbox 387 3334 2200 3436">
    <p class='ocr_par' dir='ltr' id='par_1_5' title="bbox 387 3334 2200 3436">
     <span class='ocr_line' id='line_1_29' title="bbox 387 3334 2200 3436; baseline -0.001 -23"><span class='ocrx_word' id='word_1_348' title='bbox 387 3344 515 3416; x_wconf 81' lang='lat' dir='ltr'>divortii</span> <span class='ocrx_word' id='word_1_349' title='bbox 551 3341 652 3417; x_wconf 83' lang='lat' dir='ltr'>caulis</span> <span class='ocrx_word' id='word_1_350' title='bbox 683 3347 850 3435; x_wconf 82' lang='lat' dir='ltr'>agendum</span> <span class='ocrx_word' id='word_1_351' title='bbox 877 3344 964 3421; x_wconf 89' lang='lat' dir='ltr'>etit,</span> <span class='ocrx_word' id='word_1_352' title='bbox 988 3339 1203 3414; x_wconf 70' lang='lat' dir='ltr'>&#39;tractabitun</span> <span class='ocrx_word' id='word_1_353' title='bbox 1227 3334 1316 3409; x_wconf 81' lang='lat' dir='ltr'>suam</span> <span class='ocrx_word' id='word_1_354' title='bbox 1342 3359 1437 3409; x_wconf 87' lang='lat' dir='ltr'>vocat</span> <span class='ocrx_word' id='word_1_355' title='bbox 1465 3334 1604 3424; x_wconf 82' lang='lat' dir='ltr'>Euone,</span> <span class='ocrx_word' id='word_1_356' title='bbox 1635 3344 1790 3425; x_wconf 88' lang='lat' dir='ltr'>eoquod</span> <span class='ocrx_word' id='word_1_357' title='bbox 1818 3338 1944 3430; x_wconf 82' lang='lat' dir='ltr'>sutura</span> <span class='ocrx_word' id='word_1_358' title='bbox 1977 3335 2054 3436; x_wconf 77' lang='lat' dir='ltr'>eset</span> <span class='ocrx_word' id='word_1_359' title='bbox 2196 3371 2200 3380; x_wconf 89' lang='lat'><strong>·</strong></span> 
     </span>
    </p>
   </div>
   <div class='ocr_carea' id='block_1_4' title="bbox 352 3435 2192 5028">
    <p class='ocr_par' dir='ltr' id='par_1_6' title="bbox 388 3435 2052 3822">
     <span class='ocr_line' id='line_1_30' title="bbox 388 3435 2049 3531; baseline -0.003 -17"><span class='ocrx_word' id='word_1_360' title='bbox 388 3444 435 3514; x_wconf 80' lang='lat' dir='ltr'>De</span> <span class='ocrx_word' id='word_1_361' title='bbox 460 3452 590 3529; x_wconf 86' lang='lat' dir='ltr'>marte,</span> <span class='ocrx_word' id='word_1_362' title='bbox 615 3447 704 3531; x_wconf 86' lang='lat' dir='ltr'>quod</span> <span class='ocrx_word' id='word_1_363' title='bbox 729 3469 790 3530; x_wconf 89' lang='lat' dir='ltr'>per</span> <span class='ocrx_word' id='word_1_364' title='bbox 818 3467 889 3513; x_wconf 85' lang='lat' dir='ltr'>eam</span> <span class='ocrx_word' id='word_1_365' title='bbox 915 3436 1072 3529; x_wconf 87' lang='lat' dir='ltr'>sponsalia</span> <span class='ocrx_word' id='word_1_366' title='bbox 1093 3435 1202 3510; x_wconf 85' lang='lat' dir='ltr'>dissol·</span> <span class='ocrx_word' id='word_1_367' title='bbox 1227 3448 1334 3510; x_wconf 80' lang='lat' dir='ltr'>mater·</span> <span class='ocrx_word' id='word_1_368' title='bbox 1363 3437 1511 3508; x_wconf 85' lang='lat' dir='ltr'>onmium</span> <span class='ocrx_word' id='word_1_369' title='bbox 1540 3436 1754 3530; x_wconf 75' lang='lat' dir='ltr'>uiuentium,-</span> <span class='ocrx_word' id='word_1_370' title='bbox 1794 3444 1879 3509; x_wconf 90' lang='lat' dir='ltr'>Gen.</span> <span class='ocrx_word' id='word_1_371' title='bbox 1904 3445 1963 3525; x_wconf 77' lang='lat' dir='ltr'>lli.</span> <span class='ocrx_word' id='word_1_372' title='bbox 1993 3462 2049 3511; x_wconf 82' lang='lat' dir='ltr'>ao.</span> 
     </span>
     <span class='ocr_line' id='line_1_31' title="bbox 390 3531 2052 3630; baseline -0.002 -18"><span class='ocrx_word' id='word_1_373' title='bbox 390 3561 526 3630; x_wconf 81' lang='lat' dir='ltr'>tantur,</span> <span class='ocrx_word' id='word_1_374' title='bbox 545 3540 685 3613; x_wconf 87' lang='lat' dir='ltr'>dubium</span> <span class='ocrx_word' id='word_1_375' title='bbox 711 3535 858 3623; x_wconf 85' lang='lat' dir='ltr'>millum,</span> <span class='ocrx_word' id='word_1_376' title='bbox 888 3564 965 3609; x_wconf 80' lang='lat' dir='ltr'>cunr</span> <span class='ocrx_word' id='word_1_377' title='bbox 996 3532 1202 3610; x_wconf 89' lang='lat' dir='ltr'>consumma·</span> <span class='ocrx_word' id='word_1_378' title='bbox 1226 3540 1310 3621; x_wconf 88' lang='lat' dir='ltr'>Lea,</span> <span class='ocrx_word' id='word_1_379' title='bbox 1335 3533 1605 3627; x_wconf 60' lang='lat' dir='ltr'>lambiturque,</span> <span class='ocrx_word' id='word_1_380' title='bbox 1634 3533 1737 3604; x_wconf 85' lang='lat' dir='ltr'>silium</span> <span class='ocrx_word' id='word_1_381' title='bbox 1752 3531 1845 3605; x_wconf 93' lang='lat' dir='ltr'>suum</span> <span class='ocrx_word' id='word_1_382' title='bbox 1863 3556 1960 3605; x_wconf 85' lang='lat' dir='ltr'>vocat</span> <span class='ocrx_word' id='word_1_383' title='bbox 1984 3531 2052 3609; x_wconf 80' lang='lat' dir='ltr'>Le·</span> 
     </span>
     <span class='ocr_line' id='line_1_32' title="bbox 389 3624 2049 3723; baseline -0.01 -1"><span class='ocrx_word' id='word_1_384' title='bbox 389 3665 452 3720; x_wconf 80' lang='lat' dir='ltr'>tum</span> <span class='ocrx_word' id='word_1_385' title='bbox 469 3648 570 3721; x_wconf 83' lang='lat' dir='ltr'>etiam</span> <span class='ocrx_word' id='word_1_386' title='bbox 587 3644 832 3716; x_wconf 83' lang='lat' dir='ltr'>matrimonium</span> <span class='ocrx_word' id='word_1_387' title='bbox 854 3635 1013 3709; x_wconf 86' lang='lat' dir='ltr'>dissolvat.</span> <span class='ocrx_word' id='word_1_388' title='bbox 1225 3637 1287 3722; x_wconf 84' lang='lat' dir='ltr'>vi,</span> <span class='ocrx_word' id='word_1_389' title='bbox 1328 3636 1404 3720; x_wconf 86' lang='lat' dir='ltr'>quia</span> <span class='ocrx_word' id='word_1_390' title='bbox 1428 3632 1578 3723; x_wconf 85' lang='lat' dir='ltr'>sperabat</span> <span class='ocrx_word' id='word_1_391' title='bbox 1605 3636 1759 3703; x_wconf 87' lang='lat' dir='ltr'>maritum</span> <span class='ocrx_word' id='word_1_392' title='bbox 1789 3630 1852 3708; x_wconf 76' lang='lat' dir='ltr'>sibl</span> <span class='ocrx_word' id='word_1_393' title='bbox 1875 3631 1919 3703; x_wconf 94' lang='lat' dir='ltr'>ob</span> <span class='ocrx_word' id='word_1_394' title='bbox 1946 3624 2049 3705; x_wconf 81' lang='lat' dir='ltr'>tr&#39;ium</span> 
     </span>
     <span class='ocr_line' id='line_1_33' title="bbox 507 3729 2047 3822; baseline -0.005 -11"><span class='ocrx_word' id='word_1_395' title='bbox 507 3783 521 3798; x_wconf 38' lang='lat' dir='ltr'>a</span> <span class='ocrx_word' id='word_1_396' title='bbox 713 3751 747 3816; x_wconf 65' lang='lat' dir='ltr'>e.</span> <span class='ocrx_word' id='word_1_397' title='bbox 772 3742 957 3810; x_wconf 83' lang='lat' dir='ltr'>CLXthl.</span> <span class='ocrx_word' id='word_1_398' title='bbox 1007 3730 1117 3813; x_wconf 86' lang='lat' dir='ltr'>Hisce,</span> <span class='ocrx_word' id='word_1_399' title='bbox 1130 3759 1201 3822; x_wconf 80' lang='lat' dir='ltr'>qua</span> <span class='ocrx_word' id='word_1_400' title='bbox 1227 3729 1373 3805; x_wconf 83' lang='lat' dir='ltr'>filiorum</span> <span class='ocrx_word' id='word_1_401' title='bbox 1400 3752 1534 3817; x_wconf 87' lang='lat' dir='ltr'>partum</span> <span class='ocrx_word' id='word_1_402' title='bbox 1559 3734 1694 3803; x_wconf 68' lang='lat' dir='ltr'>arationi</span> <span class='ocrx_word' id='word_1_403' title='bbox 1724 3753 1837 3802; x_wconf 89' lang='lat' dir='ltr'>amore</span> <span class='ocrx_word' id='word_1_404' title='bbox 1853 3731 2047 3820; x_wconf 81' lang='lat' dir='ltr'>copularum</span> 
     </span>
    </p>

    <p class='ocr_par' dir='ltr' id='par_1_7' title="bbox 352 3827 2192 5028">
     <span class='ocr_line' id='line_1_34' title="bbox 390 3827 2050 3926; baseline -0.001 -22"><span class='ocrx_word' id='word_1_405' title='bbox 390 3840 437 3904; x_wconf 78' lang='lat' dir='ltr'>An</span> <span class='ocrx_word' id='word_1_406' title='bbox 458 3839 485 3925; x_wconf 88' lang='lat' dir='ltr'><em>J</em></span> <span class='ocrx_word' id='word_1_407' title='bbox 529 3838 587 3924; x_wconf 85' lang='lat' dir='ltr'>sa·</span> <span class='ocrx_word' id='word_1_408' title='bbox 635 3844 679 3923; x_wconf 77' lang='lat' dir='ltr'>de</span> <span class='ocrx_word' id='word_1_409' title='bbox 713 3831 949 3926; x_wconf 89' lang='lat' dir='ltr'>sponsaliorum</span> <span class='ocrx_word' id='word_1_410' title='bbox 981 3830 1203 3908; x_wconf 79' lang='lat' dir='ltr'>dissolvendo-</span> <span class='ocrx_word' id='word_1_411' title='bbox 1227 3835 1469 3913; x_wconf 66' lang='lat' dir='ltr'>niraxxtx.</span> <span class='ocrx_word' id='word_1_412' title='bbox 1494 3828 1811 3925; x_wconf 70' lang='lat' dir='ltr'>24.filiunrancille</span> <span class='ocrx_word' id='word_1_413' title='bbox 1832 3827 1968 3918; x_wconf 81' lang='lat' dir='ltr'>Zelphae</span> <span class='ocrx_word' id='word_1_414' title='bbox 1990 3855 2050 3903; x_wconf 81' lang='lat' dir='ltr'>ve·</span> 
     </span>
     <span class='ocr_line' id='line_1_35' title="bbox 395 3861 2140 4023; baseline -0.004 -14"><span class='ocrx_word' id='word_1_415' title='bbox 395 3861 591 4008; x_wconf 47' lang='lat' dir='ltr'>“siffis‘&#39;</span> <span class='ocrx_word' id='word_1_416' title='bbox 638 3964 713 4012; x_wconf 91' lang='lat' dir='ltr'>rum</span> <span class='ocrx_word' id='word_1_417' title='bbox 732 3931 831 4007; x_wconf 79' lang='lat' dir='ltr'>causis</span> <span class='ocrx_word' id='word_1_418' title='bbox 857 3935 1025 4018; x_wconf 85' lang='lat' dir='ltr'>diximus,</span> <span class='ocrx_word' id='word_1_419' title='bbox 1057 3933 1201 4020; x_wconf 86' lang='lat' dir='ltr'>op&#39;poni·</span> <span class='ocrx_word' id='word_1_420' title='bbox 1226 3951 1279 4004; x_wconf 89' lang='lat' dir='ltr'>cat</span> <span class='ocrx_word' id='word_1_421' title='bbox 1297 3925 1412 4023; x_wconf 85' lang='lat' dir='ltr'>Aser,</span> <span class='ocrx_word' id='word_1_422' title='bbox 1441 3929 1517 4018; x_wconf 91' lang='lat' dir='ltr'>quia</span> <span class='ocrx_word' id='word_1_423' title='bbox 1548 3925 1591 3999; x_wconf 85' lang='lat' dir='ltr'>ab</span> <span class='ocrx_word' id='word_1_424' title='bbox 1610 3926 1763 3999; x_wconf 87' lang='lat' dir='ltr'>omnibus</span> <span class='ocrx_word' id='word_1_425' title='bbox 1789 3924 1984 3999; x_wconf 87' lang='lat' dir='ltr'>mulieribus</span> <span class='ocrx_word' id='word_1_426' title='bbox 2001 3928 2047 4001; x_wconf 90' lang='lat' dir='ltr'>ob</span> <span class='ocrx_word' id='word_1_427' title='bbox 2136 3987 2140 4002; x_wconf 87' lang='lat'><strong>.</strong></span> 
     </span>
     <span class='ocr_line' id='line_1_36' title="bbox 404 3999 2047 4125; baseline -0.008 -14"><span class='ocrx_word' id='word_1_428' title='bbox 404 4020 469 4065; x_wconf 64' lang='lat' dir='ltr'>&#39;m</span> <span class='ocrx_word' id='word_1_429' title='bbox 487 3999 555 4064; x_wconf 63' lang='lat'>⁰⁸⁰</span> <span class='ocrx_word' id='word_1_430' title='bbox 639 4061 694 4111; x_wconf 90' lang='lat' dir='ltr'>tur</span> <span class='ocrx_word' id='word_1_431' title='bbox 723 4055 957 4125; x_wconf 86' lang='lat' dir='ltr'>argumentum</span> <span class='ocrx_word' id='word_1_432' title='bbox 990 4030 1198 4120; x_wconf 82' lang='lat' dir='ltr'>palmarium.</span> <span class='ocrx_word' id='word_1_433' title='bbox 1224 4029 1454 4107; x_wconf 66' lang='lat' dir='ltr'>monaciatico</span> <span class='ocrx_word' id='word_1_434' title='bbox 1484 4022 1550 4097; x_wconf 88' lang='lat' dir='ltr'>sese</span> <span class='ocrx_word' id='word_1_435' title='bbox 1578 4025 1836 4099; x_wconf 84' lang='lat' dir='ltr'>benedicendam</span> <span class='ocrx_word' id='word_1_436' title='bbox 1864 4023 2047 4113; x_wconf 73' lang='lat' dir='ltr'>sperabatt</span> 
     </span>
     <span class='ocr_line' id='line_1_37' title="bbox 402 4090 2045 4301; baseline -0.006 -92"><span class='ocrx_word' id='word_1_437' title='bbox 402 4090 541 4226; x_wconf 57' lang='lat' dir='ltr'>mm}</span> <span class='ocrx_word' id='word_1_438' title='bbox 638 4133 770 4233; x_wconf 81' lang='lat' dir='ltr'>Sponsa</span> <span class='ocrx_word' id='word_1_439' title='bbox 797 4135 839 4301; x_wconf 71' lang='lat' dir='ltr'>es</span> <span class='ocrx_word' id='word_1_440' title='bbox 865 4128 905 4204; x_wconf 71' lang='lat' dir='ltr'>ss</span> <span class='ocrx_word' id='word_1_441' title='bbox 930 4141 1071 4203; x_wconf 86' lang='lat' dir='ltr'>uocatur</span> <span class='ocrx_word' id='word_1_442' title='bbox 1087 4151 1199 4207; x_wconf 65' lang='lat' dir='ltr'>uxum</span> <span class='ocrx_word' id='word_1_443' title='bbox 1226 4134 1434 4216; x_wconf 84' lang='lat' dir='ltr'>c.XXX.13.</span> <span class='ocrx_word' id='word_1_444' title='bbox 1454 4125 1603 4198; x_wconf 86' lang='lat' dir='ltr'>Chrillos</span> <span class='ocrx_word' id='word_1_445' title='bbox 1619 4123 1783 4216; x_wconf 84' lang='lat' dir='ltr'>Jacobum</span> <span class='ocrx_word' id='word_1_446' title='bbox 1804 4133 1840 4197; x_wconf 77' lang='lat' dir='ltr'>de</span> <span class='ocrx_word' id='word_1_447' title='bbox 1858 4123 2045 4212; x_wconf 85' lang='lat' dir='ltr'>Johannem</span> 
     </span>
     <span class='ocr_line' id='line_1_38' title="bbox 426 4221 2042 4318; baseline -0.008 -8"><span class='ocrx_word' id='word_1_448' title='bbox 426 4257 430 4262; x_wconf 82' lang='lat'><em>&#39;</em></span> <span class='ocrx_word' id='word_1_449' title='bbox 638 4246 724 4314; x_wconf 80' lang='lat' dir='ltr'>Gen.</span> <span class='ocrx_word' id='word_1_450' title='bbox 741 4232 805 4303; x_wconf 87' lang='lat' dir='ltr'>XX</span> <span class='ocrx_word' id='word_1_451' title='bbox 829 4232 867 4301; x_wconf 79' lang='grc' dir='ltr'>Χ.</span> <span class='ocrx_word' id='word_1_452' title='bbox 887 4253 942 4302; x_wconf 81' lang='lat'>21.</span> <span class='ocrx_word' id='word_1_453' title='bbox 978 4235 1077 4301; x_wconf 87' lang='lat' dir='ltr'>Dent.</span> <span class='ocrx_word' id='word_1_454' title='bbox 1091 4226 1153 4297; x_wconf 82' lang='lat' dir='ltr'>XX</span> <span class='ocrx_word' id='word_1_455' title='bbox 1161 4225 1202 4299; x_wconf 89' lang='lat' dir='ltr'>ll.</span> <span class='ocrx_word' id='word_1_456' title='bbox 1227 4223 1438 4318; x_wconf 84' lang='lat' dir='ltr'>Baanerges‚</span> <span class='ocrx_word' id='word_1_457' title='bbox 1463 4221 1547 4293; x_wconf 86' lang='lat' dir='ltr'>filios</span> <span class='ocrx_word' id='word_1_458' title='bbox 1567 4225 1711 4305; x_wconf 90' lang='lat' dir='ltr'>tonitru,</span> <span class='ocrx_word' id='word_1_459' title='bbox 1729 4242 1842 4301; x_wconf 86' lang='lat' dir='ltr'>vocat,</span> <span class='ocrx_word' id='word_1_460' title='bbox 1866 4229 2042 4299; x_wconf 75' lang='lat' dir='ltr'>Mara-ill.</span> 
     </span>
     <span class='ocr_line' id='line_1_39' title="bbox 352 4318 2042 4431; baseline -0.008 -23"><span class='ocrx_word' id='word_1_461' title='bbox 352 4340 355 4344; x_wconf 71' lang='grc'><strong>’</strong></span> <span class='ocrx_word' id='word_1_462' title='bbox 387 4340 571 4431; x_wconf 73' lang='lat' dir='ltr'>24,Mattla.</span> <span class='ocrx_word' id='word_1_463' title='bbox 583 4340 608 4415; x_wconf 94' lang='grc' dir='ltr'>Ι.</span> <span class='ocrx_word' id='word_1_464' title='bbox 623 4362 675 4412; x_wconf 85' lang='lat'>20.</span> <span class='ocrx_word' id='word_1_465' title='bbox 694 4329 873 4413; x_wconf 75' lang='lat' dir='ltr'>indel&#39;hilo</span> <span class='ocrx_word' id='word_1_466' title='bbox 886 4333 1017 4420; x_wconf 78' lang='lat' dir='ltr'>Judaus</span> <span class='ocrx_word' id='word_1_467' title='bbox 1033 4328 1066 4396; x_wconf 87' lang='lat' dir='ltr'>iu</span> <span class='ocrx_word' id='word_1_468' title='bbox 1084 4323 1198 4396; x_wconf 87' lang='lat' dir='ltr'>lib.de</span> <span class='ocrx_word' id='word_1_469' title='bbox 1233 4347 1283 4402; x_wconf 77' lang='lat'>17.</span> <span class='ocrx_word' id='word_1_470' title='bbox 1311 4326 1386 4411; x_wconf 85' lang='lat' dir='ltr'>quio</span> <span class='ocrx_word' id='word_1_471' title='bbox 1418 4326 1452 4392; x_wconf 90' lang='lat' dir='ltr'>in</span> <span class='ocrx_word' id='word_1_472' title='bbox 1481 4324 1659 4394; x_wconf 73' lang='lat' dir='ltr'>ministerio</span> <span class='ocrx_word' id='word_1_473' title='bbox 1691 4318 1746 4393; x_wconf 88' lang='lat' dir='ltr'>sou</span> <span class='ocrx_word' id='word_1_474' title='bbox 1771 4319 1851 4393; x_wconf 80' lang='lat' dir='ltr'>tales</span> <span class='ocrx_word' id='word_1_475' title='bbox 1873 4326 2042 4410; x_wconf 82' lang='lat' dir='ltr'>quondam</span> 
     </span>
     <span class='ocr_line' id='line_1_40' title="bbox 387 4413 2043 4534; baseline -0.013 -17"><span class='ocrx_word' id='word_1_476' title='bbox 387 4436 585 4534; x_wconf 77' lang='lat' dir='ltr'>specialleg.</span> <span class='ocrx_word' id='word_1_477' title='bbox 599 4466 632 4530; x_wconf 91' lang='lat' dir='ltr'>p.</span> <span class='ocrx_word' id='word_1_478' title='bbox 657 4436 759 4508; x_wconf 81' lang='lat'>1066.</span> <span class='ocrx_word' id='word_1_479' title='bbox 775 4437 814 4501; x_wconf 90' lang='lat' dir='ltr'>ad</span> <span class='ocrx_word' id='word_1_480' title='bbox 833 4430 942 4499; x_wconf 85' lang='lat' dir='ltr'>locum</span> <span class='ocrx_word' id='word_1_481' title='bbox 961 4431 1062 4497; x_wconf 86' lang='lat' dir='ltr'>Dour.</span> <span class='ocrx_word' id='word_1_482' title='bbox 1082 4423 1124 4494; x_wconf 84' lang='lat' dir='ltr'>lic</span> <span class='ocrx_word' id='word_1_483' title='bbox 1139 4426 1198 4493; x_wconf 86' lang='lat' dir='ltr'>ad·</span> <span class='ocrx_word' id='word_1_484' title='bbox 1221 4423 1325 4497; x_wconf 89' lang='lat' dir='ltr'>futuri</span> <span class='ocrx_word' id='word_1_485' title='bbox 1347 4441 1451 4495; x_wconf 79' lang='lat' dir='ltr'>erant</span> <span class='ocrx_word' id='word_1_486' title='bbox 1506 4413 1616 4505; x_wconf 86' lang='lat' dir='ltr'>ipsum</span> <span class='ocrx_word' id='word_1_487' title='bbox 1648 4420 1859 4492; x_wconf 81' lang='lat' dir='ltr'>erratrimonie&#39;</span> <span class='ocrx_word' id='word_1_488' title='bbox 1881 4445 2003 4494; x_wconf 87' lang='lat' dir='ltr'>nomen</span> <span class='ocrx_word' id='word_1_489' title='bbox 2023 4447 2043 4495; x_wconf 90' lang='lat' dir='ltr'>a</span> 
     </span>
     <span class='ocr_line' id='line_1_41' title="bbox 385 4511 2192 4636; baseline -0.013 -22"><span class='ocrx_word' id='word_1_490' title='bbox 385 4566 489 4616; x_wconf 85' lang='lat' dir='ltr'>notat:</span> <span class='ocrx_word' id='word_1_491' title='bbox 518 4533 702 4636; x_wconf 78' lang='lat' dir='ltr'>Sponsole&#39;a</span> <span class='ocrx_word' id='word_1_492' title='bbox 722 4528 914 4604; x_wconf 77' lang='lat' dir='ltr'>tantundem</span> <span class='ocrx_word' id='word_1_493' title='bbox 938 4525 1070 4604; x_wconf 86' lang='lat' dir='ltr'>valent,</span> <span class='ocrx_word' id='word_1_494' title='bbox 1094 4537 1198 4617; x_wconf 84' lang='lat' dir='ltr'>quan·</span> <span class='ocrx_word' id='word_1_495' title='bbox 1216 4518 1351 4611; x_wconf 83' lang='lat' dir='ltr'>sperato</span> <span class='ocrx_word' id='word_1_496' title='bbox 1366 4541 1489 4591; x_wconf 85' lang='lat' dir='ltr'>eventu</span> <span class='ocrx_word' id='word_1_497' title='bbox 1503 4521 1550 4589; x_wconf 89' lang='lat' dir='ltr'>est</span> <span class='ocrx_word' id='word_1_498' title='bbox 1564 4519 1725 4606; x_wconf 88' lang='lat' dir='ltr'>petitum,</span> <span class='ocrx_word' id='word_1_499' title='bbox 1748 4522 1823 4606; x_wconf 90' lang='lat' dir='ltr'>quia</span> <span class='ocrx_word' id='word_1_500' title='bbox 1838 4511 1959 4590; x_wconf 90' lang='lat' dir='ltr'>scilicet</span> <span class='ocrx_word' id='word_1_501' title='bbox 1971 4545 2042 4595; x_wconf 88' lang='lat' dir='ltr'>ma·</span> <span class='ocrx_word' id='word_1_502' title='bbox 2173 4514 2192 4536; x_wconf 82' lang='lat'>&#39;&#39;</span> 
     </span>
     <span class='ocr_line' id='line_1_42' title="bbox 386 4617 2041 4734; baseline -0.013 -20"><span class='ocrx_word' id='word_1_503' title='bbox 386 4649 447 4714; x_wconf 71' lang='lat' dir='ltr'>nm</span> <span class='ocrx_word' id='word_1_504' title='bbox 463 4641 602 4734; x_wconf 71' lang='lat' dir='ltr'>nupnae.</span> <span class='ocrx_word' id='word_1_505' title='bbox 655 4634 756 4728; x_wconf 81' lang='lat' dir='ltr'>Ergo</span> <span class='ocrx_word' id='word_1_506' title='bbox 762 4624 941 4726; x_wconf 79' lang='lat' dir='ltr'>sponsalia</span> <span class='ocrx_word' id='word_1_507' title='bbox 960 4649 1026 4710; x_wconf 91' lang='lat' dir='ltr'>non</span> <span class='ocrx_word' id='word_1_508' title='bbox 1035 4619 1198 4718; x_wconf 83' lang='lat' dir='ltr'>suntilis·</span> <span class='ocrx_word' id='word_1_509' title='bbox 1221 4617 1512 4709; x_wconf 71' lang='lat' dir='ltr'>tenenspetlatur,</span> <span class='ocrx_word' id='word_1_510' title='bbox 1535 4642 1611 4688; x_wconf 90' lang='lat' dir='ltr'>cum</span> <span class='ocrx_word' id='word_1_511' title='bbox 1625 4642 1688 4702; x_wconf 84' lang='lat' dir='ltr'>qua</span> <span class='ocrx_word' id='word_1_512' title='bbox 1706 4617 1854 4710; x_wconf 74' lang='lat' dir='ltr'>coniugii</span> <span class='ocrx_word' id='word_1_513' title='bbox 1871 4627 1944 4706; x_wconf 84' lang='lat' dir='ltr'>jura</span> <span class='ocrx_word' id='word_1_514' title='bbox 1963 4645 2041 4693; x_wconf 92' lang='lat' dir='ltr'>con·</span> 
     </span>
     <span class='ocr_line' id='line_1_43' title="bbox 369 4712 2040 4836; baseline -0.014 -21"><span class='ocrx_word' id='word_1_515' title='bbox 369 4735 537 4836; x_wconf 84' lang='lat' dir='ltr'>&#39;soluenda</span> <span class='ocrx_word' id='word_1_516' title='bbox 566 4736 609 4811; x_wconf 82' lang='lat' dir='ltr'>od</span> <span class='ocrx_word' id='word_1_517' title='bbox 630 4732 747 4829; x_wconf 79' lang='lat' dir='ltr'>causas</span> <span class='ocrx_word' id='word_1_518' title='bbox 772 4727 864 4800; x_wconf 84' lang='lat' dir='ltr'>alias</span> <span class='ocrx_word' id='word_1_519' title='bbox 883 4761 904 4811; x_wconf 88' lang='lat'>,·</span> <span class='ocrx_word' id='word_1_520' title='bbox 934 4747 1033 4820; x_wconf 85' lang='lat' dir='ltr'>quaen</span> <span class='ocrx_word' id='word_1_521' title='bbox 1064 4731 1198 4818; x_wconf 74' lang='lat' dir='ltr'>propter</span> <span class='ocrx_word' id='word_1_522' title='bbox 1220 4718 1407 4793; x_wconf 86' lang='lat' dir='ltr'>trahuntur.</span> <span class='ocrx_word' id='word_1_523' title='bbox 1449 4719 1508 4790; x_wconf 70' lang='lat' dir='ltr'>Sic</span> <span class='ocrx_word' id='word_1_524' title='bbox 1526 4740 1610 4806; x_wconf 76' lang='lat' dir='ltr'>ergo</span> <span class='ocrx_word' id='word_1_525' title='bbox 1627 4712 1864 4812; x_wconf 71' lang='lat' dir='ltr'>nianrsponsa</span> <span class='ocrx_word' id='word_1_526' title='bbox 1880 4742 1944 4806; x_wconf 88' lang='lat' dir='ltr'>pro</span> <span class='ocrx_word' id='word_1_527' title='bbox 1958 4743 2040 4792; x_wconf 86' lang='lat' dir='ltr'>oxo-</span> 
     </span>
     <span class='ocr_line' id='line_1_44' title="bbox 384 4811 2175 4936; baseline -0.015 -21"><span class='ocrx_word' id='word_1_528' title='bbox 384 4821 458 4936; x_wconf 79' lang='lat' dir='ltr'>qeas</span> <span class='ocrx_word' id='word_1_529' title='bbox 487 4837 741 4915; x_wconf 85' lang='lat' dir='ltr'>matrimonium</span> <span class='ocrx_word' id='word_1_530' title='bbox 765 4827 925 4926; x_wconf 80' lang='lat' dir='ltr'>soluitur.</span> <span class='ocrx_word' id='word_1_531' title='bbox 978 4819 1078 4912; x_wconf 87' lang='lat' dir='ltr'>Resp.</span> <span class='ocrx_word' id='word_1_532' title='bbox 1105 4823 1194 4893; x_wconf 82' lang='lat' dir='ltr'>vide·</span> <span class='ocrx_word' id='word_1_533' title='bbox 1220 4848 1276 4897; x_wconf 82' lang='lat' dir='ltr'>re.</span> <span class='ocrx_word' id='word_1_534' title='bbox 1295 4811 1440 4911; x_wconf 80' lang='lat' dir='ltr'>sponsus</span> <span class='ocrx_word' id='word_1_535' title='bbox 1463 4838 1527 4904; x_wconf 87' lang='lat' dir='ltr'>pro</span> <span class='ocrx_word' id='word_1_536' title='bbox 1549 4818 1673 4886; x_wconf 65' lang='lat' dir='ltr'>mrito</span> <span class='ocrx_word' id='word_1_537' title='bbox 1697 4812 1872 4886; x_wconf 84' lang='lat' dir='ltr'>censentur</span> <span class='ocrx_word' id='word_1_538' title='bbox 1900 4841 2040 4905; x_wconf 87' lang='lat' dir='ltr'>propter</span> <span class='ocrx_word' id='word_1_539' title='bbox 2104 4835 2113 4846; x_wconf 83' lang='lat'>&#39;</span> <span class='ocrx_word' id='word_1_540' title='bbox 2165 4847 2175 4858; x_wconf 85' lang='lat'><em>·</em></span> 
     </span>
     <span class='ocr_line' id='line_1_45' title="bbox 383 4908 2159 5028; baseline -0.015 -16"><span class='ocrx_word' id='word_1_541' title='bbox 383 4958 431 5012; x_wconf 81' lang='lat' dir='ltr'>tor</span> <span class='ocrx_word' id='word_1_542' title='bbox 444 4942 579 5028; x_wconf 89' lang='lat' dir='ltr'>quidem</span> <span class='ocrx_word' id='word_1_543' title='bbox 604 4932 779 5009; x_wconf 85' lang='lat' dir='ltr'>discrimen</span> <span class='ocrx_word' id='word_1_544' title='bbox 803 4932 968 5017; x_wconf 86' lang='lat' dir='ltr'>quoddam</span> <span class='ocrx_word' id='word_1_545' title='bbox 989 4923 1195 4993; x_wconf 82' lang='lat' dir='ltr'>intercedere</span> <span class='ocrx_word' id='word_1_546' title='bbox 1219 4912 1468 5008; x_wconf 74' lang='lat' dir='ltr'>promissionem</span> <span class='ocrx_word' id='word_1_547' title='bbox 1490 4910 1611 4984; x_wconf 75' lang='lat' dir='ltr'>fodiam</span> <span class='ocrx_word' id='word_1_548' title='bbox 1629 4908 1775 5003; x_wconf 86' lang='lat' dir='ltr'>&amp;spem</span> <span class='ocrx_word' id='word_1_549' title='bbox 1796 4911 1901 4984; x_wconf 83' lang='lat' dir='ltr'>sutori</span> <span class='ocrx_word' id='word_1_550' title='bbox 1922 4924 2038 5002; x_wconf 89' lang='lat' dir='ltr'>conju·</span> <span class='ocrx_word' id='word_1_551' title='bbox 2149 4987 2159 4996; x_wconf 74' lang='grc'><em>,</em></span> 
     </span>
    </p>
   </div>
   <div class='ocr_carea' id='block_1_5' title="bbox 362 5007 2138 5289">
    <p class='ocr_par' dir='ltr' id='par_1_8' title="bbox 362 5007 2138 5289">
     <span class='ocr_line' id='line_1_46' title="bbox 381 5007 2038 5127; baseline -0.018 -18"><span class='ocrx_word' id='word_1_552' title='bbox 381 5037 461 5112; x_wconf 85' lang='lat' dir='ltr'>inter</span> <span class='ocrx_word' id='word_1_553' title='bbox 492 5031 649 5127; x_wconf 85' lang='lat' dir='ltr'>sponsalia</span> <span class='ocrx_word' id='word_1_554' title='bbox 680 5030 796 5122; x_wconf 89' lang='lat' dir='ltr'>populi</span> <span class='ocrx_word' id='word_1_555' title='bbox 832 5023 998 5097; x_wconf 86' lang='lat' dir='ltr'>israelitici</span> <span class='ocrx_word' id='word_1_556' title='bbox 1022 5021 1278 5126; x_wconf 25' lang='lat' dir='ltr'>atuaticis-gii.</span> <span class='ocrx_word' id='word_1_557' title='bbox 1310 5038 1383 5127; x_wconf 51' lang='lat' dir='ltr'>can:</span> <span class='ocrx_word' id='word_1_558' title='bbox 1410 5007 1644 5125; x_wconf 75' lang='lat' dir='ltr'>Quidespoits.</span> <span class='ocrx_word' id='word_1_559' title='bbox 1667 5033 1815 5120; x_wconf 62' lang='grc' dir='ltr'>ηιμ</span> <span class='ocrx_word' id='word_1_560' title='bbox 1848 5020 2038 5117; x_wconf 59' lang='lat' dir='ltr'>effingas</span> 
     </span>
     <span class='ocr_line' id='line_1_47' title="bbox 362 5107 2138 5289; baseline -0.026 -65"><span class='ocrx_word' id='word_1_561' title='bbox 362 5138 523 5224; x_wconf 70' lang='lat' dir='ltr'>mribus</span> <span class='ocrx_word' id='word_1_562' title='bbox 540 5138 720 5213; x_wconf 65' lang='lat' dir='ltr'>contrade.</span> <span class='ocrx_word' id='word_1_563' title='bbox 760 5127 835 5204; x_wconf 72' lang='lat' dir='ltr'>altis</span> <span class='ocrx_word' id='word_1_564' title='bbox 862 5127 953 5203; x_wconf 89' lang='lat' dir='ltr'>enim</span> <span class='ocrx_word' id='word_1_565' title='bbox 977 5122 1134 5199; x_wconf 69' lang='lat' dir='ltr'>deductio</span> <span class='ocrx_word' id='word_1_566' title='bbox 1157 5120 1194 5194; x_wconf 90' lang='lat' dir='ltr'>in</span> <span class='ocrx_word' id='word_1_567' title='bbox 1216 5120 1292 5194; x_wconf 85' lang='lat' dir='ltr'>rio:</span> <span class='ocrx_word' id='word_1_568' title='bbox 1322 5110 1467 5191; x_wconf 75' lang='lat' dir='ltr'>Devrnae</span> <span class='ocrx_word' id='word_1_569' title='bbox 1485 5111 1573 5210; x_wconf 84' lang='lat' dir='ltr'>leges</span> <span class='ocrx_word' id='word_1_570' title='bbox 1592 5135 1664 5188; x_wconf 86' lang='lat' dir='ltr'>mos</span> <span class='ocrx_word' id='word_1_571' title='bbox 1680 5115 1749 5215; x_wconf 76' lang='lat' dir='ltr'>est,</span> <span class='ocrx_word' id='word_1_572' title='bbox 1764 5107 1909 5210; x_wconf 76' lang='lat' dir='ltr'>sponsas</span> <span class='ocrx_word' id='word_1_573' title='bbox 1919 5111 2041 5289; x_wconf 50' lang='lat' dir='ltr'>adpgs}</span> <span class='ocrx_word' id='word_1_574' title='bbox 2131 5183 2138 5208; x_wconf 36' lang='grc' dir='ltr'>ι</span> 
     </span>
    </p>
   </div>
   <div class='ocr_carea' id='block_1_6' title="bbox 0 0 2472 5984">
    <p class='ocr_par' dir='ltr' id='par_1_9' title="bbox 0 0 2472 5984">
     <span class='ocr_line' id='line_1_48' title="bbox 0 0 2472 5984; baseline 0 0"><span class='ocrx_word' id='word_1_575' title='bbox 0 0 2472 5984; x_wconf 95' lang='lat' dir='ltr'> </span> 
     </span>
    </p>
   </div>
  </div>
 </body>
</html>
