<?xml version="1.0" encoding="UTF-8"?>
<!DOCTYPE html PUBLIC "-//W3C//DTD XHTML 1.0 Transitional//EN"
    "http://www.w3.org/TR/xhtml1/DTD/xhtml1-transitional.dtd">
<html xmlns="http://www.w3.org/1999/xhtml" xml:lang="en" lang="en">
 <head>
  <title>
</title>
<meta http-equiv="Content-Type" content="text/html;charset=utf-8" />
  <meta name='ocr-system' content='tesseract 3.04.00' />
  <meta name='ocr-capabilities' content='ocr_page ocr_carea ocr_par ocr_line ocrx_word'/>
</head>
<body>
  <div class='ocr_page' id='page_1' title='image "./locitheologicic06cottgoog_0424.png"; bbox 0 0 4884 5984; ppageno 0'>
   <div class='ocr_carea' id='block_1_1' title="bbox 422 485 1567 587">
    <p class='ocr_par' dir='ltr' id='par_1_1' title="bbox 422 485 1567 587">
     <span class='ocr_line' id='line_1_1' title="bbox 422 485 1567 587; baseline -0.005 -21"><span class='ocrx_word' id='word_1_1' title='bbox 422 500 502 587; x_wconf 68' lang='grc' dir='ltr'><strong>’με</strong></span> <span class='ocrx_word' id='word_1_2' title='bbox 923 489 1073 567; x_wconf 78' lang='lat' dir='ltr'><strong>cocus</strong></span> <span class='ocrx_word' id='word_1_3' title='bbox 1099 489 1224 562; x_wconf 77' lang='lat' dir='ltr'><strong>rorvt.</strong></span> <span class='ocrx_word' id='word_1_4' title='bbox 1274 485 1429 562; x_wconf 78' lang='lat' dir='ltr'><strong>eruut·</strong></span> <span class='ocrx_word' id='word_1_5' title='bbox 1476 490 1567 561; x_wconf 77' lang='lat' dir='ltr'><strong>rut.</strong></span> 
     </span>
    </p>
   </div>
   <div class='ocr_carea' id='block_1_2' title="bbox 352 669 2097 4490">
    <p class='ocr_par' dir='ltr' id='par_1_2' title="bbox 352 669 2097 4490">
     <span class='ocr_line' id='line_1_2' title="bbox 426 669 2065 782; baseline -0.009 -19"><span class='ocrx_word' id='word_1_6' title='bbox 426 685 532 763; x_wconf 83' lang='lat' dir='ltr'><strong>liberi</strong></span> <span class='ocrx_word' id='word_1_7' title='bbox 557 683 809 782; x_wconf 71' lang='lat' dir='ltr'><strong>legitimum,</strong></span> <span class='ocrx_word' id='word_1_8' title='bbox 835 685 877 760; x_wconf 89' lang='lat' dir='ltr'><strong>de</strong></span> <span class='ocrx_word' id='word_1_9' title='bbox 897 708 962 775; x_wconf 85' lang='lat' dir='ltr'><strong>qua</strong></span> <span class='ocrx_word' id='word_1_10' title='bbox 990 682 1234 778; x_wconf 78' lang='lat' dir='ltr'><strong>legitimatione</strong></span> <span class='ocrx_word' id='word_1_11' title='bbox 1259 681 1514 757; x_wconf 77' lang='lat' dir='ltr'><strong>manicationem</strong></span> <span class='ocrx_word' id='word_1_12' title='bbox 1537 679 1646 756; x_wconf 89' lang='lat' dir='ltr'><strong>secum</strong></span> <span class='ocrx_word' id='word_1_13' title='bbox 1671 677 1780 751; x_wconf 86' lang='lat' dir='ltr'><strong>trabat</strong></span> <span class='ocrx_word' id='word_1_14' title='bbox 1807 697 1908 766; x_wconf 85' lang='lat' dir='ltr'><strong>atque</strong></span> <span class='ocrx_word' id='word_1_15' title='bbox 1927 669 2065 750; x_wconf 83' lang='lat' dir='ltr'><strong>inferat.</strong></span> 
     </span>
     <span class='ocr_line' id='line_1_3' title="bbox 427 773 2063 876; baseline -0.009 -17"><span class='ocrx_word' id='word_1_16' title='bbox 427 784 497 860; x_wconf 91' lang='lat' dir='ltr'><strong>late</strong></span> <span class='ocrx_word' id='word_1_17' title='bbox 518 792 661 859; x_wconf 74' lang='lat' dir='ltr'><strong>mallant</strong></span> <span class='ocrx_word' id='word_1_18' title='bbox 684 786 839 876; x_wconf 77' lang='lat' dir='ltr'><strong>Klingius</strong></span> <span class='ocrx_word' id='word_1_19' title='bbox 861 780 920 855; x_wconf 86' lang='lat' dir='ltr'><strong>lib.</strong></span> <span class='ocrx_word' id='word_1_20' title='bbox 941 787 982 855; x_wconf 91' lang='lat' dir='ltr'><strong>de</strong></span> <span class='ocrx_word' id='word_1_21' title='bbox 1009 779 1094 856; x_wconf 88' lang='lat' dir='ltr'><strong>caus.</strong></span> <span class='ocrx_word' id='word_1_22' title='bbox 1118 783 1234 853; x_wconf 90' lang='lat' dir='ltr'><strong>matri·</strong></span> <span class='ocrx_word' id='word_1_23' title='bbox 1260 786 1325 857; x_wconf 88' lang='lat' dir='ltr'><strong>Hic</strong></span> <span class='ocrx_word' id='word_1_24' title='bbox 1351 786 1498 874; x_wconf 81' lang='lat' dir='ltr'><strong>conjugii</strong></span> <span class='ocrx_word' id='word_1_25' title='bbox 1525 780 1665 853; x_wconf 73' lang='lat' dir='ltr'><strong>effeetus</strong></span> <span class='ocrx_word' id='word_1_26' title='bbox 1693 778 1835 865; x_wconf 83' lang='lat' dir='ltr'>exprimi</span> <span class='ocrx_word' id='word_1_27' title='bbox 1866 779 1999 849; x_wconf 86' lang='lat' dir='ltr'><strong>uidetur</strong></span> <span class='ocrx_word' id='word_1_28' title='bbox 2025 773 2063 844; x_wconf 81' lang='lat' dir='ltr'><strong>ia</strong></span> 
     </span>
     <span class='ocr_line' id='line_1_4' title="bbox 427 868 2079 976; baseline -0.007 -19"><span class='ocrx_word' id='word_1_29' title='bbox 427 908 523 958; x_wconf 84' lang='lat' dir='ltr'><strong>atton.</strong></span> <span class='ocrx_word' id='word_1_30' title='bbox 540 909 619 976; x_wconf 75' lang='lat' dir='ltr'><strong>pag.</strong></span> <span class='ocrx_word' id='word_1_31' title='bbox 630 900 649 973; x_wconf 77' lang='lat'>8</span> <span class='ocrx_word' id='word_1_32' title='bbox 656 909 687 975; x_wconf 85' lang='lat'><strong>5.</strong></span> <span class='ocrx_word' id='word_1_33' title='bbox 701 886 845 956; x_wconf 85' lang='lat' dir='ltr'><strong>Beustius</strong></span> <span class='ocrx_word' id='word_1_34' title='bbox 865 885 907 953; x_wconf 93' lang='lat' dir='ltr'><strong>de</strong></span> <span class='ocrx_word' id='word_1_35' title='bbox 923 883 1067 954; x_wconf 89' lang='lat' dir='ltr'><strong>matrim.</strong></span> <span class='ocrx_word' id='word_1_36' title='bbox 1081 884 1232 954; x_wconf 76' lang='lat' dir='ltr'><strong>chvt.</strong></span> <span class='ocrx_word' id='word_1_37' title='bbox 1259 880 1333 971; x_wconf 78' lang='lat' dir='ltr'><strong>ipsis</strong></span> <span class='ocrx_word' id='word_1_38' title='bbox 1348 884 1467 952; x_wconf 78' lang='lat' dir='ltr'><strong>divine</strong></span> <span class='ocrx_word' id='word_1_39' title='bbox 1486 880 1695 970; x_wconf 81' lang='lat' dir='ltr'><strong>institutionis</strong></span> <span class='ocrx_word' id='word_1_40' title='bbox 1719 874 1851 945; x_wconf 75' lang='lat' dir='ltr'><strong>verbis:</strong></span> <span class='ocrx_word' id='word_1_41' title='bbox 1878 869 1996 946; x_wconf 80' lang='lat' dir='ltr'><strong>Genes.</strong></span> <span class='ocrx_word' id='word_1_42' title='bbox 2014 868 2079 946; x_wconf 87' lang='lat' dir='ltr'><strong>li..</strong></span> 
     </span>
     <span class='ocr_line' id='line_1_5' title="bbox 431 966 2062 1082; baseline -0.008 -28"><span class='ocrx_word' id='word_1_43' title='bbox 431 983 582 1082; x_wconf 77' lang='lat' dir='ltr'><strong>Quidam</strong></span> <span class='ocrx_word' id='word_1_44' title='bbox 615 1006 656 1054; x_wconf 83' lang='lat' dir='ltr'><strong>ex</strong></span> <span class='ocrx_word' id='word_1_45' title='bbox 688 981 854 1072; x_wconf 82' lang='lat' dir='ltr'><strong>theologis</strong></span> <span class='ocrx_word' id='word_1_46' title='bbox 885 982 1033 1068; x_wconf 86' lang='lat' dir='ltr'><strong>quinque</strong></span> <span class='ocrx_word' id='word_1_47' title='bbox 1056 997 1236 1050; x_wconf 81' lang='lat' dir='ltr'>numerant</span> <span class='ocrx_word' id='word_1_48' title='bbox 1261 1003 1318 1069; x_wconf 77' lang='lat'><strong>24.</strong></span> <span class='ocrx_word' id='word_1_49' title='bbox 1352 975 1488 1051; x_wconf 78' lang='lat' dir='ltr'><em>Idcirco</em></span> <span class='ocrx_word' id='word_1_50' title='bbox 1504 975 1665 1071; x_wconf 79' lang='lat' dir='ltr'><em>relinquet</em></span> <span class='ocrx_word' id='word_1_51' title='bbox 1679 973 1775 1045; x_wconf 76' lang='lat' dir='ltr'><strong>loono</strong></span> <span class='ocrx_word' id='word_1_52' title='bbox 1790 982 1920 1069; x_wconf 77' lang='lat' dir='ltr'><strong>patrem</strong></span> <span class='ocrx_word' id='word_1_53' title='bbox 1934 966 2062 1046; x_wconf 61' lang='lat' dir='ltr'><strong>&amp;mm</strong></span> 
     </span>
     <span class='ocr_line' id='line_1_6' title="bbox 428 1061 2061 1175; baseline -0.007 -24"><span class='ocrx_word' id='word_1_54' title='bbox 428 1081 582 1170; x_wconf 69' lang='lat' dir='ltr'><strong>coniugii</strong></span> <span class='ocrx_word' id='word_1_55' title='bbox 597 1075 755 1158; x_wconf 58' lang='lat' dir='ltr'><strong>effebus,</strong></span> <span class='ocrx_word' id='word_1_56' title='bbox 788 1083 833 1164; x_wconf 88' lang='grc' dir='ltr'><strong>ι.)</strong></span> <span class='ocrx_word' id='word_1_57' title='bbox 847 1078 916 1155; x_wconf 88' lang='lat' dir='ltr'><strong>est,</strong></span> <span class='ocrx_word' id='word_1_58' title='bbox 936 1079 1025 1164; x_wconf 83' lang='lat' dir='ltr'><strong>quod</strong></span> <span class='ocrx_word' id='word_1_59' title='bbox 1041 1079 1235 1173; x_wconf 54' lang='lat' dir='ltr'><strong>coniugium</strong></span> <span class='ocrx_word' id='word_1_60' title='bbox 1259 1088 1341 1151; x_wconf 82' lang='lat' dir='ltr'><strong>trem</strong></span> <span class='ocrx_word' id='word_1_61' title='bbox 1352 1076 1473 1175; x_wconf 83' lang='lat' dir='ltr'><strong>suam,</strong></span> <span class='ocrx_word' id='word_1_62' title='bbox 1501 1071 1542 1147; x_wconf 63' lang='lat' dir='ltr'><strong>ds</strong></span> <span class='ocrx_word' id='word_1_63' title='bbox 1561 1070 1744 1147; x_wconf 74' lang='lat' dir='ltr'><strong>adherebit</strong></span> <span class='ocrx_word' id='word_1_64' title='bbox 1769 1072 1873 1144; x_wconf 86' lang='lat' dir='ltr'><strong>uxori</strong></span> <span class='ocrx_word' id='word_1_65' title='bbox 1892 1066 1983 1165; x_wconf 75' lang='lat' dir='ltr'><strong>sua,</strong></span> <span class='ocrx_word' id='word_1_66' title='bbox 2015 1061 2061 1140; x_wconf 60' lang='grc' dir='ltr'><strong>Εἰ</strong></span> 
     </span>
     <span class='ocr_line' id='line_1_7' title="bbox 430 1167 2059 1272; baseline -0.012 -15"><span class='ocrx_word' id='word_1_67' title='bbox 430 1173 472 1248; x_wconf 77' lang='lat' dir='ltr'><strong>fit</strong></span> <span class='ocrx_word' id='word_1_68' title='bbox 484 1174 708 1272; x_wconf 70' lang='lat' dir='ltr'><strong>seminarium</strong></span> <span class='ocrx_word' id='word_1_69' title='bbox 730 1175 812 1247; x_wconf 78' lang='lat' dir='ltr'><strong>eccle</strong></span> <span class='ocrx_word' id='word_1_70' title='bbox 826 1194 866 1246; x_wconf 61' lang='grc' dir='ltr'><em>Μ</em></span> <span class='ocrx_word' id='word_1_71' title='bbox 885 1197 925 1245; x_wconf 71' lang='lat' dir='ltr'><strong>ac</strong></span> <span class='ocrx_word' id='word_1_72' title='bbox 945 1171 1158 1271; x_wconf 50' lang='lat' dir='ltr'><strong>reipublice&amp;</strong></span> <span class='ocrx_word' id='word_1_73' title='bbox 1186 1182 1233 1263; x_wconf 87' lang='lat'><strong>2.)</strong></span> <span class='ocrx_word' id='word_1_74' title='bbox 1259 1187 1355 1251; x_wconf 79' lang='lat' dir='ltr'><strong>eruut</strong></span> <span class='ocrx_word' id='word_1_75' title='bbox 1382 1175 1448 1248; x_wconf 82' lang='lat' dir='ltr'><strong>duo</strong></span> <span class='ocrx_word' id='word_1_76' title='bbox 1477 1174 1513 1246; x_wconf 85' lang='lat' dir='ltr'><strong>in</strong></span> <span class='ocrx_word' id='word_1_77' title='bbox 1540 1194 1637 1248; x_wconf 80' lang='lat' dir='ltr'><strong>corne</strong></span> <span class='ocrx_word' id='word_1_78' title='bbox 1662 1192 1755 1247; x_wconf 67' lang='lat' dir='ltr'><strong>unm</strong></span> <span class='ocrx_word' id='word_1_79' title='bbox 1791 1170 1854 1240; x_wconf 80' lang='lat' dir='ltr'><strong>leuc</strong></span> <span class='ocrx_word' id='word_1_80' title='bbox 1872 1173 1947 1246; x_wconf 82' lang='lat' dir='ltr'><strong>eo,</strong></span> <span class='ocrx_word' id='word_1_81' title='bbox 1980 1167 2059 1253; x_wconf 80' lang='lat' dir='ltr'><strong>quia</strong></span> 
     </span>
     <span class='ocr_line' id='line_1_8' title="bbox 432 1266 2060 1370; baseline -0.007 -25"><span class='ocrx_word' id='word_1_82' title='bbox 432 1272 632 1370; x_wconf 80' lang='lat' dir='ltr'><strong>consuetudo</strong></span> <span class='ocrx_word' id='word_1_83' title='bbox 648 1273 863 1369; x_wconf 81' lang='lat' dir='ltr'><strong>conjugalis,</strong></span> <span class='ocrx_word' id='word_1_84' title='bbox 893 1273 948 1367; x_wconf 70' lang='grc' dir='ltr'><strong>ι.)</strong></span> <span class='ocrx_word' id='word_1_85' title='bbox 961 1272 1106 1345; x_wconf 83' lang='lat' dir='ltr'><strong>nominis</strong></span> <span class='ocrx_word' id='word_1_86' title='bbox 1123 1266 1164 1342; x_wconf 63' lang='lat' dir='ltr'><strong>ss</strong></span> <span class='ocrx_word' id='word_1_87' title='bbox 1172 1270 1235 1364; x_wconf 87' lang='lat' dir='ltr'><strong>so·</strong></span> <span class='ocrx_word' id='word_1_88' title='bbox 1260 1284 1418 1365; x_wconf 73' lang='lat' dir='ltr'><strong>conjuges</strong></span> <span class='ocrx_word' id='word_1_89' title='bbox 1431 1268 1504 1344; x_wconf 88' lang='lat' dir='ltr'><strong>sunt</strong></span> <span class='ocrx_word' id='word_1_90' title='bbox 1517 1297 1580 1343; x_wconf 89' lang='lat' dir='ltr'><strong>una</strong></span> <span class='ocrx_word' id='word_1_91' title='bbox 1593 1294 1686 1349; x_wconf 84' lang='lat' dir='ltr'><strong>caro,</strong></span> <span class='ocrx_word' id='word_1_92' title='bbox 1703 1272 1778 1339; x_wconf 84' lang='lat' dir='ltr'><strong>ideo</strong></span> <span class='ocrx_word' id='word_1_93' title='bbox 1791 1273 1878 1340; x_wconf 90' lang='lat' dir='ltr'><strong>inter</strong></span> <span class='ocrx_word' id='word_1_94' title='bbox 1890 1289 1946 1337; x_wconf 84' lang='lat' dir='ltr'><strong>eut</strong></span> <span class='ocrx_word' id='word_1_95' title='bbox 1959 1267 2060 1336; x_wconf 83' lang='lat' dir='ltr'><strong>etiam</strong></span> 
     </span>
     <span class='ocr_line' id='line_1_9' title="bbox 432 1362 2097 1467; baseline -0.007 -22"><span class='ocrx_word' id='word_1_96' title='bbox 432 1372 590 1448; x_wconf 81' lang='lat' dir='ltr'><strong>milicie</strong></span> <span class='ocrx_word' id='word_1_97' title='bbox 615 1373 715 1445; x_wconf 76' lang='lat' dir='ltr'><strong>iliona</strong></span> <span class='ocrx_word' id='word_1_98' title='bbox 735 1368 965 1467; x_wconf 81' lang='lat' dir='ltr'><strong>conservatio,</strong></span> <span class='ocrx_word' id='word_1_99' title='bbox 993 1379 1043 1465; x_wconf 88' lang='lat'><strong>4.)</strong></span> <span class='ocrx_word' id='word_1_100' title='bbox 1057 1367 1235 1443; x_wconf 75' lang='lat' dir='ltr'><strong>benediiiio</strong></span> <span class='ocrx_word' id='word_1_101' title='bbox 1260 1376 1306 1445; x_wconf 80' lang='lat' dir='ltr'><strong>eli</strong></span> <span class='ocrx_word' id='word_1_102' title='bbox 1325 1371 1630 1444; x_wconf 83' lang='lat' dir='ltr'><strong>communicatio&amp;</strong></span> <span class='ocrx_word' id='word_1_103' title='bbox 1655 1362 1988 1464; x_wconf 48' lang='lat' dir='ltr'><strong>commonioacujus·</strong></span> <span class='ocrx_word' id='word_1_104' title='bbox 2010 1364 2097 1464; x_wconf 46' lang='lat' dir='ltr'><strong>ing</strong></span> 
     </span>
     <span class='ocr_line' id='line_1_10' title="bbox 352 1396 2060 1570; baseline -0.008 -25"><span class='ocrx_word' id='word_1_105' title='bbox 352 1539 375 1570; x_wconf 27' lang='grc' dir='ltr'><strong>,Ι</strong></span> <span class='ocrx_word' id='word_1_106' title='bbox 437 1466 481 1544; x_wconf 65' lang='lat' dir='ltr'><strong>{s</strong></span> <span class='ocrx_word' id='word_1_107' title='bbox 498 1396 681 1566; x_wconf 48' lang='lat' dir='ltr'><strong>prestaria</strong></span> <span class='ocrx_word' id='word_1_108' title='bbox 708 1467 779 1542; x_wconf 83' lang='lat' dir='ltr'><strong>Dei</strong></span> <span class='ocrx_word' id='word_1_109' title='bbox 801 1470 837 1541; x_wconf 79' lang='lat' dir='ltr'><strong>iot</strong></span> <span class='ocrx_word' id='word_1_110' title='bbox 862 1466 924 1540; x_wconf 83' lang='lat' dir='ltr'><strong>iroc</strong></span> <span class='ocrx_word' id='word_1_111' title='bbox 949 1468 1030 1543; x_wconf 78' lang='lat' dir='ltr'><strong>oiiae</strong></span> <span class='ocrx_word' id='word_1_112' title='bbox 1041 1471 1160 1570; x_wconf 78' lang='lat' dir='ltr'><strong>flatu,</strong></span> <span class='ocrx_word' id='word_1_113' title='bbox 1188 1469 1238 1557; x_wconf 87' lang='lat'><strong>5.)</strong></span> <span class='ocrx_word' id='word_1_114' title='bbox 1261 1465 1562 1559; x_wconf 74' lang='lat' dir='ltr'><strong>tuituacrespeoa</strong></span> <span class='ocrx_word' id='word_1_115' title='bbox 1582 1464 1684 1538; x_wconf 88' lang='lat' dir='ltr'><strong>humo</strong></span> <span class='ocrx_word' id='word_1_116' title='bbox 1704 1484 1832 1555; x_wconf 79' lang='lat' dir='ltr'><strong>patrem</strong></span> <span class='ocrx_word' id='word_1_117' title='bbox 1860 1472 1896 1536; x_wconf 72' lang='lat' dir='ltr'><strong>Sc</strong></span> <span class='ocrx_word' id='word_1_118' title='bbox 1917 1481 2060 1533; x_wconf 79' lang='lat' dir='ltr'><strong>metten</strong></span> 
     </span>
     <span class='ocr_line' id='line_1_11' title="bbox 431 1560 1952 1667; baseline -0.007 -26"><span class='ocrx_word' id='word_1_119' title='bbox 431 1568 576 1667; x_wconf 66' lang='lat' dir='ltr'><strong>premio</strong></span> <span class='ocrx_word' id='word_1_120' title='bbox 600 1566 700 1666; x_wconf 73' lang='lat' dir='ltr'><strong>liujus</strong></span> <span class='ocrx_word' id='word_1_121' title='bbox 730 1564 771 1641; x_wconf 67' lang='lat' dir='ltr'><strong>ds</strong></span> <span class='ocrx_word' id='word_1_122' title='bbox 789 1567 921 1661; x_wconf 73' lang='lat' dir='ltr'><strong>soture</strong></span> <span class='ocrx_word' id='word_1_123' title='bbox 941 1566 1022 1640; x_wconf 74' lang='lat' dir='ltr'><strong>vito</strong></span> <span class='ocrx_word' id='word_1_124' title='bbox 1042 1568 1106 1657; x_wconf 82' lang='lat' dir='ltr'><strong>piis</strong></span> <span class='ocrx_word' id='word_1_125' title='bbox 1124 1573 1239 1654; x_wconf 86' lang='lat' dir='ltr'><strong>conju·</strong></span> <span class='ocrx_word' id='word_1_126' title='bbox 1261 1568 1444 1657; x_wconf 82' lang='lat' dir='ltr'><strong>relinquet,</strong></span> <span class='ocrx_word' id='word_1_127' title='bbox 1471 1575 1505 1640; x_wconf 78' lang='lat' dir='ltr'><strong>dc</strong></span> <span class='ocrx_word' id='word_1_128' title='bbox 1523 1566 1616 1635; x_wconf 84' lang='lat' dir='ltr'><strong>oxori</strong></span> <span class='ocrx_word' id='word_1_129' title='bbox 1632 1560 1693 1635; x_wconf 77' lang='lat' dir='ltr'><strong>luz</strong></span> <span class='ocrx_word' id='word_1_130' title='bbox 1709 1560 1902 1636; x_wconf 71' lang='lat' dir='ltr'><strong>adherebit.</strong></span> <span class='ocrx_word' id='word_1_131' title='bbox 1950 1649 1952 1654; x_wconf 23' lang='grc' dir='ltr'>Ι</span> 
     </span>
     <span class='ocr_line' id='line_1_12' title="bbox 434 1663 2089 1761; baseline -0.007 -23"><span class='ocrx_word' id='word_1_132' title='bbox 434 1666 534 1761; x_wconf 76' lang='lat' dir='ltr'><strong>gibus</strong></span> <span class='ocrx_word' id='word_1_133' title='bbox 548 1664 714 1757; x_wconf 80' lang='lat' dir='ltr'><strong>promissa.</strong></span> <span class='ocrx_word' id='word_1_134' title='bbox 890 1717 895 1722; x_wconf 94' lang='lat'><em>-</em></span> <span class='ocrx_word' id='word_1_135' title='bbox 1335 1666 1627 1759; x_wconf 79' lang='lat' dir='ltr'>§.CCCCXXX</span> <span class='ocrx_word' id='word_1_136' title='bbox 1669 1663 2089 1755; x_wconf 84' lang='lat' dir='ltr'><strong>Quemadmouumvero·</strong></span> 
     </span>
     <span class='ocr_line' id='line_1_13' title="bbox 748 1750 2063 1858; baseline -0.013 -18"><span class='ocrx_word' id='word_1_137' title='bbox 748 1771 777 1858; x_wconf 72' lang='grc' dir='ltr'><strong>ς.</strong></span> <span class='ocrx_word' id='word_1_138' title='bbox 801 1765 1057 1839; x_wconf 82' lang='lat' dir='ltr'>CCCCXXlX.</span> <span class='ocrx_word' id='word_1_139' title='bbox 1109 1765 1162 1834; x_wconf 91' lang='lat' dir='ltr'><strong>Ut</strong></span> <span class='ocrx_word' id='word_1_140' title='bbox 1188 1761 1240 1831; x_wconf 92' lang='lat' dir='ltr'><strong>di·</strong></span> <span class='ocrx_word' id='word_1_141' title='bbox 1263 1767 1296 1837; x_wconf 91' lang='lat' dir='ltr'><strong>in</strong></span> <span class='ocrx_word' id='word_1_142' title='bbox 1320 1766 1437 1853; x_wconf 83' lang='lat' dir='ltr'><strong>quovis</strong></span> <span class='ocrx_word' id='word_1_143' title='bbox 1464 1762 1622 1842; x_wconf 86' lang='lat' dir='ltr'><strong>bomine,</strong></span> <span class='ocrx_word' id='word_1_144' title='bbox 1657 1756 1831 1847; x_wconf 73' lang='lat' dir='ltr'><strong>seperatim</strong></span> <span class='ocrx_word' id='word_1_145' title='bbox 1865 1767 1900 1829; x_wconf 84' lang='lat' dir='ltr'><strong>dc</strong></span> <span class='ocrx_word' id='word_1_146' title='bbox 1931 1750 2063 1826; x_wconf 75' lang='lat' dir='ltr'><strong>seorsim</strong></span> 
     </span>
     <span class='ocr_line' id='line_1_14' title="bbox 437 1845 2064 1967; baseline -0.01 -30"><span class='ocrx_word' id='word_1_147' title='bbox 437 1850 646 1950; x_wconf 58' lang='lat' dir='ltr'><strong>Efflfflsm</strong></span> <span class='ocrx_word' id='word_1_148' title='bbox 695 1864 841 1935; x_wconf 75' lang='lat' dir='ltr'><strong>liinliius</strong></span> <span class='ocrx_word' id='word_1_149' title='bbox 874 1863 908 1932; x_wconf 90' lang='lat' dir='ltr'><strong>in</strong></span> <span class='ocrx_word' id='word_1_150' title='bbox 926 1862 1144 1933; x_wconf 87' lang='lat' dir='ltr'><strong>enumerandi</strong></span> <span class='ocrx_word' id='word_1_151' title='bbox 1160 1883 1240 1932; x_wconf 88' lang='lat' dir='ltr'><strong>coo·</strong></span> <span class='ocrx_word' id='word_1_152' title='bbox 1262 1883 1354 1935; x_wconf 82' lang='lat' dir='ltr'><strong>extra</strong></span> <span class='ocrx_word' id='word_1_153' title='bbox 1369 1857 1517 1967; x_wconf 76' lang='lat' dir='ltr'><strong>conjugii</strong></span> <span class='ocrx_word' id='word_1_154' title='bbox 1531 1883 1650 1930; x_wconf 89' lang='lat' dir='ltr'><strong>nexum</strong></span> <span class='ocrx_word' id='word_1_155' title='bbox 1665 1854 1887 1938; x_wconf 79' lang='lat' dir='ltr'><strong>confiderem,</strong></span> <span class='ocrx_word' id='word_1_156' title='bbox 1911 1853 1974 1925; x_wconf 86' lang='lat' dir='ltr'><strong>tria</strong></span> <span class='ocrx_word' id='word_1_157' title='bbox 1990 1845 2064 1941; x_wconf 85' lang='lat' dir='ltr'><strong>spe·</strong></span> 
     </span>
     <span class='ocr_line' id='line_1_15' title="bbox 452 1938 2091 2099; baseline -0.001 -80"><span class='ocrx_word' id='word_1_158' title='bbox 452 1954 539 2099; x_wconf 49' lang='grc' dir='ltr'><strong>1Ἴέἶὲ</strong></span> <span class='ocrx_word' id='word_1_159' title='bbox 539 1938 646 2079; x_wconf 51' lang='lat' dir='ltr'><strong>affl</strong></span> <span class='ocrx_word' id='word_1_160' title='bbox 684 2027 691 2040; x_wconf 75' lang='grc'><em>,</em></span> <span class='ocrx_word' id='word_1_161' title='bbox 698 1962 783 2051; x_wconf 78' lang='lat' dir='ltr'><strong>jugii</strong></span> <span class='ocrx_word' id='word_1_162' title='bbox 828 1955 956 2031; x_wconf 69' lang='lat' dir='ltr'><strong>effertis</strong></span> <span class='ocrx_word' id='word_1_163' title='bbox 995 1959 1239 2048; x_wconf 83' lang='lat' dir='ltr'><strong>procedamus,</strong></span> <span class='ocrx_word' id='word_1_164' title='bbox 1266 1959 1516 2047; x_wconf 68' lang='lat' dir='ltr'><strong>&amp;aripulluntz</strong></span> <span class='ocrx_word' id='word_1_165' title='bbox 1548 1965 1589 2048; x_wconf 79' lang='grc' dir='ltr'><strong>ι.)</strong></span> <span class='ocrx_word' id='word_1_166' title='bbox 1608 1956 1741 2041; x_wconf 82' lang='lat' dir='ltr'><strong>animo,</strong></span> <span class='ocrx_word' id='word_1_167' title='bbox 1767 1963 1965 2049; x_wconf 77' lang='lat' dir='ltr'><strong>2.)corpus‚</strong></span> <span class='ocrx_word' id='word_1_168' title='bbox 1988 1953 2091 2036; x_wconf 79' lang='lat' dir='ltr'><strong>que&#39;</strong></span> 
     </span>
     <span class='ocr_line' id='line_1_16' title="bbox 602 2049 2064 2144; baseline -0.006 -15"><span class='ocrx_word' id='word_1_169' title='bbox 602 2061 613 2078; x_wconf 89' lang='lat'><em>&#39;</em></span> <span class='ocrx_word' id='word_1_170' title='bbox 698 2060 847 2142; x_wconf 81' lang='lat' dir='ltr'><strong>primum</strong></span> <span class='ocrx_word' id='word_1_171' title='bbox 863 2056 1241 2140; x_wconf 84' lang='lat' dir='ltr'><strong>boemonemus,.quod</strong></span> <span class='ocrx_word' id='word_1_172' title='bbox 1264 2054 1337 2128; x_wconf 89' lang='lat' dir='ltr'><strong>sunt</strong></span> <span class='ocrx_word' id='word_1_173' title='bbox 1362 2055 1421 2144; x_wconf 74' lang='lat' dir='ltr'><strong>ipsi</strong></span> <span class='ocrx_word' id='word_1_174' title='bbox 1451 2054 1605 2132; x_wconf 83' lang='lat' dir='ltr'><strong>interna,</strong></span> <span class='ocrx_word' id='word_1_175' title='bbox 1633 2069 1668 2129; x_wconf 82' lang='lat' dir='ltr'><strong>oc</strong></span> <span class='ocrx_word' id='word_1_176' title='bbox 1699 2067 1748 2140; x_wconf 83' lang='lat'><strong>3.)</strong></span> <span class='ocrx_word' id='word_1_177' title='bbox 1780 2059 1854 2140; x_wconf 75' lang='lat' dir='ltr'><strong>que</strong></span> <span class='ocrx_word' id='word_1_178' title='bbox 1881 2049 1955 2122; x_wconf 88' lang='lat' dir='ltr'><strong>sunt</strong></span> <span class='ocrx_word' id='word_1_179' title='bbox 1976 2049 2064 2120; x_wconf 84' lang='lat' dir='ltr'><strong>cirta</strong></span> 
     </span>
     <span class='ocr_line' id='line_1_17' title="bbox 438 2144 2076 2244; baseline -0.006 -16"><span class='ocrx_word' id='word_1_180' title='bbox 438 2156 720 2243; x_wconf 77' lang='lat' dir='ltr'><strong>quemadmodum</strong></span> <span class='ocrx_word' id='word_1_181' title='bbox 741 2157 776 2224; x_wconf 89' lang='lat' dir='ltr'><strong>iu</strong></span> <span class='ocrx_word' id='word_1_182' title='bbox 795 2152 869 2224; x_wconf 88' lang='lat' dir='ltr'><strong>loco</strong></span> <span class='ocrx_word' id='word_1_183' title='bbox 882 2157 923 2224; x_wconf 92' lang='lat' dir='ltr'><strong>de</strong></span> <span class='ocrx_word' id='word_1_184' title='bbox 940 2154 1119 2223; x_wconf 84' lang='lat' dir='ltr'><strong>ministerio</strong></span> <span class='ocrx_word' id='word_1_185' title='bbox 1133 2148 1241 2223; x_wconf 85' lang='lat' dir='ltr'><strong>eccle·</strong></span> <span class='ocrx_word' id='word_1_186' title='bbox 1264 2152 1371 2244; x_wconf 79' lang='lat' dir='ltr'><strong>ipsunt</strong></span> <span class='ocrx_word' id='word_1_187' title='bbox 1394 2164 1551 2236; x_wconf 79' lang='lat' dir='ltr'><strong>externo,</strong></span> <span class='ocrx_word' id='word_1_188' title='bbox 1577 2153 1733 2224; x_wconf 78' lang='lat' dir='ltr'><strong>videlicet</strong></span> <span class='ocrx_word' id='word_1_189' title='bbox 1756 2150 1988 2244; x_wconf 77' lang='lat' dir='ltr'><strong>domicilium,</strong></span> <span class='ocrx_word' id='word_1_190' title='bbox 2017 2144 2076 2218; x_wconf 79' lang='lat' dir='ltr'><strong>sa-¹</strong></span> 
     </span>
     <span class='ocr_line' id='line_1_18' title="bbox 439 2245 2064 2348; baseline -0.006 -23"><span class='ocrx_word' id='word_1_191' title='bbox 439 2253 563 2325; x_wconf 86' lang='lat' dir='ltr'><strong>fiastico</strong></span> <span class='ocrx_word' id='word_1_192' title='bbox 579 2248 719 2325; x_wconf 71' lang='lat' dir='ltr'><strong>effecius</strong></span> <span class='ocrx_word' id='word_1_193' title='bbox 740 2250 910 2322; x_wconf 82' lang='lat' dir='ltr'><strong>ministerii</strong></span> <span class='ocrx_word' id='word_1_194' title='bbox 932 2252 966 2321; x_wconf 89' lang='lat' dir='ltr'><strong>in</strong></span> <span class='ocrx_word' id='word_1_195' title='bbox 986 2245 1147 2348; x_wconf 63' lang='lat' dir='ltr'><strong>oboram</strong></span> <span class='ocrx_word' id='word_1_196' title='bbox 1162 2272 1241 2320; x_wconf 84' lang='lat' dir='ltr'><strong>cou-</strong></span> <span class='ocrx_word' id='word_1_197' title='bbox 1265 2252 1401 2325; x_wconf 84' lang='lat' dir='ltr'><strong>cultater</strong></span> <span class='ocrx_word' id='word_1_198' title='bbox 1412 2306 1421 2335; x_wconf 90' lang='lat'><strong>,</strong></span> <span class='ocrx_word' id='word_1_199' title='bbox 1434 2247 1579 2334; x_wconf 81' lang='lat' dir='ltr'><strong>adversa,</strong></span> <span class='ocrx_word' id='word_1_200' title='bbox 1597 2248 1763 2338; x_wconf 82' lang='lat' dir='ltr'><strong>prospera,</strong></span> <span class='ocrx_word' id='word_1_201' title='bbox 1781 2253 1877 2320; x_wconf 84' lang='lat' dir='ltr'><strong>statur</strong></span> <span class='ocrx_word' id='word_1_202' title='bbox 1894 2247 1980 2331; x_wconf 75' lang='lat' dir='ltr'><strong>vite,</strong></span> <span class='ocrx_word' id='word_1_203' title='bbox 1995 2254 2064 2318; x_wconf 65' lang='lat' dir='ltr'><strong>&amp;aa</strong></span> 
     </span>
     <span class='ocr_line' id='line_1_19' title="bbox 438 2341 2064 2438; baseline -0.006 -14"><span class='ocrx_word' id='word_1_204' title='bbox 438 2345 571 2424; x_wconf 76' lang='lat' dir='ltr'><strong>federati</strong></span> <span class='ocrx_word' id='word_1_205' title='bbox 600 2351 745 2421; x_wconf 72' lang='lat' dir='ltr'><strong>distincti</strong></span> <span class='ocrx_word' id='word_1_206' title='bbox 769 2345 865 2419; x_wconf 85' lang='lat' dir='ltr'><strong>fuere</strong></span> <span class='ocrx_word' id='word_1_207' title='bbox 891 2345 933 2418; x_wconf 89' lang='lat' dir='ltr'><strong>ab</strong></span> <span class='ocrx_word' id='word_1_208' title='bbox 954 2345 1130 2420; x_wconf 67' lang='lat' dir='ltr'><strong>effestibus</strong></span> <span class='ocrx_word' id='word_1_209' title='bbox 1154 2356 1241 2435; x_wconf 84' lang='lat' dir='ltr'><strong>ejus·</strong></span> <span class='ocrx_word' id='word_1_210' title='bbox 1264 2353 1309 2421; x_wconf 88' lang='lat' dir='ltr'><strong>ita</strong></span> <span class='ocrx_word' id='word_1_211' title='bbox 1328 2372 1460 2438; x_wconf 86' lang='lat' dir='ltr'><strong>quoque</strong></span> <span class='ocrx_word' id='word_1_212' title='bbox 1481 2349 1741 2420; x_wconf 79' lang='lat' dir='ltr'><strong>communicatio</strong></span> <span class='ocrx_word' id='word_1_213' title='bbox 1757 2342 1824 2419; x_wconf 81' lang='lat' dir='ltr'><strong>five</strong></span> <span class='ocrx_word' id='word_1_214' title='bbox 1845 2341 2064 2418; x_wconf 79' lang='lat' dir='ltr'><strong>communio.</strong></span> 
     </span>
     <span class='ocr_line' id='line_1_20' title="bbox 439 2441 2064 2535; baseline -0.004 -16"><span class='ocrx_word' id='word_1_215' title='bbox 439 2450 518 2521; x_wconf 80' lang='lat' dir='ltr'><strong>dem</strong></span> <span class='ocrx_word' id='word_1_216' title='bbox 545 2449 580 2519; x_wconf 85' lang='lat' dir='ltr'><strong>io</strong></span> <span class='ocrx_word' id='word_1_217' title='bbox 602 2457 751 2519; x_wconf 81' lang='lat' dir='ltr'><strong>concreto</strong></span> <span class='ocrx_word' id='word_1_218' title='bbox 773 2441 945 2535; x_wconf 68' lang='lat' dir='ltr'><strong>spectatis,</strong></span> <span class='ocrx_word' id='word_1_219' title='bbox 964 2443 1029 2516; x_wconf 82' lang='lat' dir='ltr'><strong>hot</strong></span> <span class='ocrx_word' id='word_1_220' title='bbox 1045 2447 1116 2523; x_wconf 82' lang='lat' dir='ltr'><strong>est,</strong></span> <span class='ocrx_word' id='word_1_221' title='bbox 1139 2468 1160 2514; x_wconf 88' lang='lat' dir='ltr'><strong>a</strong></span> <span class='ocrx_word' id='word_1_222' title='bbox 1177 2445 1240 2513; x_wconf 89' lang='lat' dir='ltr'><strong>mi·</strong></span> <span class='ocrx_word' id='word_1_223' title='bbox 1263 2473 1303 2519; x_wconf 87' lang='lat' dir='ltr'><strong>ex</strong></span> <span class='ocrx_word' id='word_1_224' title='bbox 1321 2471 1405 2520; x_wconf 87' lang='lat' dir='ltr'><strong>nexu</strong></span> <span class='ocrx_word' id='word_1_225' title='bbox 1426 2447 1658 2518; x_wconf 83' lang='lat' dir='ltr'><strong>matrimoniali</strong></span> <span class='ocrx_word' id='word_1_226' title='bbox 1678 2449 1765 2515; x_wconf 89' lang='lat' dir='ltr'><strong>iuter</strong></span> <span class='ocrx_word' id='word_1_227' title='bbox 1791 2445 1949 2533; x_wconf 77' lang='lat' dir='ltr'><strong>conjuges</strong></span> <span class='ocrx_word' id='word_1_228' title='bbox 1970 2462 2064 2517; x_wconf 81' lang='lat' dir='ltr'><strong>utta.</strong></span> 
     </span>
     <span class='ocr_line' id='line_1_21' title="bbox 440 2535 2094 2634; baseline -0.005 -17"><span class='ocrx_word' id='word_1_229' title='bbox 440 2545 620 2617; x_wconf 82' lang='lat' dir='ltr'><strong>nistrorum</strong></span> <span class='ocrx_word' id='word_1_230' title='bbox 643 2541 784 2617; x_wconf 74' lang='lat' dir='ltr'><strong>ecelesrae</strong></span> <span class='ocrx_word' id='word_1_231' title='bbox 800 2537 935 2623; x_wconf 73' lang='lat' dir='ltr'><strong>officiis,</strong></span> <span class='ocrx_word' id='word_1_232' title='bbox 957 2544 1002 2613; x_wconf 91' lang='lat' dir='ltr'><strong>ita</strong></span> <span class='ocrx_word' id='word_1_233' title='bbox 1019 2564 1152 2627; x_wconf 84' lang='lat' dir='ltr'><strong>quoque</strong></span> <span class='ocrx_word' id='word_1_234' title='bbox 1176 2539 1241 2612; x_wconf 88' lang='lat' dir='ltr'><strong>hoc</strong></span> <span class='ocrx_word' id='word_1_235' title='bbox 1265 2543 1385 2633; x_wconf 75' lang='lat' dir='ltr'><strong>triplex</strong></span> <span class='ocrx_word' id='word_1_236' title='bbox 1401 2545 1495 2615; x_wconf 86' lang='lat' dir='ltr'><strong>statui</strong></span> <span class='ocrx_word' id='word_1_237' title='bbox 1509 2545 1631 2630; x_wconf 75' lang='lat' dir='ltr'><strong>norell:</strong></span> <span class='ocrx_word' id='word_1_238' title='bbox 1655 2545 1866 2624; x_wconf 84' lang='lat' dir='ltr'><strong>animorum,</strong></span> <span class='ocrx_word' id='word_1_239' title='bbox 1886 2559 2063 2634; x_wconf 75' lang='lat' dir='ltr'><strong>corporum</strong></span> <span class='ocrx_word' id='word_1_240' title='bbox 2092 2535 2094 2540; x_wconf 76' lang='grc'><strong>’</strong></span> 
     </span>
     <span class='ocr_line' id='line_1_22' title="bbox 441 2636 2063 2733; baseline -0.007 -14"><span class='ocrx_word' id='word_1_241' title='bbox 441 2644 477 2716; x_wconf 76' lang='lat' dir='ltr'><strong>in</strong></span> <span class='ocrx_word' id='word_1_242' title='bbox 496 2645 571 2714; x_wconf 73' lang='lat'><strong>100⁰</strong></span> <span class='ocrx_word' id='word_1_243' title='bbox 597 2643 820 2733; x_wconf 71' lang='lat' dir='ltr'><strong>distinguendi</strong></span> <span class='ocrx_word' id='word_1_244' title='bbox 845 2636 906 2710; x_wconf 78' lang='lat' dir='ltr'><strong>fint</strong></span> <span class='ocrx_word' id='word_1_245' title='bbox 928 2637 1067 2711; x_wconf 61' lang='lat' dir='ltr'>effefflss</span> <span class='ocrx_word' id='word_1_246' title='bbox 1091 2639 1299 2727; x_wconf 57' lang='lat' dir='ltr'><strong>conjugis&amp;</strong></span> <span class='ocrx_word' id='word_1_247' title='bbox 1322 2651 1544 2714; x_wconf 79' lang='lat' dir='ltr'><strong>externorum.</strong></span> <span class='ocrx_word' id='word_1_248' title='bbox 1598 2646 1793 2713; x_wconf 78' lang='lat' dir='ltr'><strong>Animorum</strong></span> <span class='ocrx_word' id='word_1_249' title='bbox 1807 2637 2063 2710; x_wconf 75' lang='lat' dir='ltr'><strong>communicatio</strong></span> 
     </span>
     <span class='ocr_line' id='line_1_23' title="bbox 441 2732 2081 2839; baseline -0.005 -27"><span class='ocrx_word' id='word_1_250' title='bbox 441 2740 477 2812; x_wconf 84' lang='lat' dir='ltr'><strong>in</strong></span> <span class='ocrx_word' id='word_1_251' title='bbox 496 2735 659 2839; x_wconf 64' lang='lat' dir='ltr'><strong>abstrooo</strong></span> <span class='ocrx_word' id='word_1_252' title='bbox 685 2741 730 2810; x_wconf 89' lang='lat' dir='ltr'><strong>ab</strong></span> <span class='ocrx_word' id='word_1_253' title='bbox 752 2732 868 2810; x_wconf 78' lang='lat' dir='ltr'><strong>officiis</strong></span> <span class='ocrx_word' id='word_1_254' title='bbox 896 2745 1081 2826; x_wconf 75' lang='lat' dir='ltr'><strong>conjugum</strong></span> <span class='ocrx_word' id='word_1_255' title='bbox 1106 2736 1142 2804; x_wconf 88' lang='lat' dir='ltr'><strong>iu</strong></span> <span class='ocrx_word' id='word_1_256' title='bbox 1165 2756 1239 2807; x_wconf 73' lang='lat' dir='ltr'><strong>core</strong></span> <span class='ocrx_word' id='word_1_257' title='bbox 1265 2738 1500 2828; x_wconf 69' lang='lat' dir='ltr'><strong>completiitur</strong></span> <span class='ocrx_word' id='word_1_258' title='bbox 1520 2759 1670 2811; x_wconf 85' lang='lat' dir='ltr'><strong>mutuam</strong></span> <span class='ocrx_word' id='word_1_259' title='bbox 1689 2738 1778 2812; x_wconf 88' lang='lat' dir='ltr'><strong>illam</strong></span> <span class='ocrx_word' id='word_1_260' title='bbox 1797 2734 2081 2828; x_wconf 60' lang='lat' dir='ltr'><strong>benevolentiam&gt;</strong></span> 
     </span>
     <span class='ocr_line' id='line_1_24' title="bbox 442 2829 2065 2933; baseline -0.005 -23"><span class='ocrx_word' id='word_1_261' title='bbox 442 2846 542 2912; x_wconf 84' lang='lat' dir='ltr'><strong>creto.</strong></span> <span class='ocrx_word' id='word_1_262' title='bbox 593 2833 898 2926; x_wconf 73' lang='lat' dir='ltr'><strong>Effectuseonjugii</strong></span> <span class='ocrx_word' id='word_1_263' title='bbox 915 2836 950 2907; x_wconf 88' lang='lat' dir='ltr'><strong>in</strong></span> <span class='ocrx_word' id='word_1_264' title='bbox 963 2829 1124 2933; x_wconf 62' lang='lat' dir='ltr'><strong>obflroffo</strong></span> <span class='ocrx_word' id='word_1_265' title='bbox 1137 2830 1241 2904; x_wconf 88' lang='lat' dir='ltr'><strong>consr-</strong></span> <span class='ocrx_word' id='word_1_266' title='bbox 1266 2847 1302 2911; x_wconf 80' lang='lat' dir='ltr'><strong>oc</strong></span> <span class='ocrx_word' id='word_1_267' title='bbox 1320 2835 1534 2909; x_wconf 71' lang='lat' dir='ltr'><strong>arlliffimum</strong></span> <span class='ocrx_word' id='word_1_268' title='bbox 1559 2863 1726 2917; x_wconf 86' lang='lat' dir='ltr'><strong>amorem,</strong></span> <span class='ocrx_word' id='word_1_269' title='bbox 1754 2839 1810 2926; x_wconf 90' lang='lat' dir='ltr'><strong>qui</strong></span> <span class='ocrx_word' id='word_1_270' title='bbox 1831 2839 1920 2906; x_wconf 87' lang='lat' dir='ltr'><strong>inter</strong></span> <span class='ocrx_word' id='word_1_271' title='bbox 1950 2841 2065 2919; x_wconf 86' lang='lat' dir='ltr'><strong>conju·</strong></span> 
     </span>
     <span class='ocr_line' id='line_1_25' title="bbox 430 2928 2063 3026; baseline -0.008 -13"><span class='ocrx_word' id='word_1_272' title='bbox 430 2936 549 3014; x_wconf 70' lang='lat' dir='ltr'><strong>dotati</strong></span> <span class='ocrx_word' id='word_1_273' title='bbox 578 2935 729 3007; x_wconf 71' lang='lat' dir='ltr'><strong>revomi</strong></span> <span class='ocrx_word' id='word_1_274' title='bbox 751 2928 882 3021; x_wconf 77' lang='lat' dir='ltr'><strong>possunt</strong></span> <span class='ocrx_word' id='word_1_275' title='bbox 900 2935 942 3003; x_wconf 88' lang='lat' dir='ltr'><strong>ad</strong></span> <span class='ocrx_word' id='word_1_276' title='bbox 969 2928 1243 3004; x_wconf 81' lang='lat' dir='ltr'><strong>communicatio-</strong></span> <span class='ocrx_word' id='word_1_277' title='bbox 1267 2958 1351 3026; x_wconf 75' lang='lat' dir='ltr'><strong>gea,</strong></span> <span class='ocrx_word' id='word_1_278' title='bbox 1383 2956 1500 3021; x_wconf 79' lang='lat' dir='ltr'><strong>utpute</strong></span> <span class='ocrx_word' id='word_1_279' title='bbox 1529 2933 1705 3007; x_wconf 72' lang='lat' dir='ltr'><strong>arctissime</strong></span> <span class='ocrx_word' id='word_1_280' title='bbox 1739 2929 2063 3010; x_wconf 82' lang='lat' dir='ltr'><strong>&amp;indissolubiliter</strong></span> 
     </span>
     <span class='ocr_line' id='line_1_26' title="bbox 442 3023 2095 3125; baseline -0.005 -19"><span class='ocrx_word' id='word_1_281' title='bbox 442 3055 516 3106; x_wconf 76' lang='lat' dir='ltr'><strong>nem</strong></span> <span class='ocrx_word' id='word_1_282' title='bbox 534 3031 601 3104; x_wconf 84' lang='lat' dir='ltr'><strong>five</strong></span> <span class='ocrx_word' id='word_1_283' title='bbox 622 3029 906 3113; x_wconf 79' lang='lat' dir='ltr'><strong>communionem,</strong></span> <span class='ocrx_word' id='word_1_284' title='bbox 939 3051 982 3101; x_wconf 82' lang='lat' dir='ltr'><strong>et</strong></span> <span class='ocrx_word' id='word_1_285' title='bbox 1007 3023 1184 3100; x_wconf 75' lang='lat' dir='ltr'><strong>aroiffima</strong></span> <span class='ocrx_word' id='word_1_286' title='bbox 1207 3037 1242 3101; x_wconf 76' lang='grc' dir='ltr'><strong>δι</strong></span> <span class='ocrx_word' id='word_1_287' title='bbox 1267 3038 1476 3119; x_wconf 58' lang='lat' dir='ltr'><strong>conjurans,</strong></span> <span class='ocrx_word' id='word_1_288' title='bbox 1502 3035 1605 3122; x_wconf 74' lang='lat' dir='ltr'><strong>viget.</strong></span> <span class='ocrx_word' id='word_1_289' title='bbox 1655 3035 1756 3125; x_wconf 85' lang='lat' dir='ltr'><strong>Quod</strong></span> <span class='ocrx_word' id='word_1_290' title='bbox 1770 3029 1794 3103; x_wconf 87' lang='lat' dir='ltr'><strong>st</strong></span> <span class='ocrx_word' id='word_1_291' title='bbox 1808 3054 1951 3119; x_wconf 86' lang='lat' dir='ltr'><strong>namque</strong></span> <span class='ocrx_word' id='word_1_292' title='bbox 1965 3030 2001 3100; x_wconf 89' lang='lat' dir='ltr'><strong>in</strong></span> <span class='ocrx_word' id='word_1_293' title='bbox 2014 3049 2065 3098; x_wconf 85' lang='lat' dir='ltr'><strong>te·</strong></span> <span class='ocrx_word' id='word_1_294' title='bbox 2093 3043 2095 3048; x_wconf 85' lang='lat'>&#39;</span> 
     </span>
     <span class='ocr_line' id='line_1_27' title="bbox 443 3120 2096 3220; baseline -0.003 -21"><span class='ocrx_word' id='word_1_295' title='bbox 443 3126 658 3200; x_wconf 74' lang='lat' dir='ltr'><strong>indisolubili</strong></span> <span class='ocrx_word' id='word_1_296' title='bbox 679 3127 735 3200; x_wconf 86' lang='lat' dir='ltr'><strong>ille</strong></span> <span class='ocrx_word' id='word_1_297' title='bbox 755 3129 1008 3214; x_wconf 72' lang='lat' dir='ltr'><strong>conjunctione,</strong></span> <span class='ocrx_word' id='word_1_298' title='bbox 1032 3150 1104 3213; x_wconf 74' lang='lat' dir='ltr'><strong>que</strong></span> <span class='ocrx_word' id='word_1_299' title='bbox 1125 3125 1172 3196; x_wconf 82' lang='lat' dir='ltr'><strong>est</strong></span> <span class='ocrx_word' id='word_1_300' title='bbox 1195 3120 1244 3196; x_wconf 90' lang='lat' dir='ltr'><strong>es·</strong></span> <span class='ocrx_word' id='word_1_301' title='bbox 1267 3128 1365 3218; x_wconf 86' lang='lat' dir='ltr'><strong>liquis</strong></span> <span class='ocrx_word' id='word_1_302' title='bbox 1381 3127 1594 3201; x_wconf 80' lang='lat' dir='ltr'><strong>inferioribus</strong></span> <span class='ocrx_word' id='word_1_303' title='bbox 1613 3133 1763 3201; x_wconf 77' lang='lat' dir='ltr'><strong>amicitie</strong></span> <span class='ocrx_word' id='word_1_304' title='bbox 1782 3127 1944 3220; x_wconf 73' lang='lat' dir='ltr'><strong>gradibus</strong></span> <span class='ocrx_word' id='word_1_305' title='bbox 1967 3125 2012 3199; x_wconf 93' lang='lat' dir='ltr'><strong>ob</strong></span> <span class='ocrx_word' id='word_1_306' title='bbox 2032 3148 2066 3194; x_wconf 85' lang='lat' dir='ltr'><strong>a·</strong></span> <span class='ocrx_word' id='word_1_307' title='bbox 2091 3177 2096 3220; x_wconf 38' lang='grc' dir='ltr'>ι</span> 
     </span>
     <span class='ocr_line' id='line_1_28' title="bbox 445 3220 2066 3315; baseline -0.004 -16"><span class='ocrx_word' id='word_1_308' title='bbox 445 3220 586 3299; x_wconf 83' lang='lat' dir='ltr'><strong>seutialis</strong></span> <span class='ocrx_word' id='word_1_309' title='bbox 607 3224 757 3315; x_wconf 80' lang='lat' dir='ltr'><strong>conjugii</strong></span> <span class='ocrx_word' id='word_1_310' title='bbox 782 3220 908 3306; x_wconf 87' lang='lat' dir='ltr'><strong>forma,</strong></span> <span class='ocrx_word' id='word_1_311' title='bbox 933 3245 1060 3301; x_wconf 80' lang='lat' dir='ltr'><strong>ortatu,</strong></span> <span class='ocrx_word' id='word_1_312' title='bbox 1085 3231 1120 3296; x_wconf 72' lang='grc' dir='ltr'>ἀ</span> <span class='ocrx_word' id='word_1_313' title='bbox 1140 3247 1181 3294; x_wconf 87' lang='lat' dir='ltr'><strong>ex</strong></span> <span class='ocrx_word' id='word_1_314' title='bbox 1206 3245 1246 3294; x_wconf 82' lang='lat' dir='ltr'><strong>ea</strong></span> <span class='ocrx_word' id='word_1_315' title='bbox 1268 3229 1434 3297; x_wconf 89' lang='lat' dir='ltr'><strong>nimorum</strong></span> <span class='ocrx_word' id='word_1_316' title='bbox 1452 3232 1721 3313; x_wconf 76' lang='lat' dir='ltr'><strong>conJunoiionern</strong></span> <span class='ocrx_word' id='word_1_317' title='bbox 1738 3239 1773 3301; x_wconf 75' lang='grc' dir='ltr'><strong>δι</strong></span> <span class='ocrx_word' id='word_1_318' title='bbox 1795 3223 2066 3301; x_wconf 84' lang='lat' dir='ltr'><strong>communicatio·</strong></span> 
     </span>
     <span class='ocr_line' id='line_1_29' title="bbox 444 3318 2066 3415; baseline -0.004 -20"><span class='ocrx_word' id='word_1_319' title='bbox 444 3325 541 3395; x_wconf 89' lang='lat' dir='ltr'><strong>unice</strong></span> <span class='ocrx_word' id='word_1_320' title='bbox 556 3324 810 3410; x_wconf 86' lang='lat' dir='ltr'><strong>dependentem.</strong></span> <span class='ocrx_word' id='word_1_321' title='bbox 860 3320 951 3412; x_wconf 89' lang='lat' dir='ltr'><strong>Quia</strong></span> <span class='ocrx_word' id='word_1_322' title='bbox 974 3321 1062 3392; x_wconf 90' lang='lat' dir='ltr'><strong>enim</strong></span> <span class='ocrx_word' id='word_1_323' title='bbox 1082 3318 1176 3415; x_wconf 83' lang='lat' dir='ltr'><strong>jutta</strong></span> <span class='ocrx_word' id='word_1_324' title='bbox 1195 3322 1245 3390; x_wconf 91' lang='lat' dir='ltr'><strong>di·</strong></span> <span class='ocrx_word' id='word_1_325' title='bbox 1269 3349 1344 3396; x_wconf 92' lang='lat' dir='ltr'><strong>nem</strong></span> <span class='ocrx_word' id='word_1_326' title='bbox 1372 3327 1458 3395; x_wconf 87' lang='lat' dir='ltr'><strong>inter</strong></span> <span class='ocrx_word' id='word_1_327' title='bbox 1483 3326 1606 3397; x_wconf 84' lang='lat' dir='ltr'><strong>amicos</strong></span> <span class='ocrx_word' id='word_1_328' title='bbox 1633 3349 1769 3396; x_wconf 85' lang='lat' dir='ltr'><strong>mutuus</strong></span> <span class='ocrx_word' id='word_1_329' title='bbox 1794 3349 1888 3397; x_wconf 83' lang='lat' dir='ltr'><strong>amor</strong></span> <span class='ocrx_word' id='word_1_330' title='bbox 1907 3347 1946 3394; x_wconf 90' lang='lat' dir='ltr'><strong>ac</strong></span> <span class='ocrx_word' id='word_1_331' title='bbox 1966 3321 2066 3395; x_wconf 85' lang='lat' dir='ltr'><strong>bene·</strong></span> 
     </span>
     <span class='ocr_line' id='line_1_30' title="bbox 445 3416 2065 3508; baseline -0.005 -15"><span class='ocrx_word' id='word_1_332' title='bbox 445 3424 558 3494; x_wconf 79' lang='lat' dir='ltr'><strong>vinam</strong></span> <span class='ocrx_word' id='word_1_333' title='bbox 587 3421 829 3491; x_wconf 76' lang='lat' dir='ltr'><strong>ordinationem</strong></span> <span class='ocrx_word' id='word_1_334' title='bbox 863 3441 925 3504; x_wconf 78' lang='lat' dir='ltr'><strong>per</strong></span> <span class='ocrx_word' id='word_1_335' title='bbox 959 3416 1147 3507; x_wconf 79' lang='lat' dir='ltr'><strong>legitimum</strong></span> <span class='ocrx_word' id='word_1_336' title='bbox 1167 3442 1245 3489; x_wconf 90' lang='lat' dir='ltr'><strong>cun·</strong></span> <span class='ocrx_word' id='word_1_337' title='bbox 1270 3421 1413 3494; x_wconf 86' lang='lat' dir='ltr'><strong>volentia</strong></span> <span class='ocrx_word' id='word_1_338' title='bbox 1432 3442 1545 3493; x_wconf 90' lang='lat' dir='ltr'><strong>mutua</strong></span> <span class='ocrx_word' id='word_1_339' title='bbox 1561 3420 1761 3508; x_wconf 82' lang='lat' dir='ltr'><strong>exardescit,</strong></span> <span class='ocrx_word' id='word_1_340' title='bbox 1788 3426 1875 3495; x_wconf 88' lang='lat' dir='ltr'><strong>unde</strong></span> <span class='ocrx_word' id='word_1_341' title='bbox 1890 3444 2008 3492; x_wconf 89' lang='lat' dir='ltr'><strong>eorum</strong></span> <span class='ocrx_word' id='word_1_342' title='bbox 2022 3417 2065 3486; x_wconf 82' lang='lat' dir='ltr'><strong>eli</strong></span> 
     </span>
     <span class='ocr_line' id='line_1_31' title="bbox 444 3511 2067 3609; baseline -0.004 -21"><span class='ocrx_word' id='word_1_343' title='bbox 444 3514 572 3591; x_wconf 86' lang='lat' dir='ltr'><strong>sensum</strong></span> <span class='ocrx_word' id='word_1_344' title='bbox 595 3542 664 3587; x_wconf 80' lang='lat' dir='ltr'><strong>mas</strong></span> <span class='ocrx_word' id='word_1_345' title='bbox 683 3526 718 3589; x_wconf 76' lang='lat' dir='ltr'><strong>dc</strong></span> <span class='ocrx_word' id='word_1_346' title='bbox 739 3513 876 3585; x_wconf 85' lang='lat' dir='ltr'><strong>foemina</strong></span> <span class='ocrx_word' id='word_1_347' title='bbox 894 3512 1069 3591; x_wconf 72' lang='lat' dir='ltr'><strong>arliilsrma</strong></span> <span class='ocrx_word' id='word_1_348' title='bbox 1090 3524 1125 3588; x_wconf 89' lang='lat'>&amp;</span> <span class='ocrx_word' id='word_1_349' title='bbox 1150 3511 1246 3587; x_wconf 87' lang='lat' dir='ltr'><strong>indis-</strong></span> <span class='ocrx_word' id='word_1_350' title='bbox 1270 3523 1358 3590; x_wconf 89' lang='lat' dir='ltr'><strong>idem</strong></span> <span class='ocrx_word' id='word_1_351' title='bbox 1378 3519 1514 3591; x_wconf 83' lang='lat' dir='ltr'><strong>velicat</strong></span> <span class='ocrx_word' id='word_1_352' title='bbox 1532 3522 1620 3591; x_wconf 88' lang='lat' dir='ltr'><strong>idem</strong></span> <span class='ocrx_word' id='word_1_353' title='bbox 1642 3521 1755 3605; x_wconf 68' lang='lat' dir='ltr'><strong>noller</strong></span> <span class='ocrx_word' id='word_1_354' title='bbox 1780 3520 2020 3609; x_wconf 80' lang='lat' dir='ltr'><strong>quantomagis</strong></span> <span class='ocrx_word' id='word_1_355' title='bbox 2034 3516 2067 3582; x_wconf 88' lang='lat' dir='ltr'><strong>in</strong></span> 
     </span>
     <span class='ocr_line' id='line_1_32' title="bbox 444 3612 2087 3709; baseline -0.004 -23"><span class='ocrx_word' id='word_1_356' title='bbox 444 3612 575 3686; x_wconf 82' lang='lat' dir='ltr'><strong>solubili</strong></span> <span class='ocrx_word' id='word_1_357' title='bbox 599 3616 720 3683; x_wconf 89' lang='lat' dir='ltr'><strong>unione</strong></span> <span class='ocrx_word' id='word_1_358' title='bbox 745 3616 779 3681; x_wconf 90' lang='lat' dir='ltr'><strong>in</strong></span> <span class='ocrx_word' id='word_1_359' title='bbox 808 3636 941 3683; x_wconf 85' lang='lat' dir='ltr'><strong>carnem</strong></span> <span class='ocrx_word' id='word_1_360' title='bbox 975 3636 1073 3682; x_wconf 88' lang='lat' dir='ltr'><strong>unam</strong></span> <span class='ocrx_word' id='word_1_361' title='bbox 1101 3615 1246 3685; x_wconf 87' lang='lat' dir='ltr'><strong>invicem</strong></span> <span class='ocrx_word' id='word_1_362' title='bbox 1270 3614 1335 3687; x_wconf 88' lang='lat' dir='ltr'><strong>hoc</strong></span> <span class='ocrx_word' id='word_1_363' title='bbox 1349 3614 1477 3687; x_wconf 89' lang='lat' dir='ltr'><strong>summu</strong></span> <span class='ocrx_word' id='word_1_364' title='bbox 1492 3622 1642 3690; x_wconf 75' lang='lat' dir='ltr'><strong>amicitie</strong></span> <span class='ocrx_word' id='word_1_365' title='bbox 1655 3624 1782 3709; x_wconf 87' lang='lat' dir='ltr'><strong>gradu,</strong></span> <span class='ocrx_word' id='word_1_366' title='bbox 1808 3622 1864 3706; x_wconf 89' lang='lat' dir='ltr'><strong>qui</strong></span> <span class='ocrx_word' id='word_1_367' title='bbox 1885 3620 1974 3687; x_wconf 89' lang='lat' dir='ltr'><strong>inter</strong></span> <span class='ocrx_word' id='word_1_368' title='bbox 1991 3636 2087 3683; x_wconf 87' lang='lat' dir='ltr'><strong>con--</strong></span> 
     </span>
     <span class='ocr_line' id='line_1_33' title="bbox 444 3709 2066 3804; baseline -0.002 -23"><span class='ocrx_word' id='word_1_369' title='bbox 444 3720 717 3799; x_wconf 77' lang='lat' dir='ltr'><strong>conjunguntur,</strong></span> <span class='ocrx_word' id='word_1_370' title='bbox 758 3710 834 3779; x_wconf 84' lang='lat' dir='ltr'><strong>ideo</strong></span> <span class='ocrx_word' id='word_1_371' title='bbox 861 3734 902 3781; x_wconf 85' lang='lat' dir='ltr'><strong>ex</strong></span> <span class='ocrx_word' id='word_1_372' title='bbox 936 3709 991 3780; x_wconf 87' lang='lat' dir='ltr'><strong>illa</strong></span> <span class='ocrx_word' id='word_1_373' title='bbox 1014 3713 1247 3796; x_wconf 69' lang='lat' dir='ltr'><strong>coniuntlione</strong></span> <span class='ocrx_word' id='word_1_374' title='bbox 1270 3722 1365 3804; x_wconf 81' lang='lat' dir='ltr'><strong>juges</strong></span> <span class='ocrx_word' id='word_1_375' title='bbox 1389 3713 1498 3786; x_wconf 90' lang='lat' dir='ltr'><strong>locum</strong></span> <span class='ocrx_word' id='word_1_376' title='bbox 1522 3716 1646 3802; x_wconf 85' lang='lat' dir='ltr'><strong>babet,</strong></span> <span class='ocrx_word' id='word_1_377' title='bbox 1679 3719 1750 3790; x_wconf 79' lang='lat' dir='ltr'><strong>talis</strong></span> <span class='ocrx_word' id='word_1_378' title='bbox 1770 3721 1957 3790; x_wconf 86' lang='lat' dir='ltr'><strong>animorum</strong></span> <span class='ocrx_word' id='word_1_379' title='bbox 1977 3733 2066 3782; x_wconf 90' lang='lat' dir='ltr'><strong>com·</strong></span> 
     </span>
     <span class='ocr_line' id='line_1_34' title="bbox 445 3802 2067 3916; baseline 0.001 -40"><span class='ocrx_word' id='word_1_380' title='bbox 445 3802 589 3916; x_wconf 75' lang='lat' dir='ltr'><strong>nascitur</strong></span> <span class='ocrx_word' id='word_1_381' title='bbox 605 3808 753 3892; x_wconf 81' lang='lat' dir='ltr'><strong>quedam</strong></span> <span class='ocrx_word' id='word_1_382' title='bbox 774 3807 860 3876; x_wconf 86' lang='lat' dir='ltr'><strong>inter</strong></span> <span class='ocrx_word' id='word_1_383' title='bbox 883 3816 1043 3897; x_wconf 80' lang='lat' dir='ltr'><strong>conjtrges</strong></span> <span class='ocrx_word' id='word_1_384' title='bbox 1061 3811 1247 3877; x_wconf 86' lang='lat' dir='ltr'><strong>communi·</strong></span> <span class='ocrx_word' id='word_1_385' title='bbox 1273 3815 1449 3883; x_wconf 88' lang='lat' dir='ltr'><strong>munioatio</strong></span> <span class='ocrx_word' id='word_1_386' title='bbox 1476 3815 1590 3904; x_wconf 79' lang='lat' dir='ltr'><strong>vigere</strong></span> <span class='ocrx_word' id='word_1_387' title='bbox 1608 3813 1736 3886; x_wconf 79' lang='lat' dir='ltr'><strong>debet‘l</strong></span> <span class='ocrx_word' id='word_1_388' title='bbox 1766 3813 1953 3910; x_wconf 75' lang='lat' dir='ltr'><strong>Corporum</strong></span> <span class='ocrx_word' id='word_1_389' title='bbox 1978 3831 2067 3878; x_wconf 87' lang='lat' dir='ltr'><strong>com·</strong></span> 
     </span>
     <span class='ocr_line' id='line_1_35' title="bbox 445 3905 2067 4005; baseline 0.002 -31"><span class='ocrx_word' id='word_1_390' title='bbox 445 3923 551 3987; x_wconf 86' lang='lat' dir='ltr'><strong>catto,</strong></span> <span class='ocrx_word' id='word_1_391' title='bbox 578 3926 651 3987; x_wconf 79' lang='lat' dir='ltr'><strong>oute</strong></span> <span class='ocrx_word' id='word_1_392' title='bbox 669 3906 714 3973; x_wconf 83' lang='lat' dir='ltr'><strong>est</strong></span> <span class='ocrx_word' id='word_1_393' title='bbox 735 3905 899 3994; x_wconf 78' lang='lat' dir='ltr'><strong>genuinus</strong></span> <span class='ocrx_word' id='word_1_394' title='bbox 922 3929 959 3975; x_wconf 88' lang='lat' dir='ltr'><strong>ac</strong></span> <span class='ocrx_word' id='word_1_395' title='bbox 990 3907 1145 3992; x_wconf 82' lang='lat' dir='ltr'><strong>proprius</strong></span> <span class='ocrx_word' id='word_1_396' title='bbox 1169 3929 1248 3974; x_wconf 84' lang='lat' dir='ltr'><strong>con·</strong></span> <span class='ocrx_word' id='word_1_397' title='bbox 1273 3913 1450 3980; x_wconf 79' lang='lat' dir='ltr'><strong>munientia</strong></span> <span class='ocrx_word' id='word_1_398' title='bbox 1462 3912 1695 3999; x_wconf 70' lang='lat' dir='ltr'><strong>complectitur</strong></span> <span class='ocrx_word' id='word_1_399' title='bbox 1709 3907 1920 4005; x_wconf 66' lang='grc' dir='ltr'><strong>ὀφειλομένην</strong></span> <span class='ocrx_word' id='word_1_400' title='bbox 1933 3906 2067 3986; x_wconf 75' lang='lat' dir='ltr'><strong>iurator,</strong></span> 
     </span>
     <span class='ocr_line' id='line_1_36' title="bbox 442 3995 2069 4097; baseline 0.001 -28"><span class='ocrx_word' id='word_1_401' title='bbox 442 4000 529 4090; x_wconf 80' lang='lat' dir='ltr'><strong>jugii</strong></span> <span class='ocrx_word' id='word_1_402' title='bbox 551 3995 716 4082; x_wconf 70' lang='lat' dir='ltr'><strong>effeliusr</strong></span> <span class='ocrx_word' id='word_1_403' title='bbox 758 4004 799 4070; x_wconf 85' lang='lat' dir='ltr'><strong>ad</strong></span> <span class='ocrx_word' id='word_1_404' title='bbox 834 4025 934 4089; x_wconf 87' lang='lat' dir='ltr'><strong>quern</strong></span> <span class='ocrx_word' id='word_1_405' title='bbox 968 3999 1087 4074; x_wconf 85' lang='lat' dir='ltr'><strong>referri</strong></span> <span class='ocrx_word' id='word_1_406' title='bbox 1116 3997 1248 4089; x_wconf 79' lang='lat' dir='ltr'><strong>possunt</strong></span> <span class='ocrx_word' id='word_1_407' title='bbox 1274 4027 1310 4077; x_wconf 91' lang='lat' dir='ltr'><strong>ut</strong></span> <span class='ocrx_word' id='word_1_408' title='bbox 1327 4008 1491 4094; x_wconf 80' lang='lat' dir='ltr'><strong>aposlolus</strong></span> <span class='ocrx_word' id='word_1_409' title='bbox 1510 4009 1657 4097; x_wconf 86' lang='lat' dir='ltr'><strong>loquitur</strong></span> <span class='ocrx_word' id='word_1_410' title='bbox 1682 4017 1787 4082; x_wconf 90' lang='lat' dir='ltr'><strong>tCor.</strong></span> <span class='ocrx_word' id='word_1_411' title='bbox 1806 4009 1887 4081; x_wconf 80' lang='lat' dir='ltr'><strong>Vll.</strong></span> <span class='ocrx_word' id='word_1_412' title='bbox 1910 4004 2069 4096; x_wconf 81' lang='lat' dir='ltr'><strong>3.cmrju·</strong></span> 
     </span>
     <span class='ocr_line' id='line_1_37' title="bbox 447 4094 2070 4198; baseline -0.001 -29"><span class='ocrx_word' id='word_1_413' title='bbox 447 4094 552 4169; x_wconf 85' lang='lat' dir='ltr'><strong>verba</strong></span> <span class='ocrx_word' id='word_1_414' title='bbox 583 4097 617 4166; x_wconf 88' lang='lat' dir='ltr'><strong>in</strong></span> <span class='ocrx_word' id='word_1_415' title='bbox 647 4096 837 4171; x_wconf 85' lang='lat' dir='ltr'><strong>definitione</strong></span> <span class='ocrx_word' id='word_1_416' title='bbox 871 4100 1078 4183; x_wconf 83' lang='lat' dir='ltr'><strong>imperatoris</strong></span> <span class='ocrx_word' id='word_1_417' title='bbox 1104 4100 1176 4169; x_wconf 85' lang='lat' dir='ltr'><strong>inst.</strong></span> <span class='ocrx_word' id='word_1_418' title='bbox 1207 4101 1249 4171; x_wconf 91' lang='lat' dir='ltr'><strong>de</strong></span> <span class='ocrx_word' id='word_1_419' title='bbox 1273 4104 1351 4198; x_wconf 80' lang='lat' dir='ltr'><strong>goie</strong></span> <span class='ocrx_word' id='word_1_420' title='bbox 1372 4104 1539 4186; x_wconf 76' lang='lat' dir='ltr'><strong>debitum,</strong></span> <span class='ocrx_word' id='word_1_421' title='bbox 1562 4110 1614 4195; x_wconf 84' lang='lat' dir='ltr'><strong>jus</strong></span> <span class='ocrx_word' id='word_1_422' title='bbox 1634 4136 1670 4178; x_wconf 85' lang='lat' dir='ltr'><strong>ac</strong></span> <span class='ocrx_word' id='word_1_423' title='bbox 1691 4114 1882 4197; x_wconf 77' lang='lat' dir='ltr'><strong>potestatem</strong></span> <span class='ocrx_word' id='word_1_424' title='bbox 1900 4126 2070 4181; x_wconf 73' lang='lat' dir='ltr'><strong>murram,</strong></span> 
     </span>
     <span class='ocr_line' id='line_1_38' title="bbox 445 4193 2069 4297; baseline 0.001 -33"><span class='ocrx_word' id='word_1_425' title='bbox 445 4216 538 4284; x_wconf 82' lang='lat' dir='ltr'><strong>patr.</strong></span> <span class='ocrx_word' id='word_1_426' title='bbox 574 4197 694 4282; x_wconf 82' lang='lat' dir='ltr'><strong>potest.</strong></span> <span class='ocrx_word' id='word_1_427' title='bbox 726 4199 813 4283; x_wconf 89' lang='lat' dir='ltr'><strong>quod</strong></span> <span class='ocrx_word' id='word_1_428' title='bbox 834 4198 1083 4267; x_wconf 79' lang='lat' dir='ltr'><strong>matrimonium</strong></span> <span class='ocrx_word' id='word_1_429' title='bbox 1114 4193 1151 4265; x_wconf 88' lang='lat' dir='ltr'><strong>srt</strong></span> <span class='ocrx_word' id='word_1_430' title='bbox 1177 4194 1250 4268; x_wconf 83' lang='lat' dir='ltr'><strong>talis</strong></span> <span class='ocrx_word' id='word_1_431' title='bbox 1274 4227 1371 4289; x_wconf 85' lang='lat' dir='ltr'><strong>quam</strong></span> <span class='ocrx_word' id='word_1_432' title='bbox 1400 4202 1484 4274; x_wconf 80' lang='lat' dir='ltr'><strong>alter</strong></span> <span class='ocrx_word' id='word_1_433' title='bbox 1518 4214 1697 4297; x_wconf 81' lang='lat' dir='ltr'><strong>conjugum</strong></span> <span class='ocrx_word' id='word_1_434' title='bbox 1726 4210 1762 4277; x_wconf 87' lang='lat' dir='ltr'><strong>in</strong></span> <span class='ocrx_word' id='word_1_435' title='bbox 1785 4208 1918 4276; x_wconf 86' lang='lat' dir='ltr'><strong>alterius</strong></span> <span class='ocrx_word' id='word_1_436' title='bbox 1946 4220 2069 4283; x_wconf 81' lang='lat' dir='ltr'><strong>corpus</strong></span> 
     </span>
     <span class='ocr_line' id='line_1_39' title="bbox 447 4292 2070 4392; baseline 0.001 -29"><span class='ocrx_word' id='word_1_437' title='bbox 447 4296 599 4380; x_wconf 83' lang='lat' dir='ltr'><strong>quaedam</strong></span> <span class='ocrx_word' id='word_1_438' title='bbox 619 4293 685 4362; x_wconf 81' lang='lat' dir='ltr'><strong>uiri</strong></span> <span class='ocrx_word' id='word_1_439' title='bbox 712 4304 745 4365; x_wconf 74' lang='lat' dir='ltr'><strong>dc</strong></span> <span class='ocrx_word' id='word_1_440' title='bbox 767 4292 913 4363; x_wconf 85' lang='lat' dir='ltr'><strong>mulieris</strong></span> <span class='ocrx_word' id='word_1_441' title='bbox 935 4294 1151 4379; x_wconf 68' lang='lat' dir='ltr'><strong>commistio,</strong></span> <span class='ocrx_word' id='word_1_442' title='bbox 1178 4315 1249 4387; x_wconf 83' lang='lat' dir='ltr'><strong>quae</strong></span> <span class='ocrx_word' id='word_1_443' title='bbox 1273 4298 1404 4370; x_wconf 85' lang='lat' dir='ltr'><strong>obtinet</strong></span> <span class='ocrx_word' id='word_1_444' title='bbox 1427 4328 1457 4371; x_wconf 88' lang='lat' dir='ltr'><strong>v.</strong></span> <span class='ocrx_word' id='word_1_445' title='bbox 1478 4328 1510 4392; x_wconf 93' lang='lat'><strong>4.</strong></span> <span class='ocrx_word' id='word_1_446' title='bbox 1535 4305 1634 4374; x_wconf 84' lang='lat' dir='ltr'><strong>itaut</strong></span> <span class='ocrx_word' id='word_1_447' title='bbox 1656 4301 1718 4375; x_wconf 84' lang='lat' dir='ltr'><strong>seso</strong></span> <span class='ocrx_word' id='word_1_448' title='bbox 1734 4308 1875 4376; x_wconf 85' lang='lat' dir='ltr'><strong>invicem</strong></span> <span class='ocrx_word' id='word_1_449' title='bbox 1896 4298 2070 4371; x_wconf 81' lang='lat' dir='ltr'><strong>defrauda-</strong></span> 
     </span>
     <span class='ocr_line' id='line_1_40' title="bbox 448 4387 2070 4490; baseline 0.005 -29"><span class='ocrx_word' id='word_1_450' title='bbox 448 4388 665 4464; x_wconf 80' lang='lat' dir='ltr'><strong>indr&#39;viduom</strong></span> <span class='ocrx_word' id='word_1_451' title='bbox 682 4391 761 4462; x_wconf 63' lang='lat' dir='ltr'><strong>vitre</strong></span> <span class='ocrx_word' id='word_1_452' title='bbox 782 4387 1042 4484; x_wconf 73' lang='lat' dir='ltr'><strong>consuetudinem</strong></span> <span class='ocrx_word' id='word_1_453' title='bbox 1058 4392 1248 4474; x_wconf 71' lang='lat' dir='ltr'><strong>contonat,</strong></span> <span class='ocrx_word' id='word_1_454' title='bbox 1273 4421 1334 4480; x_wconf 89' lang='lat' dir='ltr'><strong>re,</strong></span> <span class='ocrx_word' id='word_1_455' title='bbox 1363 4425 1397 4467; x_wconf 68' lang='lat' dir='ltr'><strong>r:</strong></span> <span class='ocrx_word' id='word_1_456' title='bbox 1414 4398 1497 4470; x_wconf 86' lang='lat' dir='ltr'><strong>alter</strong></span> <span class='ocrx_word' id='word_1_457' title='bbox 1516 4401 1610 4471; x_wconf 89' lang='lat' dir='ltr'><strong>alteri</strong></span> <span class='ocrx_word' id='word_1_458' title='bbox 1628 4427 1752 4490; x_wconf 83' lang='lat' dir='ltr'><strong>corpus</strong></span> <span class='ocrx_word' id='word_1_459' title='bbox 1770 4401 1862 4473; x_wconf 90' lang='lat' dir='ltr'><strong>suum</strong></span> <span class='ocrx_word' id='word_1_460' title='bbox 1878 4395 2070 4469; x_wconf 84' lang='lat' dir='ltr'><strong>subtrahere</strong></span> 
     </span>
    </p>
   </div>
   <div class='ocr_carea' id='block_1_3' title="bbox 448 4486 2096 4685">
    <p class='ocr_par' dir='ltr' id='par_1_3' title="bbox 448 4486 2096 4685">
     <span class='ocr_line' id='line_1_41' title="bbox 448 4486 2071 4586; baseline 0.002 -26"><span class='ocrx_word' id='word_1_461' title='bbox 448 4487 514 4560; x_wconf 89' lang='lat' dir='ltr'><strong>boc</strong></span> <span class='ocrx_word' id='word_1_462' title='bbox 534 4490 600 4566; x_wconf 90' lang='lat' dir='ltr'><strong>est,</strong></span> <span class='ocrx_word' id='word_1_463' title='bbox 627 4490 716 4574; x_wconf 86' lang='lat' dir='ltr'><strong>quod</strong></span> <span class='ocrx_word' id='word_1_464' title='bbox 734 4511 773 4557; x_wconf 82' lang='lat' dir='ltr'><strong>ex</strong></span> <span class='ocrx_word' id='word_1_465' title='bbox 799 4486 946 4577; x_wconf 83' lang='lat' dir='ltr'><strong>legitima</strong></span> <span class='ocrx_word' id='word_1_466' title='bbox 966 4491 1027 4559; x_wconf 85' lang='lat' dir='ltr'><strong>viri</strong></span> <span class='ocrx_word' id='word_1_467' title='bbox 1051 4498 1085 4561; x_wconf 73' lang='grc' dir='ltr'><strong>δι</strong></span> <span class='ocrx_word' id='word_1_468' title='bbox 1103 4487 1251 4560; x_wconf 83' lang='lat' dir='ltr'><strong>mulieris</strong></span> <span class='ocrx_word' id='word_1_469' title='bbox 1274 4520 1478 4583; x_wconf 84' lang='lat' dir='ltr'><strong>nequaquam</strong></span> <span class='ocrx_word' id='word_1_470' title='bbox 1513 4496 1611 4586; x_wconf 83' lang='lat' dir='ltr'><strong>poffit</strong></span> <span class='ocrx_word' id='word_1_471' title='bbox 1634 4501 1688 4571; x_wconf 85' lang='lat' dir='ltr'><strong>vel</strong></span> <span class='ocrx_word' id='word_1_472' title='bbox 1714 4500 1842 4571; x_wconf 79' lang='lat' dir='ltr'><strong>debeat.</strong></span> <span class='ocrx_word' id='word_1_473' title='bbox 1895 4494 2071 4569; x_wconf 71' lang='lat' dir='ltr'><strong>Exieran-</strong></span> 
     </span>
     <span class='ocr_line' id='line_1_42' title="bbox 450 4580 2096 4685; baseline -0.003 -30"><span class='ocrx_word' id='word_1_474' title='bbox 450 4586 685 4670; x_wconf 79' lang='lat' dir='ltr'><strong>conjuoliione</strong></span> <span class='ocrx_word' id='word_1_475' title='bbox 710 4586 879 4657; x_wconf 83' lang='lat' dir='ltr'><strong>individua</strong></span> <span class='ocrx_word' id='word_1_476' title='bbox 900 4587 975 4655; x_wconf 81' lang='lat' dir='ltr'><strong>uitae</strong></span> <span class='ocrx_word' id='word_1_477' title='bbox 994 4580 1194 4656; x_wconf 86' lang='lat' dir='ltr'><strong>consuetudo</strong></span> <span class='ocrx_word' id='word_1_478' title='bbox 1214 4612 1251 4656; x_wconf 92' lang='lat' dir='ltr'><strong>o.</strong></span> <span class='ocrx_word' id='word_1_479' title='bbox 1274 4617 1347 4665; x_wconf 73' lang='lat' dir='ltr'><strong>rum</strong></span> <span class='ocrx_word' id='word_1_480' title='bbox 1374 4600 1630 4668; x_wconf 55' lang='lat' dir='ltr'><strong>communicatio</strong></span> <span class='ocrx_word' id='word_1_481' title='bbox 1659 4598 1892 4685; x_wconf 58' lang='lat' dir='ltr'><strong>complgffitur</strong></span> <span class='ocrx_word' id='word_1_482' title='bbox 1920 4617 2071 4666; x_wconf 72' lang='lat' dir='ltr'><strong>commu·</strong></span> <span class='ocrx_word' id='word_1_483' title='bbox 2094 4659 2096 4670; x_wconf 64' lang='lat'><strong>,</strong></span> 
     </span>
    </p>
   </div>
   <div class='ocr_carea' id='block_1_4' title="bbox 450 4682 2078 5180">
    <p class='ocr_par' dir='ltr' id='par_1_4' title="bbox 450 4682 2078 5180">
     <span class='ocr_line' id='line_1_43' title="bbox 450 4682 2072 4781; baseline 0.006 -29"><span class='ocrx_word' id='word_1_484' title='bbox 450 4684 556 4752; x_wconf 87' lang='lat' dir='ltr'><strong>riatur</strong></span> <span class='ocrx_word' id='word_1_485' title='bbox 577 4704 615 4750; x_wconf 87' lang='lat' dir='ltr'><strong>oc</strong></span> <span class='ocrx_word' id='word_1_486' title='bbox 640 4682 864 4755; x_wconf 88' lang='lat' dir='ltr'><strong>contrahatur.</strong></span> <span class='ocrx_word' id='word_1_487' title='bbox 916 4689 1065 4768; x_wconf 87' lang='lat' dir='ltr'><strong>itemque</strong></span> <span class='ocrx_word' id='word_1_488' title='bbox 1093 4682 1195 4756; x_wconf 86' lang='lat' dir='ltr'><strong>verba</strong></span> <span class='ocrx_word' id='word_1_489' title='bbox 1217 4687 1251 4755; x_wconf 91' lang='lat' dir='ltr'><strong>in</strong></span> <span class='ocrx_word' id='word_1_490' title='bbox 1276 4692 1409 4761; x_wconf 90' lang='lat' dir='ltr'><strong>nionem</strong></span> <span class='ocrx_word' id='word_1_491' title='bbox 1430 4697 1765 4781; x_wconf 83' lang='lat' dir='ltr'><strong>ejusdemdomicilii,</strong></span> <span class='ocrx_word' id='word_1_492' title='bbox 1789 4694 1996 4776; x_wconf 84' lang='lat' dir='ltr'><strong>facultatum,</strong></span> <span class='ocrx_word' id='word_1_493' title='bbox 2013 4690 2072 4760; x_wconf 91' lang='lat' dir='ltr'><strong>bo·</strong></span> 
     </span>
     <span class='ocr_line' id='line_1_44' title="bbox 450 4774 2073 4882; baseline 0.004 -32"><span class='ocrx_word' id='word_1_494' title='bbox 450 4776 644 4850; x_wconf 84' lang='lat' dir='ltr'><strong>definitione</strong></span> <span class='ocrx_word' id='word_1_495' title='bbox 655 4774 880 4873; x_wconf 79' lang='lat' dir='ltr'><strong>jurisconsulti</strong></span> <span class='ocrx_word' id='word_1_496' title='bbox 899 4783 1077 4850; x_wconf 79' lang='lat' dir='ltr'><strong>Modestiui</strong></span> <span class='ocrx_word' id='word_1_497' title='bbox 1091 4781 1114 4854; x_wconf 90' lang='lat' dir='ltr'><strong>l.</strong></span> <span class='ocrx_word' id='word_1_498' title='bbox 1128 4785 1253 4871; x_wconf 81' lang='lat' dir='ltr'><strong>nuptiae</strong></span> <span class='ocrx_word' id='word_1_499' title='bbox 1278 4811 1396 4859; x_wconf 85' lang='lat' dir='ltr'><strong>norum</strong></span> <span class='ocrx_word' id='word_1_500' title='bbox 1419 4802 1453 4863; x_wconf 80' lang='lat' dir='ltr'><strong>dc</strong></span> <span class='ocrx_word' id='word_1_501' title='bbox 1468 4792 1654 4874; x_wconf 88' lang='lat' dir='ltr'><strong>malorum,</strong></span> <span class='ocrx_word' id='word_1_502' title='bbox 1679 4794 1812 4865; x_wconf 83' lang='lat' dir='ltr'><strong>honoris</strong></span> <span class='ocrx_word' id='word_1_503' title='bbox 1840 4818 1878 4864; x_wconf 91' lang='lat' dir='ltr'><strong>ac</strong></span> <span class='ocrx_word' id='word_1_504' title='bbox 1902 4789 2073 4882; x_wconf 84' lang='lat' dir='ltr'><strong>diguitatis</strong></span> 
     </span>
     <span class='ocr_line' id='line_1_45' title="bbox 450 4873 2074 4987; baseline 0.007 -40"><span class='ocrx_word' id='word_1_505' title='bbox 450 4873 492 4950; x_wconf 83' lang='lat' dir='ltr'><strong>ff.</strong></span> <span class='ocrx_word' id='word_1_506' title='bbox 510 4877 618 4987; x_wconf 28' lang='lat' dir='ltr'><strong>deurit.</strong></span> <span class='ocrx_word' id='word_1_507' title='bbox 640 4896 735 4965; x_wconf 79' lang='lat' dir='ltr'><strong>nupt.</strong></span> <span class='ocrx_word' id='word_1_508' title='bbox 756 4878 844 4963; x_wconf 84' lang='lat' dir='ltr'><strong>quod</strong></span> <span class='ocrx_word' id='word_1_509' title='bbox 863 4878 985 4966; x_wconf 74' lang='lat' dir='ltr'><strong>nuptie</strong></span> <span class='ocrx_word' id='word_1_510' title='bbox 1002 4874 1063 4948; x_wconf 76' lang='lat' dir='ltr'><strong>sint</strong></span> <span class='ocrx_word' id='word_1_511' title='bbox 1083 4877 1156 4948; x_wconf 88' lang='lat' dir='ltr'><strong>talis</strong></span> <span class='ocrx_word' id='word_1_512' title='bbox 1173 4905 1254 4950; x_wconf 85' lang='lat' dir='ltr'><strong>con·</strong></span> <span class='ocrx_word' id='word_1_513' title='bbox 1279 4895 1344 4958; x_wconf 76' lang='lat' dir='ltr'><strong>occ.</strong></span> <span class='ocrx_word' id='word_1_514' title='bbox 1363 4908 1401 4957; x_wconf 88' lang='lat' dir='ltr'><strong>ut</strong></span> <span class='ocrx_word' id='word_1_515' title='bbox 1421 4913 1504 4958; x_wconf 83' lang='lat' dir='ltr'><strong>uxot</strong></span> <span class='ocrx_word' id='word_1_516' title='bbox 1520 4886 1667 4965; x_wconf 89' lang='lat' dir='ltr'><strong>coruscet</strong></span> <span class='ocrx_word' id='word_1_517' title='bbox 1686 4894 1797 4962; x_wconf 89' lang='lat' dir='ltr'><strong>mariti</strong></span> <span class='ocrx_word' id='word_1_518' title='bbox 1817 4892 1915 4962; x_wconf 89' lang='lat' dir='ltr'><strong>radiis</strong></span> <span class='ocrx_word' id='word_1_519' title='bbox 1933 4939 1944 4971; x_wconf 89' lang='lat'><strong>,</strong></span> <span class='ocrx_word' id='word_1_520' title='bbox 1968 4899 2002 4962; x_wconf 77' lang='grc' dir='ltr'><strong>δι</strong></span> <span class='ocrx_word' id='word_1_521' title='bbox 2023 4910 2074 4959; x_wconf 84' lang='lat' dir='ltr'><strong>tc·</strong></span> 
     </span>
     <span class='ocr_line' id='line_1_46' title="bbox 450 4971 2078 5086; baseline 0.007 -43"><span class='ocrx_word' id='word_1_522' title='bbox 450 4975 583 5083; x_wconf 68' lang='lat' dir='ltr'><strong>inostro</strong></span> <span class='ocrx_word' id='word_1_523' title='bbox 597 4977 696 5086; x_wconf 75' lang='lat' dir='ltr'><strong>maris</strong></span> <span class='ocrx_word' id='word_1_524' title='bbox 719 4997 757 5083; x_wconf 79' lang='lat' dir='ltr'><strong>ac</strong></span> <span class='ocrx_word' id='word_1_525' title='bbox 777 4971 946 5085; x_wconf 68' lang='lat' dir='ltr'><strong>immine,</strong></span> <span class='ocrx_word' id='word_1_526' title='bbox 969 4996 1039 5068; x_wconf 77' lang='lat' dir='ltr'><strong>que</strong></span> <span class='ocrx_word' id='word_1_527' title='bbox 1054 4974 1255 5071; x_wconf 82' lang='lat' dir='ltr'><strong>consortium</strong></span> <span class='ocrx_word' id='word_1_528' title='bbox 1280 4983 1446 5070; x_wconf 88' lang='lat' dir='ltr'><strong>liquorum</strong></span> <span class='ocrx_word' id='word_1_529' title='bbox 1468 4989 1643 5072; x_wconf 82' lang='lat' dir='ltr'><strong>omnium,</strong></span> <span class='ocrx_word' id='word_1_530' title='bbox 1670 4989 1846 5076; x_wconf 86' lang='lat' dir='ltr'><strong>dequibus</strong></span> <span class='ocrx_word' id='word_1_531' title='bbox 1868 4992 1902 5059; x_wconf 90' lang='lat' dir='ltr'><strong>in</strong></span> <span class='ocrx_word' id='word_1_532' title='bbox 1925 5009 2078 5060; x_wconf 85' lang='lat' dir='ltr'><strong>commu·</strong></span> 
     </span>
     <span class='ocr_line' id='line_1_47' title="bbox 455 5068 2077 5180; baseline 0.009 -36"><span class='ocrx_word' id='word_1_533' title='bbox 455 5092 567 5148; x_wconf 76' lang='lat' dir='ltr'><strong>omme</strong></span> <span class='ocrx_word' id='word_1_534' title='bbox 584 5082 683 5158; x_wconf 82' lang='lat' dir='ltr'><strong>vrtae,</strong></span> <span class='ocrx_word' id='word_1_535' title='bbox 707 5070 820 5144; x_wconf 80' lang='lat' dir='ltr'><strong>drornr</strong></span> <span class='ocrx_word' id='word_1_536' title='bbox 845 5068 885 5145; x_wconf 60' lang='grc' dir='ltr'><strong>ΕΞ</strong></span> <span class='ocrx_word' id='word_1_537' title='bbox 905 5069 1043 5146; x_wconf 80' lang='grc' dir='ltr'><strong>Ιιιιιιιαηὶ</strong></span> <span class='ocrx_word' id='word_1_538' title='bbox 1058 5076 1151 5173; x_wconf 83' lang='lat' dir='ltr'><strong>juris</strong></span> <span class='ocrx_word' id='word_1_539' title='bbox 1170 5100 1257 5152; x_wconf 84' lang='lat' dir='ltr'><strong>com·</strong></span> <span class='ocrx_word' id='word_1_540' title='bbox 1281 5084 1446 5155; x_wconf 86' lang='lat' dir='ltr'><strong>nicatione</strong></span> <span class='ocrx_word' id='word_1_541' title='bbox 1473 5087 1555 5171; x_wconf 85' lang='lat' dir='ltr'><strong>juris</strong></span> <span class='ocrx_word' id='word_1_542' title='bbox 1578 5084 1713 5159; x_wconf 79' lang='lat' dir='ltr'><strong>humani</strong></span> <span class='ocrx_word' id='word_1_543' title='bbox 1732 5087 1832 5178; x_wconf 80' lang='lat' dir='ltr'><strong>paulo</strong></span> <span class='ocrx_word' id='word_1_544' title='bbox 1855 5085 2004 5180; x_wconf 83' lang='lat' dir='ltr'><strong>superius</strong></span> <span class='ocrx_word' id='word_1_545' title='bbox 2028 5089 2077 5158; x_wconf 88' lang='lat' dir='ltr'><strong>di·</strong></span> 
     </span>
    </p>
   </div>
   <div class='ocr_carea' id='block_1_5' title="bbox 1992 5197 2081 5276">
    <p class='ocr_par' dir='ltr' id='par_1_5' title="bbox 1992 5197 2081 5276">
     <span class='ocr_line' id='line_1_48' title="bbox 1992 5197 2081 5276; baseline 0 0"><span class='ocrx_word' id='word_1_546' title='bbox 1992 5197 2081 5276; x_wconf 70' lang='lat' dir='ltr'><strong>stum</strong></span> 
     </span>
    </p>
   </div>
   <div class='ocr_carea' id='block_1_6' title="bbox 0 0 2467 5984">
    <p class='ocr_par' dir='ltr' id='par_1_6' title="bbox 0 0 2467 5984">
     <span class='ocr_line' id='line_1_49' title="bbox 0 0 2467 5984; baseline 0 0"><span class='ocrx_word' id='word_1_547' title='bbox 0 0 2467 5984; x_wconf 95' lang='lat' dir='ltr'><strong> </strong></span> 
     </span>
    </p>
   </div>
  </div>
 </body>
</html>
