4884 5984
400 481 448 602 57
497 535 504 540 -
570 485 646 588 'ns
699 483 926 588 susurrus
976 489 1236 618 rnoutsrrrs
1284 503 1336 580 tn
1381 501 1496 600 ΜΕ
1543 501 1725 588 otnero.
1904 515 1977 597 arr

348 697 442 782 'o'ror'e
460 709 585 782 uxoris
598 707 759 804 defensio
775 701 950 808 eonefftm
969 699 1038 804 effe,
1064 697 1144 777 false
1169 699 1299 776 Poteles
1312 701 1371 778 hb.
1381 709 1424 776 11.
1436 702 1530 793 polit.
1545 729 1640 780 ereo
1654 706 1868 796 reprehendit
1881 725 1977 782 eom·

348 805 379 877 tsi
395 804 608 896 hypothesrs,
629 831 666 878 ut
680 805 818 880 inferius
833 809 1059 912 ostendemus,
1081 822 1143 872 nee
1168 802 1360 873 munionem
1384 825 1525 874 uxorum
1542 859 1552 888 ,
1589 806 1665 891 quia
1693 803 1904 890 sequeretur,
1935 826 1976 875 ne

348 906 522 996 ategorice
543 916 579 978 ds
597 901 853 985 adseveranter,
878 901 931 1002 sed
957 900 1142 973 dubitative
1159 899 1238 998 filii
1252 897 1469 996 perentibus,
1496 897 1539 973 δ’
1557 900 1690 994 fratres
1702 899 1879 996 sororibus
1895 904 1976 999 jun·

348 999 580 1078 'ehaetitonter
600 1003 750 1073 Brentius
767 1003 985 1096 pronunciet,
1009 997 1143 1071 videtur
1166 1009 1333 1093 gerentur.
1377 995 1495 1070 Paulus
1524 996 1772 1085 jurisconsultus
1798 999 1820 1074 l.
1845 1000 1904 1072 ulr.
1930 1001 1979 1074 de

348 1095 402 1171 ule
422 1100 617 1193 eonjugium
634 1096 749 1194 Moses
759 1101 967 1196 permittere,
993 1122 1031 1169 se
1050 1095 1071 1166 fi
1089 1093 1142 1166 vel
1166 1101 1221 1173 rit.
1233 1119 1329 1186 nupt.
1340 1097 1581 1192 jere-gentium
1592 1094 1867 1195 prohibitumeffe
1879 1098 1971 1183 dicit,

348 1197 477 1269 naxime
495 1194 556 1268 hee
572 1199 606 1267 iu
622 1220 716 1287 perte
730 1195 809 1270 esset
823 1193 975 1271 dissensus
993 1200 1079 1267 inter
1094 1193 1142 1265 le·
1167 1219 1206 1267 ne
1222 1196 1298 1291 quir
1314 1217 1358 1266 ex
1377 1195 1488 1290 gradu
1503 1192 1768 1291 adscendentium
1790 1194 1830 1269 85
1846 1192 1974 1292 descen·

348 1317 413 1387 pem
435 1288 614 1366 Mosaiestn
632 1305 666 1368 δι
685 1299 941 1386 imperatorum,
969 1296 1002 1367 id
1031 1315 1141 1364 temen
1167 1291 1315 1366 dentium
1333 1316 1471 1367 uxorem
1489 1292 1599 1365 ducet.
1649 1299 1708 1386 Jus
1723 1294 1804 1369 illud
1819 1297 1974 1386 gentiam

348 1393 452 1476 tostrae
470 1415 537 1488 uon
552 1395 782 1482 prejudicaret
799 1391 983 1477 sententies
1004 1390 1143 1484 polyga-
1166 1396 1212 1463 est
1227 1387 1333 1481 ipsum
1348 1398 1401 1478 jus
1419 1414 1554 1464 naturae.
1607 1397 1831 1476 Honorius&
1861 1392 1973 1466 Theo·

348 1491 396 1563 uie
417 1491 510 1563 enim
532 1497 605 1578 iure
627 1487 762 1566 cessreo
781 1496 827 1564 eil
848 1490 1039 1583 prohibita,
1063 1488 1139 1581 lege
1167 1487 1299 1569 dofius,
1325 1490 1553 1578 imperatores,
1566 1485 1820 1580 rescripserunt,
1841 1502 1973 1578 natura

348 1583 457 1662 brensr
474 1584 619 1660 Mosaios
635 1613 675 1661 ex
691 1588 861 1681 hypothesi
877 1588 1067 1662 bellarmini
1080 1593 1139 1678 Ju·
1156 1585 1281 1682 foedus
1297 1609 1362 1657 non
1380 1588 1568 1682 permittere
1593 1584 1785 1661 concubitus
1802 1614 1874 1661 eum
1900 1611 1971 1661 mu·
1997 1625 1999 1632 ·

348 1691 409 1762 leis
426 1685 494 1760 suit
513 1683 677 1773 concessa,
705 1714 804 1777 quem
834 1710 945 1761 tumen
964 1710 1041 1758 cum
1061 1708 1141 1756 con·
1164 1684 1273 1759 tribus
1293 1680 1334 1757 s!
1349 1684 1511 1784 filiabus,
1532 1683 1652 1759 luerem
1672 1687 1730 1781 qui
1744 1690 1788 1762 C.
1807 1687 1847 1760 de
1869 1683 1969 1784 episc.

348 1791 418 1882 ugii
433 1788 636 1860 institutione
652 1789 827 1875 primevo,
855 1796 889 1860 δι
906 1784 950 1856 tic
970 1808 1048 1857 cutn
1064 1781 1141 1874 lege
1168 1780 1210 1858 ss
1221 1782 1331 1859 cleric.
1354 1788 1501 1857 Socrates
1523 1789 1610 1875 rpud
1630 1783 1888 1876 Xenophontem
1908 1783 1967 1860 lib.

348 1885 454 1961 uoreli
470 1901 622 1984 pugnare
636 1876 693 1956 suo
713 1884 787 1956 loco
803 1886 1012 1957 ostendimus.
1164 1883 1350 1974 ἅπαμνημ.
1368 1878 1505 1964 adserit,
1530 1882 1617 1954 hunc
1633 1880 1737 1978 legem
1755 1884 1791 1956 in
1807 1893 1969 1957 naturae

521 2052 528 2064 ,
655 1997 682 2072 ς.
707 1985 847 2057 CCCtt.
900 1986 950 2070 2.)
975 1985 1021 2053 Ex
1044 1976 1141 2052 hone-
1164 1980 1235 2055 diis
1247 1978 1417 2051 conditum
1437 1979 1477 2055 ft
1494 1982 1636 2080 posttom
1648 1978 1717 2077 effe,
1742 1984 1833 2064 retes
1849 1976 1970 2077 porse<
2005 2001 2011 2008 ·

348 2050 543 2216 338ξῖξῇ
586 2082 653 2186 slis
670 2077 818 2153 oliorum
834 2079 984 2175 gentium
1000 2074 1139 2182 legibus.
1163 2079 1265 2174 merei
1301 2075 1499 2176 respersisse,
1530 2073 1620 2174 perire
1644 2072 1770 2174 renidet
1806 2081 1971 2177 periuris.

594 2180 759 2283 Quamvis
777 2178 867 2249 enim
881 2180 970 2266 opud
986 2178 1143 2265 quasdem
1165 2175 1359 2251 Plutarchus
1391 2180 1425 2247 in
1454 2176 1512 2247 lib.
1547 2184 1588 2249 de
1610 2175 1689 2250 sort.
1721 2176 1816 2250 hlex.
1840 2175 1971 2262 refert,

348 2297 453 2371 genter
469 2277 626 2366 perverse
645 2272 847 2349 consuetudo
868 2273 1087 2347 contrahendi
1108 2279 1143 2346 in
1168 2273 1409 2347 Alexandrum
1436 2296 1594 2369 magnum
1611 2269 1885 2371 docuiffePerfits
1898 2294 1970 2347 rnu-

396 2371 497 2446 'dibus
523 2375 701 2464 prohibitis
730 2369 937 2459 inoleverit,
971 2394 1082 2443 tomen
1103 2398 1144 2444 er
1169 2385 1235 2448 tres
1263 2372 1430 2461 reveren,
1457 2396 1630 2469 canemque
1650 2373 1779 2470 nuptiis
1798 2373 1969 2474 obstinere.

348 2397 469 2548 lissum
485 2477 651 2564 corruptis
666 2482 700 2547 δι
714 2473 899 2560 depravatis
911 2467 1060 2542 moribus
1074 2494 1144 2542 non
1167 2468 1422 2556 Tiraquelluser
1433 2472 1579 2563 Agathio
1591 2469 1650 2542 lib.
1662 2477 1704 2544 11.
1713 2475 1755 2543 de
1768 2468 1858 2564 bello
1867 2472 1971 2548 Goth.

348 2576 385 2648 ili
400 2571 562 2672 judicium
580 2569 768 2645 faciendum
783 2573 823 2641 de
838 2569 913 2661 lege
929 2590 1072 2645 neturae,
1091 2567 1145 2663 [th
1168 2574 1283 2650 docet,
1310 2566 1401 2665 opud
1418 2566 1546 2665 priscos
1561 2564 1684 2668 Perfer
1696 2579 1764 2643 eion
1773 2555 1881 2668 striffl
1897 2591 1970 2643 rno-

348 2693 395 2744 :ut
421 2659 692 2760 liechtenopolus
712 2667 770 2740 lib.
793 2676 817 2742 1.
843 2691 914 2755 cap.
943 2674 967 2737 Ι.
992 2689 1069 2738 cum
1093 2675 1145 2756 jus
1169 2666 1330 2743 trimonio
1356 2678 1531 2763 parentum
1561 2664 1602 2748 ss
1629 2664 1807 2743 liberorum
1830 2670 1975 2768 rssttut'u.¹
2036 2761 2039 2766 Ι

348 2773 493 2866 {rentium
520 2765 717 2852 definiisset,
750 2790 813 2862 quo
834 2787 916 2859 gens
938 2763 1071 2860 etipse,
1093 2764 1146 2837 vel
1169 2771 1209 2841 Et
1230 2763 1427 2837 Plutarchus
1447 2769 1482 2838 in
1502 2770 1561 2840 vit.
1588 2770 1757 2841 hmrrerr.
1779 2788 1970 2857 memoret,

348 2855 468 2966 otique
480 2874 593 2960 gentes
612 2875 769 2945 utuntur,
791 2864 901 2954 postea
921 2855 1074 2951 subjicit,
1094 2871 1147 2934 ut·
1169 2862 1277 2961 ipsum
1286 2860 1386 2960 filios
1397 2859 1482 2958 srses
1503 2887 1626 2939 uxores
1646 2861 1775 2963 duxisse
1789 2875 1906 2938 contro
1923 2864 1970 2938 le·

348 2979 419 3067 pote
434 2960 598 3037 matribus
614 2960 817 3059 commisceri
823 2958 925 3054 ¹reperies
940 2955 1077 3054 Perses]
1092 2955 1146 3034 sed
1169 2988 1227 3059 ger
1240 2958 1419 3057 Persarum
1441 2957 1483 3034 ὃ
1509 2960 1725 3037 Graecorum·
1762 2968 1873 3056 Ergo,
1894 2988 1970 3049 que

348 3075 381 3144 'ex
395 3059 539 3139 honestis
555 3063 730 3155 gentilium
752 3060 882 3153 legibus
903 3084 979 3132 eum
995 3064 1069 3146 jure
1091 3083 1148 3134 uu·
1170 3060 1318 3150 superius
1332 3064 1375 3131 de
1393 3062 1612 3133 matrimoniis
1633 3082 1808 3148 urentem
1832 3071 1866 3134 de
1889 3059 1973 3133 libe-

348 3185 425 3242 tutre
439 3155 727 3258 ‘consentientibus
757 3171 785 3254 ς.
821 3181 894 3254 pen.
921 3161 996 3229 lnll.
1019 3155 1060 3228 te
1074 3158 1144 3251 jur.
1171 3183 1284 3232 rorum
1305 3160 1392 3247 apud
1412 3153 1521 3231 Persas
1541 3154 1599 3230 usu
1619 3162 1761 3248 receptis
1782 3183 1822 3231 ex
1842 3157 1971 3232 histori-
2085 3217 2087 3222 ,

348 3276 415 3341 not.
432 3272 522 3358 gent.
545 3254 585 3331 ss
604 3259 668 3335 civ.
688 3258 863 3347 Apostolus
888 3260 930 3328 de
950 3254 1144 3343 quibusdem
1169 3260 1215 3332 cis
1234 3254 1446 3343 scriptoribus
1462 3259 1550 3328 ditia
1565 3253 1653 3339 sunt,
1677 3260 1718 3329 de
1734 3254 1971 3332 recentioribus

348 3360 524 3462 gentilibus
539 3353 676 3436 adserit,
695 3358 784 3442 quod
800 3346 1052 3451 ἀπηλγηκότες
1066 3352 1146 3428 iou·
1169 3355 1253 3434 illis,
1279 3356 1336 3439 qui
1357 3354 1429 3440 post
1451 3350 1636 3437 Cambysen
1658 3357 1826 3435 vixerunt,
1850 3358 1897 3426 esi
1915 3381 1971 3428 ee-

348 3461 407 3550 ῃὶς
421 3447 628 3562 παρέδωκαν
648 3455 692 3551 τῇ
716 3451 889 3549 o'othpn'pe
908 3450 992 3541 Eph.
1013 3456 1069 3521 lv.
1091 3474 1145 3540 19.
1170 3453 1369 3541 cipiendum.
1420 3451 1579 3542 Virgilius
1592 3450 1650 3523 lib.
1667 3459 1726 3527 vt.
1742 3455 1869 3528 boreis
1880 3454 1969 3547 apud

348 3557 397 3634 sed
416 3556 697 3648 quemadmodum
721 3553 930 3642 prepollerae
950 3547 1085 3619 illorum
1103 3546 1147 3618 li·
1170 3547 1293 3622 inferos
1307 3546 1420 3634 puniri
1437 3549 1516 3619 dicit
1531 3573 1633 3630 eum,

348 3659 473 3730 bidioes
488 3673 554 3723 non
575 3671 731 3722 evertunt
752 3658 803 3736 jus
824 3645 971 3722 tratumle
996 3645 1146 3717 omnium
1222 3661 1230 3677 ·
1251 3641 1321 3741 Qui
1342 3642 1510 3719 statamus
1530 3657 1619 3721 notae
1636 3646 1771 3720 invadit
1790 3649 1969 3748 vetitosque
1986 3661 2003 3720 ’.

348 3742 711 3837 sordibosioscriptom
726 3751 768 3817 de
781 3747 928 3818 castitate
943 3745 1081 3819 tuende,
1102 3746 1147 3814 ita
1519 3824 1522 3830 ,
1682 3745 1876 3840 hymeneos.

348 3873 478 3944 quoque
510 3845 633 3934 nuptie
665 3848 700 3916 in
714 3873 718 3880 ·
731 3840 909 3934 prohibitis
944 3838 1101 3933 gradibus
1128 3866 1148 3912 r
1171 3834 1324 3910 Catullus
1338 3839 1373 3908 in
1380 3839 1525 3914 Gellium
1542 3843 1678 3930 impiam
1693 3868 1789 3917 secat
1803 3842 1974 3924 Persarum

348 3947 542 4041 quibusdem
565 3941 745 4035 gentilibus
765 3944 940 4012 contradite
965 3962 1032 4008 non
1055 3940 1148 4010 erin·
1171 3935 1300 4027 legem,
1325 3957 1396 4022 que
1414 3939 1490 4011 talia
1506 3943 1660 4031 conjugio
1675 3945 1855 4029 permittit:

348 4068 445 4132 cunt,
473 4049 548 4131 jure
574 4037 714 4111 naturali
744 4063 810 4110 non
837 4032 900 4111 esse
923 4035 997 4106 illos
1024 4038 1147 4126 gradus
1246 4025 1340 4106 Nam
1365 4057 1485 4132 magus
1517 4059 1562 4110 ex
1594 4048 1700 4109 matre
1735 4035 1776 4113 ss
1807 4052 1889 4114 nato
1918 4043 1974 4138 gi·

348 4139 552 4236 prohibitos,
583 4134 637 4210 sed
655 4157 770 4207 contre
790 4136 871 4223 juris
889 4131 1047 4204 naturalis
1064 4157 1150 4221 pre⁴
1580 4145 1708 4231 gnotur
1730 4150 1874 4234 oportet,

348 4239 506 4329 [criptum
521 4246 555 4310 dc
569 4257 683 4306 centro
701 4228 905 4304 conscientiae
918 4233 1082 4302 ditbrmen
1093 4254 1149 4303 eos
1256 4255 1259 4262 ’
1294 4221 1338 4300 Si
1357 4232 1436 4302 uer'u
1450 4233 1495 4330 est
1513 4229 1693 4331 Personam
1710 4234 1817 4331 impio
1830 4235 1973 4332 relligio.

348 4333 476 4417 setill'e,
505 4336 539 4408 id
554 4334 641 4421 quod
660 4333 798 4402 saniores
815 4331 975 4400 intereos
995 4351 1033 4398 es
1056 4350 1148 4398 neto.
1173 4327 1345 4399 Suetonius
1365 4327 1737 4420 inchoationum.
1757 4333 1887 4417 refert,
1912 4337 1976 4408 im·

348 4463 390 4513 re
407 4433 533 4507 lumine
547 4449 787 4521 cognoverunt.
840 4425 891 4524 a.)
912 4429 966 4497 De
983 4425 1151 4520 conjugiis
1169 4431 1357 4519 peratorem
1378 4420 1577 4512 Claudium,
1586 4429 1774 4522 foeminam
1789 4456 1855 4506 non
1869 4455 1976 4531 ogno-
2122 4495 2126 4503 .
2222 4471 2224 4481 ·

348 4539 523 4637 perehtuni
540 4525 774 4601 &liberorum
794 4525 829 4595 in
844 4524 935 4597 lineo
954 4520 1052 4596 ertio.
1078 4523 1151 4595 Plo·
1167 4517 1311 4618 stentem
1321 4520 1439 4618 filium
1452 4521 1551 4619 snum
1572 4524 1675 4600 dubio
1695 4532 1847 4629 utrinque
1871 4555 1976 4629 orgu-
2033 4585 2036 4589 -
2093 4524 2102 4556 ²

348 4629 386 4707 ro'
403 4627 464 4704 lib.
479 4634 534 4698 lv.
556 4629 597 4697 de
619 4626 683 4715 leg.
699 4619 859 4712 disputat,
884 4621 959 4693 ide'o
984 4619 1151 4710 prohibito
1175 4629 1363 4692 mentorum
1376 4620 1450 4718 fide
1469 4622 1515 4693 od
1541 4624 1764 4725 consefflonem
1788 4631 1934 4729 compuli
1959 4655 1976 4706 e

348 4728 412 4808 effe
428 4743 603 4817 parentum
617 4748 654 4794 tc
674 4722 855 4793 liberorum
877 4716 1049 4813 conjugio,
1073 4719 1152 4824 quia
1175 4715 1299 4791 indito
1320 4721 1536 4792 matrimonio
1553 4725 1713 4817 juveniss
1748 4725 1850 4817 ipsam
1873 4733 1976 4823 igitur

348 4853 393 4905 ere
414 4821 675 4919 discrepantium
696 4830 831 4893 etatum
856 4815 1082 4912 conjunsiione
1098 4818 1151 4891 ni·
1175 4840 1326 4888 notorem
1350 4842 1368 4887 e
1390 4817 1446 4887 toli
1465 4824 1622 4912 conjugio
1642 4822 1823 4900 abhorrere
1842 4827 1977 4904 censuit.

348 4927 455 5003 minim
474 4918 650 4994 imbecilles
663 4929 784 5016 portus
803 4917 1002 4995 educentur,
1030 4910 1071 4988 δ’
1089 4937 1153 5013 po·
1175 4911 1373 4987 Antoninus
1391 4912 1595 4997 Caracallo,
1621 4923 1872 5010 quinovercam
1896 4950 1978 4998 uxo·

347 5034 479 5104 rentum
502 5018 656 5116 provetiu
683 5019 757 5119 jum
784 5028 867 5089 etus
894 5008 1152 5107 adolescentulo·
1175 5039 1247 5086 rem
1275 5014 1393 5097 duxit,
1420 5025 1455 5092 or
1481 5013 1598 5098 illeso,
1630 5021 1688 5112 qui
1711 5024 1979 5114 matristupruna

348 5147 424 5207 mm
443 5117 670 5192 matrimoniis
683 5136 750 5190 non
768 5114 845 5190 tem
861 5112 1047 5188 conueniat.
1066 5116 1151 5188 hri·
1174 5108 1308 5218 intulit,
1332 5133 1399 5184 non
1416 5129 1545 5187 tentum
1560 5111 1780 5192 iuselieiffime
1794 5123 1981 5209 perierunt,

398 5215 493 5298 Tm.
520 5213 611 5293 XV.
1222 5212 1295 5283 0⁰
1589 5305 1592 5312 ¹
1865 5241 1984 5296 rerum

1668 5299 1740 5321 Ut·-
