4884 5984
528 391 617 528 ¹‹na
668 451 896 534 orionus
943 403 1204 534 riournirrs
1255 459 1310 532 nr
1335 462 1479 555 nure
1529 447 1711 540 nivino.
1776 431 1825 498 -’
1912 479 1979 562 271
2114 563 2120 574 ,
2199 547 2204 562 ,

263 645 371 751 subest
391 648 527 749 neptis,
571 650 662 749 qnod
688 651 861 727 decentius.
925 650 1027 746 Resp.
1050 650 1114 725 hoe
1137 658 1301 748 privigne
1316 599 1382 732 filia
1400 656 1599 749 prohibetur
1618 657 1745 732 nubere
1766 659 1896 731 vitrico.
1945 660 1980 731 si

264 752 406 842 quidem
424 752 573 838 evincit,
597 753 703 843 magis
728 756 883 825 indecens
907 749 970 826 esse
999 755 1114 826 matri·
1137 751 1297 827 masculus
1317 782 1384 828 non
1408 759 1516 846 potest
1536 761 1659 832 ducere
1677 759 1786 832 uxoris
1814 753 1977 842 sororem,
2101 825 2105 832 ,

268 850 421 923 nonium
445 846 505 922 filii
525 847 635 923 fratris
652 875 728 921 cum
752 853 879 932 amita,
908 852 1042 923 interim
1065 873 1112 922 ta·
1136 849 1543 939 hoced,.sororesduas,
1567 883 1601 930 v.
1628 866 1681 935 18.
1702 880 1787 947 ergo
1801 857 1874 929 due
1890 850 1979 930 soro-
2006 901 2011 908 ·

268 969 348 1023 nen
368 973 449 1021 eum
466 950 594 1022 ratione
608 950 862 1040 propinquitatis
881 945 919 1020 fit
935 951 1025 1023 idern
1036 974 1114 1041 gra·
1136 975 1189 1023 res
1203 976 1270 1024 non
1283 950 1413 1041 possunt
1427 951 1553 1025 nubere
1568 955 1624 1024 uni
1641 951 1794 1036 masculo.

270 1049 352 1128 dus,
377 1049 479 1119 etiarn
494 1050 740 1121 metrimonium
753 1045 827 1119 filiae
841 1043 952 1118 fratris
961 1072 1039 1123 eum
1056 1070 1114 1139 pe·
1222 1061 1258 1142 §.
1274 1053 1475 1125 Cchxx.
1490 1048 1513 1123 Ι
1516 1048 1584 1149 ΙΙ.)
1594 1049 1718 1125 Peoii·
1957 1119 1963 1132 .

271 1166 349 1218 uuo
367 1147 526 1218 indecens
541 1157 575 1221 dc
592 1144 798 1235 prohibitum
820 1141 883 1218 eise
903 1142 1112 1219 censendum.
1136 1144 1224 1219 bitin
1249 1148 1284 1219 in
1315 1148 1404 1220 sinen
1433 1148 1520 1222 reiin
1540 1154 1583 1249 esi
1607 1149 1719 1223 eadem
1769 1115 1844 1258 21¹5)
1870 1114 1977 1256 &⁰⁸²⁸

270 1240 429 1334 Expteffe
453 1244 665 1333 prohibitum
685 1247 732 1315 est
753 1247 805 1316 avi
827 1270 903 1314 cum
924 1267 1026 1332 nepte
1044 1247 1113 1314 m‘a·
1136 1256 1207 1317 turn
1224 1246 1260 1317 in
1289 1245 1566 1342 descendentium,
1590 1258 1659 1321 trem
1683 1252 1719 1321 in
1770 1209 1844 1340 ‘1¹:21⁰
1864 1261 1898 1336 ,ᾗ
1923 1213 1991 1338 {2⁴

271 1343 487 1424 stimonium,
513 1346 601 1431 quod
621 1368 660 1414 ex
680 1340 740 1413 hoc
755 1339 925 1431 pontificia
941 1338 1112 1430 hypothesi
1137 1342 1401 1440 adsentientinm
1418 1346 1549 1433 ordine,
1575 1347 1721 1428 horest,
1770 1356 1839 1418 nine
1853 1352 1977 1437 adsere<

268 1442 462 1522 decentius,
495 1466 595 1528 qnam
616 1442 745 1530 nepotis
764 1466 840 1511 cum
855 1442 927 1511 avia
942 1442 1114 1514 matrimo-
1137 1446 1194 1532 qui
1211 1449 1333 1535 gradus
1347 1448 1380 1516 in
1401 1446 1486 1517 linea
1503 1447 1720 1519 adscendente
1770 1434 1904 1498 ‘imm'
1938 1429 1977 1498 ΕΙ

269 1540 391 1625 nium,
427 1543 516 1629 quod
541 1564 608 1612 non
634 1542 681 1612 est
704 1534 851 1628 expresse
878 1537 1111 1629 prohibitum,
1138 1541 1357 1630 prohibetur,
1384 1547 1473 1615 idem
1492 1548 1591 1617 etiam
1612 1548 1644 1615 in
1659 1547 1718 1618 de·
1789 1512 1960 1653 d-‘sffmn’

267 1661 337 1725 qus
350 1639 395 1732 de
408 1662 445 1710 re
465 1640 499 1710 in
519 1639 669 1711 examine
692 1657 965 1729 argumentorum
992 1634 1114 1709 Bellat·
1138 1635 1724 1734 scendenteprohibitusintelligitur,
1847 1613 1922 1722 'im’

231 1753 237 1764 “
268 1736 356 1809 mini
369 1735 468 1829 plura
488 1738 640 1811 dicentur
652 1735 799 1808 inferius.
1138 1763 1202 1827 qua
1215 1737 1292 1830 lege
1316 1762 1470 1820 tenentur
1491 1738 1722 1813 adscendentes
1742 1767 1823 1835 erga
1841 1740 1982 1835 inferio⁴

267 1897 484 1977 mmm}-
605 1827 1207 1925 §.ccexx1x.11.)Pr0ni-res‚
1248 1841 1361 1910 eadem
1384 1860 1540 1909 tenentur
1557 1834 1790 1911 descendentes
1820 1866 1901 1931 erga
1918 1839 1979 1935 su·

231 1962 237 1972 ’
292 1981 473 2066 tionesjnni
593 2036 600 2052 .
777 2033 784 2047 .
1021 2031 1029 2046 .
1292 2037 1298 2051 .
1713 2039 1721 2053 .
1937 2038 1944 2052 .

294 2064 476 2146 mmm,
533 2056 710 2122 reciproco
732 2055 821 2104 enim
846 2053 933 2102 mter
956 2054 1115 2129 conjuges
1140 2037 1177 2109 δι
1210 2054 1265 2125 ¹7·
1290 2056 1376 2106 inter
1405 2031 1437 2108 se
1465 2058 1581 2107 mutuo
1611 2033 1779 2136 collatis(
1812 2041 1864 2108 Ut
1892 2059 1983 2108 enrnt

535 2127 686 2221 respedbu
703 2129 957 2215 mulier‚quant
970 2153 1034 2221 ego
1047 2154 1116 2199 nou
1139 2135 1174 2203 in
1210 2134 1323 2221 priore
1370 2130 1531 2205 vesicula
1567 2131 1764 2221 prohibetur
1802 2136 1982 2225 privignus

272 2220 415 2315 possum.
434 2228 580 2309 ducere,
615 2229 671 2300 iila
690 2232 790 2301 etiam
814 2226 897 2298 mihi
922 2251 990 2298 non
1009 2228 1116 2317 potest
1139 2234 1262 2301 ducere
1282 2226 1371 2301 suam
1385 2254 1583 2315 novercam,
1605 2255 1677 2318 quae
1699 2228 1757 2321 ipss
1773 2234 1820 2304 est
1842 2234 1876 2303 in
1894 2233 1981 2304 linea

272 2321 412 2420 nubere.
449 2330 680 2417 Hotousannus
692 2331 733 2401 de
747 2328 823 2398 cast.
837 2346 932 2414 nupt.
948 2342 1020 2414 cap.
1032 2322 1113 2396 VH.
1140 2325 1353 2423 adscendente
1365 2329 1477 2423 prino
1499 2328 1692 2427 adfinitatis
1710 2331 1821 2425 gradu
1843 2340 1983 2419 conjun-

274 2419 359 2494 ittne
373 2421 527 2514 regulam
543 2423 588 2497 fic
608 2426 725 2499 effert:
772 2422 1041 2520 Propinquorum
1056 2444 1115 2494 no·
1139 2430 1211 2517 dia,
1235 2424 1278 2497 hc
1293 2430 1325 2496 in
1344 2429 1524 2517 posteriore
1542 2424 1703 2500 verficuio
1717 2426 1917 2518 prohibetur
1933 2427 1982 2499 vi-

272 2513 640 2620 eninnreioriunsnnt,
663 2546 762 2620 neque
775 2522 917 2596 aiterum
944 2524 1115 2596 enealteeo
1140 2527 1242 2596 tricus
1262 2529 1384 2597 ducere
1401 2520 1490 2596 suam
1507 2528 1717 2616 privignam,
1744 2549 1817 2615 quae
1839 2528 1875 2597 in
1895 2525 1982 2598 linea

534 1931 677 2006 bitioner
695 1929 780 2029 stent
806 1930 996 2047 reciproce.
1068 1935 1114 2003 Ex
1138 1936 1296 2032 periores.
1361 1940 1551 2010 Deducitur
1578 1935 1648 2008 hnc
1673 1937 1790 2027 regula
1815 1964 1865 2010 ex.
1890 1966 1923 2011 v.
1947 1949 1981 2021 8.
2104 1936 2120 1952 '

273 2618 487 2716 intelligitur.
561 2622 769 2696 Correlativa
798 2646 909 2693 autent
939 2617 970 2692 se
999 2642 1116 2696 mutuo
1140 2620 1347 2719 descendente
1368 2624 1483 2721 prino
1513 2622 1708 2721 adfinitatis
1740 2621 1853 2720 gradu
1872 2625 1982 2697 eidem
2100 2682 2140 2722 ,1

272 2729 457 2809 ponunt&
477 2717 616 2801 tollunt,
639 2718 872 2811 &prohibitio
888 2718 974 2792 sada
988 2723 1114 2799 inuno,
1141 2725 1328 2809 camundis.
1391 2724 1541 2811 Adparet
1563 2724 1663 2794 etiam
1689 2720 1858 2795 manifesta
1882 2719 1981 2810 hujus
2101 2751 2104 2758 ·

243 2817 427 2893 ,καίεται-
451 2820 554 2911 etiarn
588 2814 675 2893 sadda
695 2822 729 2890 in
756 2815 820 2891 alio
846 2844 918 2909 arg.
945 2818 968 2890 l.
993 2817 1049 2891 fin.
1075 2817 1115 2890 de
1138 2818 1262 2911 teguiae
1277 2821 1361 2890 ratio
1382 2843 1422 2891 ex
1445 2823 1567 2912 gradus
1586 2819 1791 2907 etqualitate,
1813 2821 1982 2908 quoenim
2039 2827 2044 2842 '

242 2969 245 2974 -
275 2915 467 3015 decepissent.
525 2919 713 2990 Deducitur
733 2916 805 2988 haec
829 2913 944 3007 regula
968 2940 1009 2987 ex
1029 2921 1061 2991 ri.
1080 2925 1115 2991 6.
1137 2919 1245 3009 gradu
1266 2915 1440 2989 inferiores
1462 2942 1480 2991 a
1500 2914 1724 3005 superioribus
1747 2919 1865 2989 distant
1889 2919 1924 2988 in
1940 2916 1982 2987 li-

274 3037 369 3090 nenro
392 3014 592 3088 unicornem
622 3010 825 3109 earnissuae
852 3012 1012 3101 accedat,
1046 3023 1114 3103 jam
1138 3039 1199 3086 nea
1218 3013 1454 3102 adscendente,
1481 3019 1599 3089 eodem
1615 3018 1722 3106 gradu
1738 3010 1921 3104 superiores
1937 3012 1981 3096 ab
2043 3057 2045 3061 -
2095 3099 2100 3116 1

274 3139 356 3189 vero
374 3109 518 3190 accessus
539 3113 596 3186 ilie
607 3113 803 3205 prohibitus
824 3112 970 3186 versertur
989 3114 1030 3184 ad
1051 3113 1115 3184 mi·
1138 3111 1350 3184 inferioribus
1371 3112 1490 3185 distant
1508 3116 1543 3184 in
1562 3111 1647 3183 linea
1667 3109 1894 3186 descendente.
1929 3114 1982 3186 Sic

274 3214 403 3286 niueum
415 3214 503 3285 inter
519 3214 598 3284 duas
614 3209 767 3303 personas
781 3213 1029 3302 propinquitate
1041 3235 1112 3282 car·
1137 3233 1202 3302 ego
1226 3206 1312 3280 filius
1333 3235 1401 3280 non
1424 3212 1529 3284 debeo
1559 3213 1681 3284 ducere
1710 3232 1872 3292 matrem,
1896 3238 1929 3282 v.
1944 3232 1979 3302 7.

274 3303 325 3383 nis
343 3308 405 3382 fibi
420 3317 488 3402 jem
500 3330 581 3381 aute
597 3315 806 3400 conjuntias,
828 3312 915 3380 inter
935 3305 1114 3381 masculum
1130 3332 1220 3399 ergo
1242 3332 1303 3381 nee
1316 3307 1399 3378 mihi
1418 3310 1506 3397 patri
1525 3306 1625 3379 debet
1641 3307 1767 3383 nubere
1782 3307 1860 3383 filia.
1908 3310 1982 3381 No·

276 3405 401 3483 seilicet
414 3432 454 3481 ae
475 3404 658 3482 faeminam.
710 3410 761 3483 Sic
777 3409 853 3495 quia
867 3403 935 3478 filia
954 3432 1021 3479 non
1038 3428 1112 3497 pot·
1138 3430 1236 3477 verca
1258 3403 1458 3494 prohibetur
1482 3407 1657 3497 privigno,
1688 3435 1720 3481 t.
1744 3423 1775 3492 8.
1807 3432 1891 3498 ergo
1912 3408 1983 3494 pri·

231 3581 234 3588 ,
273 3508 321 3583 est
336 3504 466 3581 nubere
490 3508 594 3595 patri,
626 3536 660 3581 v.
675 3533 707 3593 7.
734 3508 780 3577 ita
807 3528 869 3577 nec
888 3527 984 3593 pater
1006 3507 1114 3594 potest
1139 3505 1238 3595 vigne
1264 3501 1463 3593 prohibetur
1490 3505 1619 3577 vitrico.
1681 3506 1755 3596 dvo
1778 3502 1979 3593 prohibetur

275 3609 399 3680 dueeie
409 3602 524 3678 filiam.
571 3608 604 3679 Si
618 3602 721 3678 freter
733 3628 800 3675 non
814 3599 913 3676 debet
924 3606 1046 3674 ducere
1060 3596 1111 3674 so·
1136 3603 1261 3691 neptis,
1279 3629 1312 3674 v.
1334 3622 1386 3672 10.
1403 3625 1485 3692 ergo
1504 3610 1537 3674 de
1553 3602 1665 3689 nepoti
1681 3598 1881 3690 prohibetur
1893 3603 1978 3674 avis.
2026 3599 2028 3604 ’

274 3728 409 3792 tarem,
436 3732 471 3778 v.
485 3730 520 3789 9.
543 3728 625 3796 ergo
647 3729 709 3776 nec
737 3698 830 3774 soror
859 3700 959 3773 debet
985 3698 1112 3772 nubere
1187 3702 1221 3782 s.
1248 3699 1463 3772 CCLXXXI.
1491 3695 1519 3769 I
1522 3696 1720 3795 V.)Proiti·
1770 3762 1786 3828 Ι
1870 3763 1915 3827 Ρ,
1933 3762 1966 3827 h,

259 3799 381 3877 sceeri.
436 3803 468 3874 Si
482 3802 638 3893 priuigno
653 3798 852 3892 prohibetur
864 3823 1024 3879 noverca,
1043 3814 1112 3883 v.8.
1137 3794 1224 3871 bitin
1241 3794 1468 3891 compieiiitur
1480 3805 1652 3893 utramque
1663 3824 1722 3895 ge·
1772 3763 1981 3907 bxgwffl'

273 3923 434 3994 mgooee
452 3923 594 3972 noverca
608 3903 713 3990 potest
731 3889 857 3970 nubere
873 3899 1040 3988 privigno.
1080 3898 1113 3969 Si
1138 3920 1199 3969 nter
1208 3895 1492 3992 propinquitatis,
1497 3897 1569 3995 stne
1578 3921 1622 3969 ex
1632 3908 1718 3972 aero-
1770 3923 1862 3989 prem
1905 3864 1979 4006 pho.

275 4024 357 4075 erue
372 4022 441 4072 non
460 4000 567 4087 potest
584 4003 706 4071 ducere
719 4018 876 4084 neptem,
900 4019 933 4066 v.
957 4017 1008 4069 ro.
1031 4018 1113 4085 ergo
1139 4017 1210 4090 qne,
1222 3995 1337 4087 fiueex
1348 3993 1511 4087 alterutro
1521 4005 1651 4069 tantum
1656 4021 1721 4092 pn·
1775 4005 1979 4086 pirepeieenem
2008 3989 2012 3998 '

273 4100 374 4173 etiam
392 4100 501 4187 neptis
521 4111 587 4169 non
605 4100 712 4187 potest
730 4094 855 4167 nubere
876 4116 948 4166 tvo.
1001 4094 1034 4165 Si
1050 4089 1114 4164 sta·
1140 4104 1229 4166 cente
1245 4093 1409 4187 originem
1431 4093 1556 4167 troitus.
1608 4099 1724 4167 Dedu-
1771 4101 1811 4144 ’κ
1833 4084 1981 4145 “dmm
2114 4141 2117 4148 -

275 4199 336 4268 tris
350 4192 438 4270 filios
458 4221 529 4268 non
544 4198 651 4285 potest
672 4199 793 4271 ducere
816 4194 972 4277 amitam,
998 4184 1115 4262 sorotis
1140 4194 1227 4264 citur
1270 4190 1340 4262 haee
1382 4191 1498 4280 regula
1537 4217 1578 4264 en
1618 4218 1651 4264 v.
1686 4217 1720 4287 9.
1768 4163 1979 4319 zffnffaemssss}

274 4291 364 4368 filius
386 4317 456 4366 noe
474 4297 580 4387 potest
604 4298 725 4366 ducere
748 4312 978 4375 materteram,
1008 4315 1040 4362 v.
1061 4310 1115 4360 tn.
1142 4285 1723 4385 Medieoeemsororisconfident·
1840 4324 1914 4380 pam,

277 4413 335 4484 13.
354 4417 439 4484 ergo
456 4396 555 4466 etiam
568 4396 681 4474 amita,
700 4391 754 4464 vel
766 4411 941 4463 matertera
957 4412 1024 4459 non
1040 4407 1117 4473 pot·
1141 4379 1205 4461 tris
1233 4388 1293 4473 tui,
1317 4386 1371 4459 vei
1392 4385 1483 4484 filie
1503 4387 1623 4459 marris
1646 4396 1723 4473 tuae,
1946 4473 1972 4490 ι.

274 4490 606 4579 chothacharii,
631 4489 683 4562 vel
708 4487 825 4561 sororis
846 4487 924 4559 hlio.
977 4488 1009 4557 Si
1027 4480 1117 4555 socer
1131 4510 1206 4571 ‘non
1222 4483 1385 4559 revelabis
1392 4510 1405 4566 ,·
1435 4484 1492 4556 ubi
1509 4483 1707 4575 prohibetur
1721 4479 1833 4575 soror,
1855 4489 1921 4566 five
1941 4518 1982 4568 ex

274 4613 345 4662 nau
362 4592 470 4679 potest
489 4596 610 4662 ducere
632 4616 771 4674 nurum,
797 4616 828 4660 v.
851 4608 903 4679 15.
922 4585 1117 4675 ergoetiam
1142 4608 1283 4672 utroque
1303 4582 1499 4674 perentesrt
1521 4582 1631 4666 soror,
1665 4587 1775 4675 idest,
1801 4616 1983 4683 germina,
2017 4641 2019 4645 -

274 4712 381 4760 nurus
409 4713 476 4761 non
501 4692 608 4778 potest
636 4689 762 4761 nubere
788 4682 908 4758 socero.
962 4684 994 4756 si
1015 4678 1118 4753 frater
1142 4682 1209 4756 sive
1225 4709 1264 4756 ex
1281 4680 1442 4754 alterutro
1465 4703 1592 4754 tentum
1607 4708 1744 4772 patente
1763 4684 1854 4762 soror
1876 4688 1929 4773 stt,
1946 4691 1982 4762 id

276 4811 348 4859 nnn
363 4792 470 4875 potest
488 4792 611 4861 ducere
626 4785 797 4867 startiam,
825 4814 856 4856 v.
883 4791 932 4858 ¹6.
955 4806 1037 4873 ergo
1058 4804 1118 4851 nec
1142 4784 1199 4869 est,
1218 4779 1271 4851 vel
1287 4803 1415 4871 agnata,
1432 4778 1484 4854 vel
1500 4784 1638 4854 uterina.
1690 4786 1982 4877 Ergoetiarhteli-
2099 4777 2109 4794 ⁸
2170 4802 2173 4810 '

275 4881 394 4958 fratria
422 4881 680 4976 potest'nubere
710 4888 819 4956 mariti
845 4879 889 4952 sui
918 4878 1022 4951 fratri.
1086 4880 1119 4951 Si
1143 4907 1214 4968 quae
1228 4881 1490 4968 propinquitates
1507 4879 1684 4968 prohibite
1701 4880 1775 4956 sunt
1790 4879 1979 4966 censendae,

276 4985 413 5062 vitricus
431 5011 498 5058 non
514 4988 620 5077 potest
638 4990 758 5056 ducere
773 4985 976 5074 privignam,
990 4976 1116 5066 velpri-
1145 4978 1208 5050 stre
1230 4978 1378 5047 oriuntur
1397 5001 1435 5048 ex
1457 5003 1595 5064 utroque
1617 5004 1767 5064 parente,
1787 4980 1851 5054 sive
1877 5008 1917 5054 ex
1936 4980 1983 5051 al·

276 5086 388 5186 tigne
407 5081 532 5167 filiam,
556 5107 650 5182 v.17.
671 5108 754 5177 ergo
772 5074 1120 5186 rtiem'privignmrel
1144 5098 1273 5152 terutto
1290 5096 1429 5147 tantum.
1490 5076 1542 5149 Sic
1560 5098 1641 5171 ergo
1657 5077 1983 5247 fiprohibetursmf·
2068 5103 2073 5112 ·

1456 5217 1458 5222 ·
1904 5201 1982 5255 cuo
