4884 5984
354 530 428 620 ana
445 563 450 613 :
722 504 872 588 tocrt
895 508 1020 612 xxvi.
1069 509 1226 585 cuttu.
1277 511 1422 581 uana.
1440 510 1467 581 t.
1520 463 1629 583 nur.
1644 512 1687 579 n.
1794 471 1806 541 ⁷

360 705 416 788 sed
453 732 558 786 uuum
584 704 768 807 masculum
797 701 839 780 ΕΞ
867 731 970 792 unum
992 707 1187 806 summam.
1211 704 1437 781 Manuxtx.
1460 702 1578 777 Polcre
1588 704 1813 792 Tertullianus
1832 701 1938 778 iulibt

360 799 511 904 Atqui‘fi
540 814 636 901 Deus
663 804 841 893 voluisset,
869 812 1122 897 matrimonium
1142 802 1187 881 es·
1211 804 1375 877 exhortat.
1397 806 1498 876 tastit.
1518 829 1590 893 cap.
1599 811 1640 888 V!
1662 805 1696 878 in
1716 801 1902 897 principio:

361 904 396 982 se
425 909 521 998 unius
551 934 628 980 cum
658 905 795 989 multis,
825 899 966 981 'errasset
996 932 1063 981 non
1087 931 1187 979 unam
1215 895 1313 1000 ΠιιιιΙ
1331 904 1495 976 hominem
1507 901 1704 1003 figuruffit,
1732 907 1822 1001 eique
1840 926 1938 1000 purat

364 1026 505 1091 tantum,
524 1002 579 1086 sed
603 1005 718 1098 ploret
741 1003 916 1098 foeminas,
938 1032 1018 1097 quaa
1042 999 1188 1079 Adamtts
1213 998 1385 1099 cestarium
1401 1000 1641 1099 prosprxiffet,
1666 1003 1824 1076 arumde
1850 1002 1938 1101 coslir

266 1142 269 1148 ·
361 1108 578 1194 matrimonio
605 1103 666 1180 libi
693 1112 900 1197 conjungere
929 1103 1105 1195 potatuan
1127 1128 1186 1177 ne·
1213 1113 1402 1192 mutuatus,
1428 1125 1527 1174 unum
1543 1103 1595 1176 illi
1603 1102 1784 1196 summanr
1798 1103 1930 1200 finxit,

255 1286 258 1289 ,
363 1230 428 1296 que
452 1206 541 1279 enim
561 1226 695 1296 poterat
713 1206 862 1276 Adamus
888 1204 1012 1278 habere
1034 1215 1184 1283 uxorem,
1209 1205 1321 1298 utique
1341 1226 1397 1274 ner
1418 1200 1572 1295 artifex,
1594 1226 1652 1274 nec
1669 1206 1810 1275 materia
1840 1200 1938 1293 defer:

364 1302 424 1382 nili
452 1328 525 1393 quae
559 1329 637 1378 euru
666 1299 727 1373 illo
758 1299 869 1375 fuisset
901 1330 921 1376 a
954 1307 1031 1377 Deo
1054 1325 1183 1382 creata,
1211 1301 1328 1402 plures
1359 1303 1453 1402 roflae
1487 1301 1523 1373 in
1560 1298 1680 1375 Adam
1712 1298 1754 1376 65
1790 1300 1938 1397 insutigt

364 1403 525 1498 siquidem
543 1403 677 1495 penitas
696 1424 865 1493 repugnat
886 1421 1030 1487 natutae,
1063 1420 1100 1475 ut
1125 1426 1185 1490 pa·
1210 1422 1330 1476 munus
1351 1400 1387 1473 in
1411 1398 1499 1486 Deo,
1501 1398 1565 1496 sed
1581 1424 1646 1474 non
1664 1400 1780 1500 plures
1795 1414 1918 1475 uxores

365 1527 418 1586 ter
442 1505 542 1592 ducat
564 1498 694 1592 filiam,
712 1497 767 1572 vel
801 1522 949 1594 neptem.
998 1501 1057 1598 ι.)
1081 1500 1184 1594 Quod
1214 1497 1336 1575 Deum.
1389 1497 1938 1592 duplicatquidemilluoTenulI

296 1683 300 1689 ,
365 1604 425 1677 utri
447 1603 521 1677 viro
537 1623 605 1672 non
625 1596 797 1696 copularit
818 1599 932 1691 plures
953 1595 1187 1690 foeminar‚sed
1212 1603 1254 1674 ad
1270 1603 1485 1673 evertendam
1500 1603 1648 1688 priorem
1667 1601 1866 1690 pougamiae
1886 1594 1938 1688 spe

368 1726 469 1775 unam
491 1721 621 1772 tantum
638 1694 822 1772 soeminam.
875 1703 1022 1792 ignotius
1041 1702 1076 1771 in
1094 1697 1188 1789 epist.
1214 1700 1398 1796 improprie
1420 1696 1463 1770 stc
1484 1698 1630 1778 didam,
1648 1697 1859 1795 succeffiuum
1881 1694 1936 1768 scil

365 1806 407 1875 ad
425 1796 582 1872 Antioeh.
640 1794 720 1873 Una
737 1796 798 1870 urrr'
815 1797 905 1880 uiro,
919 1797 1112 1898 nortplurrr
1129 1795 1190 1869 do·
1215 1797 1270 1874 sed
1295 1793 1432 1879 vitiose,
1461 1820 1498 1867 ut
1526 1794 1674 1889 superius
1696 1798 1917 1877 ostendimus3

368 1911 413 1975 tae
433 1896 518 1996 suut
548 1896 748 1970 inexorata
774 1907 946 1974 creature.
1001 1899 1054 1992 3.)
1086 1897 1190 1991 Quod
1215 1901 1281 1971 rim
1295 1920 1414 1971 contra
1431 1894 1569 1969 alteram
1587 1894 1784 1988 polygamiae
1798 1891 1938 1985 speeiem

358 2002 404 2071 ‘in
419 1995 698 2096 promulgatione
719 1994 804 2089 legis
829 1995 1083 2071 matrimonialis
1106 1996 1192 2067 dici·
1210 1999 1288 2096 prie
1309 1998 1351 2069 fic
1368 1999 1512 2086 dietam,
1551 2001 1644 2069 redte
1663 2008 1698 2072 &
1718 1997 1937 2086 conveniente

369 2121 443 2171 tut:
486 2094 666 2191 Relinqurt
692 2096 749 2168 uir
774 2106 905 2192 putrem
927 2095 1029 2195 strum
1057 2091 1099 2168 si
1121 2114 1192 2166 mu·
1215 2098 1334 2190 plicari
1348 2098 1465 2183 potest.

369 2211 454 2272 arem
470 2194 591 2295 suum,
617 2191 658 2270 8
688 2193 893 2280 adherebit,
917 2219 984 2270 non
1006 2193 1190 2298 uxoribus,
1280 2207 1313 2289 ς.
1333 2198 1471 2269 CCVII.
1488 2190 1777 2282 ExcipitOebinus
1833 2238 1938 2321 Em

368 2292 424 2371 sed
441 2291 628 2392 uxorisuae
645 2296 805 2368 diuinitas
825 2292 885 2368 srbi
903 2320 965 2386 per
983 2294 1191 2368 matrimoni·
1218 2298 1253 2367 in
1276 2295 1354 2367 dial.
1380 2319 1443 2386 pto
1464 2292 1632 2384 polygaxn.
1656 2303 1691 2367 dr
1707 2302 1778 2381 ejur
1877 2320 1936 2383 Ocu

371 2422 429 2469 uua
458 2395 631 2484 copulata.
682 2401 737 2488 4.)
760 2394 864 2487 Quod
891 2389 1011 2467 diserte
1043 2396 1193 2477 additur,
1219 2390 1354 2467 adseclae
1389 2391 1439 2489 1.)
1465 2391 1680 2465 Vocabulum
1709 2398 1777 2464 duo

369 2505 469 2569 erunt
496 2495 532 2567 in
558 2516 657 2565 curor
679 2515 766 2577 urta,
793 2494 884 2580 quud
900 2492 1052 2566 Christus
1071 2491 1192 2565 Matth.
1219 2516 1285 2565 nun
1311 2487 1370 2589 effe
1399 2493 1435 2564 in
1459 2502 1554 2564 textu
1574 2490 1743 2585 Mosaico.
1770 2487 1936 2591 Respoeh

371 2598 466 2668 XIX.
480 2621 509 2684 5.
534 2589 577 2662 stc
600 2587 762 2679 explieat,
784 2602 881 2665 erunt
901 2591 930 2668 o‘r
955 2584 1033 2670 Ilo,
1052 2589 1104 2663 illi
1128 2591 1195 2663 duo
1220 2591 1444 2666 Mannum.
1458 2614 1488 2673 ς.
1514 2597 1620 2664 Marc.
1631 2600 1672 2665 X.
1685 2607 1716 2678 8.
1744 2601 1778 2666 &
1792 2585 1911 2667 Paulus
1933 2619 1938 2664 x

372 2692 410 2767 r‘rt
442 2714 573 2764 curnem
600 2710 721 2775 unum,
756 2714 828 2777 qua
852 2689 1030 2779 explicatio
1057 2714 1097 2763 er
1120 2690 1195 2780 ipsis
1221 2699 1279 2764 VI.
1296 2706 1349 2766 ιε.
1369 2685 1608 2780 Ephesv.3t.
1632 2694 1665 2761 in
1681 2692 1789 2781 prima
1816 2694 1938 2784 conjug

372 2787 552 2865 uisceribus
586 2810 693 2861 textus
722 2787 858 2861 Mosaici
891 2790 1046 2869 eruitur,
1087 2815 1194 2877 neque
1220 2794 1388 2864 Ilitutione
1409 2790 1492 2862 illud
1512 2792 1674 2861 contineri
1694 2791 1841 2876 expresse
1866 2795 1938 2863 tella

373 2893 463 2965 enim
492 2912 572 2961 tunc
598 2886 713 2976 plures
744 2909 858 2967 erunt,
878 2911 977 2976 quum
1005 2892 1094 2968 duo,
1125 2914 1195 2959 mas
1220 2889 1340 2978 quibus
1368 2914 1444 2960 cum
1462 2888 1616 2960 Ochiuus
1641 2893 1763 2976 apertis
1793 2893 1881 2961 tibiis
1905 2916 1938 2960 ct

375 2987 499 3062 scilicet
517 3013 601 3059 unus
620 2994 652 3058 &
675 2982 812 3057 foemina
836 3012 920 3071 una,
946 2979 1194 3075 proinde‘quod
1221 2994 1332 3067 dicat,
1358 2989 1604 3059 rutichrissiono
1624 2984 1740 3076 spiritu
1761 2985 1793 3061 se
1818 2992 1935 3081 agitari

376 3084 492 3162 Genus.
509 3093 550 3157 ll.
567 3109 623 3175 ιι.
648 3079 817 3172 sequitur,
841 3100 937 3157 erunt
961 3083 1026 3157 duo
1055 3084 1123 3170 illi,
1137 3085 1197 3181 seu
1223 3090 1288 3160 bat.
1342 3090 1544 3159 Continetur
1575 3110 1685 3157 autem
1713 3088 1821 3169 itast
1851 3114 1916 3158 non

377 3186 476 3262 ambo
498 3182 569 3268 isli,
594 3181 693 3267 nudi,
714 3187 779 3251 hoc
798 3182 948 3257 Christus
969 3183 1074 3255 refert
1099 3187 1198 3256 etiam
1222 3184 1343 3283 ῥητὸν,
1378 3209 1489 3258 tamen
1516 3183 1614 3259 κατιὶ
1645 3188 1828 3289 πρᾶγμα,
1854 3189 1929 3272 quit

375 3290 418 3359 ad
434 3286 681 3376 precedentem
695 3277 900 3354 sententium.
954 3280 1198 3355 Eleruntduo
1223 3308 1363 3374 propter
1402 3288 1533 3375 generis
1580 3284 1713 3354 humani
1761 3288 1935 3376 propagati

377 3386 415 3459 in
446 3405 579 3456 carnem
613 3403 741 3459 urtam,
774 3406 812 3452 ac
846 3384 981 3472 majoris
1007 3378 1199 3473 emphaseos
1223 3383 1436 3455 multitudine
1461 3407 1601 3453 uxorum
1631 3388 1773 3456 maxime
1798 3412 1881 3474 opus
1905 3388 1938 3455 vi

379 3479 474 3559 eausa
487 3482 579 3554 addit
591 3478 769 3552 articulum
783 3472 964 3566 &drudro
981 3480 1049 3567 illi,
1066 3479 1200 3569 subjun·
1226 3505 1297 3565 tut,
1323 3488 1413 3554 Deus
1434 3503 1545 3553 tamen
1569 3508 1668 3552 unam
1686 3487 1842 3555 duntaxat
1860 3483 1937 3554 mul,

348 3626 350 3632 ι
379 3609 462 3676 gens
479 3580 663 3655 illationem
677 3572 880 3651 adversativa
899 3577 1104 3669 oppositione
1120 3606 1199 3652 coo·
1225 3582 1404 3661 formavit,
1428 3580 1605 3654 formatum
1634 3609 1731 3653 unam
1759 3585 1912 3654 univiro
1936 3623 1937 3627 =

379 3686 545 3757 stantem:
588 3674 708 3775 Itaque
721 3674 798 3776 jum
824 3700 890 3748 nort
909 3679 994 3774 sunt
1022 3678 1111 3766 duo,
1138 3677 1201 3775 sed
1226 3685 1272 3752 xit
1289 3736 1312 3765 ‚.
1329 3685 1503 3752 adduliam
1534 3707 1633 3751 unum
1662 3684 1718 3751 uni
1748 3685 1820 3753 viro
1848 3705 1933 3768 copu

381 3804 449 3856 unu
482 3802 563 3855 caro
595 3806 628 3849 ν.
641 3788 673 3852 6.
732 3774 903 3848 Habemus
936 3803 1019 3870 ergo
1056 3784 1199 3850 duorum
1225 3780 1386 3868 copulatis
1420 3780 1611 3862 benedixit,
1649 3793 1683 3853 δι
1708 3781 1770 3851 hac
1799 3781 1927 3850 ratione

380 3885 541 3955 duntaxat
572 3877 802 3954 creationem,
842 3878 987 3947 duorum
1018 3877 1200 3967 copulatio·
1226 3901 1356 3951 tuntum
1371 3881 1405 3948 in
1423 3904 1556 3949 curnem
1575 3904 1673 3949 unam
1691 3882 1880 3969 conjunxit,
1900 3901 1936 3947 ut

380 4004 479 4064 nem,
503 3979 650 4049 duorum
664 3996 813 4046 mutuam
834 3972 1052 4050 adhaefiooem
1066 3981 1200 4048 arduo.
1227 3981 1410 4049 tetmittam
1432 3975 1539 4058 illud,
1571 3983 1659 4065 quod
1682 4009 1712 4050 v.
1732 4003 1787 4067 25.
1811 3976 1937 4067 exprell

379 4104 457 4152 rum
477 4077 512 4147 in
537 4098 601 4149 una
619 4099 719 4147 carue
742 4076 1030 4160 conjunctionem,
1066 4101 1105 4148 ex
1128 4078 1201 4162 qui·
1227 4079 1338 4163 ditur,
1362 4087 1458 4150 erunt
1483 4088 1592 4149 aulem
1610 4077 1675 4149 duo
1701 4077 1753 4150 illi
1775 4077 1841 4150 slve
1862 4077 1938 4147 amb

295 4199 298 4204 ·
381 4178 443 4250 bus
469 4196 612 4266 quatuor
639 4172 800 4250 membris
833 4166 976 4244 nascitur
1003 4174 1068 4247 tale
1101 4200 1201 4265 argu.
1226 4174 1274 4247 di.
1329 4181 1376 4261 2.)
1394 4172 1437 4248 Si
1454 4175 1594 4249 duorum
1608 4174 1758 4274 expregffu
1776 4178 1898 4249 oruntio
1914 4200 1937 4247 o,

381 4299 545 4350 mentum.
605 4274 709 4366 Quod
744 4271 885 4359 requirit
908 4275 1005 4343 unius
1029 4298 1105 4345 cum
1138 4283 1202 4343 unu
1228 4276 1365 4345 omniuo
1383 4274 1620 4371 pluralitatem
1638 4278 1810 4363 excludit,
1833 4276 1934 4347 etium

383 4376 683 4466 commestionem,
720 4370 769 4441 illi
799 4395 968 4462 repugnat
999 4375 1094 4443 unlus
1126 4397 1202 4443 cum
1229 4374 1265 4447 id
1280 4372 1422 4465 fuceret.
1475 4371 1544 4446 Sed
1565 4375 1758 4474 coussequens
1780 4375 1822 4470 ιβ
1832 4375 1938 4472 suljix,

380 4475 497 4551 multis
524 4470 728 4570 conjuudlio.
780 4472 891 4540 Prima
912 4474 1059 4561 conjugii
1075 4472 1201 4541 institu-
1223 4483 1319 4569 polet
1342 4498 1381 4544 ex
1405 4479 1508 4546 Dcut.
1523 4483 1636 4558 XVII,
1654 4489 1687 4553 6.
1713 4486 1811 4563 XIX,
1834 4503 1885 4569 ¹5·
1920 4483 1938 4548 I

383 4579 431 4648 tio
451 4571 592 4662 requirit
614 4571 710 4640 unius
732 4592 808 4639 cum
832 4594 898 4639 una
920 4571 1201 4664 eonjuostionem.
1227 4578 1357 4655 XVIII,
1381 4598 1432 4656 19.
1458 4572 1803 4667 Juh.VI11,17.&e
1861 4572 1938 4671 Res)

381 4681 474 4767 Ergo
499 4669 548 4744 illi
574 4688 741 4760 repugnat
764 4668 860 4738 unius
884 4693 962 4739 cum
985 4667 1096 4739 multis
1121 4695 1203 4741 con·
1228 4669 1384 4743 eubulum
1401 4671 1465 4743 dun
1483 4676 1646 4763 accipitur
1665 4675 1717 4745 vel
1738 4676 1933 4775 irtclustvr‚v

381 4776 537 4864 unuin,
575 4768 641 4841 hoc
669 4768 741 4847 est,
777 4766 976 4858 polygamia.
1050 4767 1148 4840 Plura
1168 4770 1205 4839 in
1228 4769 1356 4867 clustue.
1410 4778 1448 4841 ln
1472 4771 1551 4842 loeis
1574 4777 1722 4845 adduciis
1745 4778 1910 4863 accipitur

380 4874 467 4947 hane
497 4866 692 4946 sententiam
723 4890 763 4938 ex
794 4868 902 4955 prima
929 4869 1081 4958 conjugii
1114 4869 1203 4938 insti·
1228 4868 1311 4951 slve,
1335 4891 1372 4940 ut
1395 4872 1518 4942 constat
1536 4894 1576 4941 ex
1596 4878 1749 4959 eo,quod
1769 4877 1921 4956 additur,

379 4976 507 5047 tutione
531 4970 634 5060 petita
661 4969 737 5038 ride
760 4969 849 5052 apud
869 4966 1090 5057 Augustinum
1106 4963 1164 5037 lib.
1175 4974 1201 5039 I.
1227 4967 1443 5053 duorummrl
1462 4971 1566 5042 trium
1588 4975 1715 5058 talliam
1734 4971 1802 5046 &u
1863 4972 1933 5050 Ubi

380 5079 423 5147 de
450 5092 547 5162 nupt.
576 5077 611 5140 δι
632 5060 820 5153 concupisc.
844 5071 985 5153 caplx.
1036 5068 1203 5150 Hierony·
1226 5068 1280 5141 uel
1301 5081 1368 5142 trer
1393 5071 1591 5166 congregati
1610 5059 1678 5145 &a
1704 5069 1758 5145 sed
1786 5078 1820 5146 in
1850 5098 1938 5146 textu

374 5174 494 5257 mutu,
518 5158 837 5251 chrysostomum&
852 5162 1144 5284 Theophyladlum
1167 5170 1203 5242 in
1226 5165 1312 5243 laico
1332 5170 1496 5262 accipitur
1513 5168 1695 5260 exclusae,
1725 5196 1763 5245 ut
1786 5176 1910 5249 constat
1931 5202 1938 5244 ι
