4884 5984
348 503 379 520 ··
438 597 444 604 ,
636 509 641 516 ·
709 512 714 518 ·
789 510 877 586 ιιι,
924 501 1300 590 nasanttont.
1376 529 1384 536 ·
1524 531 1533 582 ·.
1603 602 1605 607 ¹
1735 545 1873 656 4207

349 718 388 768 m
399 694 548 782 veniat,
568 687 739 766 uidelicet
754 681 778 764 sr
797 691 952 766 infidelis
967 719 1029 768 no·
1061 696 1255 772 iterationem
1271 718 1293 765 a
1300 694 1461 791 servitute
1475 697 1508 772 in
1526 712 1595 776 tex·
1636 669 1868 789 sentenciam·

348 794 511 881 abitare,
538 790 596 864 sed
611 792 733 863 animo
754 791 929 864 malitioso
946 803 1028 864 con·
1061 808 1099 863 to
1110 792 1276 883 apotolico
1284 798 1520 894 intelligendam
1517 800 1594 901 firi
1680 792 1826 874 ‘iamim

348 890 524 964 tdeserat.
575 892 724 961 ltem‘v.
752 911 782 983 5.
811 890 1027 986 Nolite'frao-
1061 891 1455 983 Quidamexistimant,
1474 904 1590 974 nomi·
1677 895 1680 904 ’

348 1016 387 1063 tos
405 979 536 1060 invicem
562 990 623 1086 rifi
633 987 730 1084 sorte
752 1012 793 1058 ex
814 988 963 1083 consenso
984 997 1029 1084 ati
1061 988 1464 1090 nesc'rttitotisiintellig'i
1489 1019 1615 1071 mutua
1638 1001 1710 1074 illa-
1723 1001 1862 1100 officia,

348 1118 360 1159 ¹.
409 1089 505 1186 Ergo
525 1088 736 1170 econtrario
756 1085 875 1174 sensu,
895 1088 928 1158 st
947 1111 1026 1161 rna·
1050 1091 1336 1185 nuaconiuges
1358 1089 1419 1163 stbi
1447 1095 1604 1170 invicem
1624 1101 1787 1194 praestare
1813 1128 1864 1179 te·

348 1201 433 1262 cum
465 1182 780 1258 uxorisconsensu
807 1187 1023 1280 adtempue
1051 1204 1219 1273 nentur,
1243 1207 1284 1259 ut
1309 1188 1346 1260 stt
1366 1187 1516 1281 sensus,
1542 1194 1717 1271 desertam
1743 1204 1861 1295 perso.

348 1290 391 1375 it,
413 1305 479 1383 pro
493 1282 689 1355 desertione
705 1281 1024 1378 malitiosane'qua-
1053 1305 1146 1356 narn
1162 1306 1396 1380 nequaquam
1412 1288 1589 1390 obstringi
1612 1343 1624 1383 ‚
1648 1318 1690 1369 ut
1712 1299 1864 1374 deserto.

350 1387 387 1458 id
403 1386 470 1456 erit
487 1381 708 1454 babendum
759 1382 816 1474 a)
843 1381 892 1451 Ut
911 1382 948 1452 in
966 1404 1024 1453 re·
1059 1401 1137 1454 rem
1156 1384 1194 1454 in
1211 1385 1421 1479 peregrinas
1447 1392 1614 1485 regiones
1637 1394 1861 1488 proficiscen.

351 1479 553 1556 asiionibus
568 1503 586 1566 ,·
604 1475 655 1549 i'ta
676 1499 822 1573 quoque
845 1480 883 1551 in
905 1477 1023 1552 disces-
1058 1497 1133 1551 tem
1158 1481 1354 1578 sequatur,
1378 1504 1419 1555 ac
1442 1488 1721 1563 matrimonialia
1749 1493 1863 1570 officia

348 1579 544 1654 enitentia
566 1578 718 1650 anitnue²
733 1577 946 1672 cumprimis
970 1601 1025 1649 re
1053 1578 1191 1654 eidem.
1206 1577 1379 1674 prestet3
1407 1606 1539 1680 negant
1570 1593 1692 1660 aufem
1721 1589 1863 1667 desem

348 1669 425 1751 idus
447 1674 505 1747 esi.
553 1671 1024 1771 Ergo‘ouinfficiitratione
1056 1674 1215 1769 personna
1240 1677 1383 1752 adintm
1398 1679 1612 1754 adsecunda
1633 1691 1861 1782 votapatefa-

358 1773 656 1871 atquemnlmum
680 1768 883 1843 revertendi
898 1772 1023 1859 habet,
1060 1774 1241 1848 ciendum.
1271 1774 1396 1850 ²Hanc
1412 1780 1687 1872 explicationem
1706 1787 1862 1861 dicimus

348 1873 483 1948 sertore
499 1870 624 1944 baberi
639 1870 767 1963 nequit
782 1916 794 1957 ,
808 1869 882 1940 nili
897 1870 1024 1942 volun
1061 1866 1285 1952 ‘eisarnam
1302 1870 1370 1972 sed
1393 1875 1628 1970 insufficientem
1646 1923 1661 1969 ,
1686 1884 1773 1975 quia
1791 1907 1863 1979 per

351 1969 441 2068 o'rga
471 1970 666 2063 coniugem
686 1968 879 2038 mutaverit
894 1989 916 2055 ,τ
930 1967 1024 2039 δετιῑ-
1058 1966 1309 2042 liberationem
1327 1972 1529 2045 aservitute
1543 1999 1615 2046 non
1628 1977 1717 2050 illud
1736 1982 1862 2056 dunta-

348 2073 452 2143 latam
471 2067 673 2139 violarent.
727 2064 903 2135 Voluntas
918 2061 1027 2138 attio·
1059 2084 1120 2136 xat
1133 2068 1374 2168 intelligitur,
1402 2072 1499 2163 quod
1518 2072 1652 2145 deserta
1672 2076 1821 2169 per-sona
1841 2103 1863 2155 a

348 2168 522 2264 stingui,
550 2171 583 2235 δι
605 2162 714 2235 causae
736 2160 872 2233 faciunt
901 2182 1025 2254 remon
1058 2163 1384 2239 matrimonialibus
1399 2165 1522 2240 officiis
1535 2172 1683 2268 coniugi
1703 2172 1863 2252 deseren.

348 2255 471 2338 nina·
488 2263 538 2357 3.)
566 2260 855 2335 {demanarunt
877 2260 1025 2331 iri-iure
1047 2260 1311 2354 ‚optatianus
1331 2263 1539 2353 libera-est,
1566 2266 1623 2340 sod
1640 2272 1749 2342 etiam
1763 2277 1862 2365 quod

354 2366 386 2435 l.
404 2355 614 2446 Divo'rtium
631 2359 725 2443 aciff.
742 2359 785 2428 dc
805 2357 945 2430 divorte
958 2359 1027 2432 Di·
1060 2377 1081 2427 a
1105 2359 1286 2454 coniugali
1304 2363 1449 2433 vinculo
1473 2361 1686 2454 liberanda,
1713 2367 1736 2439 sr
1759 2373 1862 2443 mali-

348 2485 455 2531 noott
479 2453 546 2554 est,
567 2451 787 2556 apianae,
809 2454 1025 2550 qaod-'m
1061 2454 1168 2526 tiosos
1197 2454 1352 2530 desertor
1378 2460 1411 2529 ei
1436 2455 1637 2532 cohabitare
1654 2464 1755 2538 nolit.
1811 2471 1860 2562 1.)

348 2552 935 2653 tem'constitumdldssmfionenfit,
951 2557 1025 2625 ita·
1049 2550 1211 2638 -Quie'ab
1233 2551 1356 2627 officiis
1375 2556 1446 2628 iilis
1464 2559 1787 2648 matrimonialibus
1802 2588 1863 2636 ne-

348 2660 455 2755 idpoid
474 2659 507 2727 in
520 2655 623 2724 colore
641 2655 827 2723 traconem
846 2650 957 2744 ticifit
976 2652 1028 2722 vii
1062 2669 1247 2743 quaquam
1276 2653 1530 2748 excipiendum
1554 2653 1602 2725 est
1618 2658 1708 2729 illud
1724 2695 1741 2746 ,·
1763 2663 1863 2753 quod

349 2805 364 2837 ,
389 2756 561 2849 nunptios
582 2764 713 2821 centnm
733 2750 804 2843 est,
828 2772 927 2843 quam
936 2750 971 2850 β
982 2773 1025 2820 cx
1059 2768 1150 2840 pene
1176 2768 1303 2818 unum·
1319 2768 1478 2820 meremr
1502 2772 1639 2822 nomeu·
1653 2751 1861 2847 servitutis,

349 2856 459 2926 raetia
472 2852 655 2944 adparuit‚'
669 2850 823 2920 iodicium
836 2848 1025 2943 onimifois-
1057 2843 1226 2915 videlicet
1243 2845 1341 2938 quod
1357 2846 1421 2939 qui
1439 2848 1621 2943 coniugali
1636 2851 1781 2924 vinculo'
1800 2857 1861 2927 ad·

348 2951 428 3049 opor
450 2975 512 3044 per
539 2950 678 3018 colorem
699 2941 786 3042 ιιιὶβὶι
807 2948 977 3037 repudio,
988 2946 1026 3043 β
1058 2937 1197 3012 bridius
1212 2938 1281 3026 est,
1305 2966 1372 3014 uon
1389 2941 1485 3034 babet
1502 2949 1644 3038 ‘corporis
1656 2946 1713 3039 sni
1721 2951 1862 3045 potesta.

348 3049 456 3142 conso
472 3072 559 3120 uxor
581 3045 624 3141 est
643 3100 654 3131 ‚
678 3071 734 3118 otc
758 3039 918 3139 divortiffe
938 3044 1025 3113 vidc-
1056 3049 1119 3106 tem
1137 3049 1176 3136 ἰ·
1193 3035 1275 3117 cor.
1294 3040 1372 3112 VII.
1385 3062 1422 3133 4.
1472 3041 1624 3114 Proinde
1642 3045 1742 3142 siper
1759 3052 1862 3122 mali-

348 3137 668 3223 ..Matrimonium
704 3159 734 3217 ι’.
765 3140 804 3215 C.
830 3142 873 3212 de
896 3143 1023 3236 repud.
1057 3131 1182 3205 tiosam
1207 3133 1440 3208 desertionem
1452 3141 1565 3232 partis
1575 3142 1729 3220 *alterius
1741 3146 1862 3220 deser.

348 3246 476 3316 tottt'om
510 3245 727 3334 deportatione
760 3241 811 3311 vel
839 3262 943 3334 aquae
976 3235 1025 3314 sy'
1057 3228 1255 3324 tapersona
1275 3232 1448 3306 liberatur
1470 3256 1492 3305 a
1511 3234 1707 3326 servitute,
1733 3243 1862 3336 utique
1921 3258 1926 3267 '

348 3340 540 3415 iterantium
555 3364 619 3409 noto
627 3340 793 3435 strioitttr,
807 3337 844 3434 β
857 3336 965 3430 cesos,
989 3340 1023 3406 itt
1058 3329 1166 3400 etiam
1181 3328 1388 3421 potestatem
1403 3334 1563 3426 corporis
1582 3331 1635 3405 sui
1651 3337 1801 3429 recipit,
1819 3354 1862 3411 ac

348 3445 475 3518 noritur
495 3441 626 3516 incidit,
651 3448 828 3509 memoret
842 3437 1024 3504 oxorisod·
1057 3427 1208 3521 proinde
1236 3427 1475 3502 intercedente
1503 3428 1730 3525 magistratus
1759 3455 1862 3507 auto·

348 3565 400 3613 tm.
445 3534 716 3608 tndenotlores
740 3534 829 3608 iuris
853 3532 969 3604 civilis
993 3544 1023 3618 §.
1058 3526 1162 3595 ritate
1192 3525 1237 3610 ad
1256 3526 1326 3598 alia
1355 3545 1441 3597 vota
1462 3525 1606 3598 transire
1634 3529 1758 3628 potest.
1781 3595 1783 3600 .
1807 3535 1860 3628 2.)

348 3691 356 3709 .
374 3634 478 3709 instit.
496 3635 538 3705 de
552 3631 681 3705 nilion.
697 3631 918 3725 distinguunt
933 3631 1025 3701 inter
1059 3610 1308 3708 Quintoaen
1321 3623 1468 3718 nomine
1480 3623 1575 3719 apud
1593 3624 1793 3719 apostolum
1807 3632 1862 3702 in-

348 3761 395 3807 m
413 3730 613 3829 necrffariam
628 3729 690 3822 seo
707 3729 901 3822 probabilem
919 3734 1025 3803 &oo-
1059 3720 1297 3814 telligendum
1320 3720 1359 3796 fit
1384 3719 1572 3815 ‚ipsemet
1601 3721 1680 3798 satis
1704 3727 1861 3800 dilucide

347 3859 410 3906 am,
457 3831 619 3901 Priorem
641 3826 870 3902 subdividunt
885 3826 925 3894 in
938 3825 1025 3919 qua.
1060 3817 1221 3909 exposuit
1239 3819 1343 3888 Rom.
1359 3818 1438 3888 Vll.
1459 3840 1491 3890 1.
1515 3821 1588 3892 Lex
1607 3824 1792 3892 dominatur
1807 3828 1862 3895 lto-

348 3932 466 4004 mcies.
514 3927 598 3997 Alia
611 3928 711 3997 enim
730 3922 777 3995 est
794 3918 961 4017 nerrffirrio
976 3924 1026 4020 st·
1060 3917 1157 3993 mini,
1171 3917 1548 4010 qaantotempmoivit.
1563 3940 1599 3987 v.
1615 3934 1650 3991 a„
1670 3919 1761 3989 Nam
1779 3947 1863 4017 qaae

348 4030 352 4057 '
361 4024 557 4124 probabilis,
580 4040 621 4093 ut
643 4022 787 4116 quando
809 4022 892 4113 quis
907 4020 1027 4116 reipu-
1050 4010 1116 4105 sub
1134 4015 1205 4082 oiro
1221 4012 1411 4106 planule,
1435 4016 1560 4087 oiomte.
1579 4017 1649 4084 viro
1664 4018 1863 4112 adligatoess

348 4124 442 4201 :ausa
458 4121 572 4206 abest,
600 4121 671 4192 alia‘
688 4118 862 4214 probabilis
878 4128 1027 4198 tontum,
1058 4112 1127 4206 lege
1142 4155 1156 4190 ,
1169 4111 1206 4209 β
1218 4122 1326 4181 actem
1342 4124 1492 4181 morteto
1500 4113 1610 4206 suerit
1628 4115 1705 4191 vir,
1726 4116 1863 4188 liberata

348 4220 555 4320 tmeffaria,
580 4237 620 4289 ut
636 4217 779 4312 quando
795 4215 878 4309 quie
897 4212 1026 4287 studio·
1059 4209 1100 4304 ιβ
1123 4233 1146 4280 o
1160 4210 1313 4305 legeoiri.
1338 4231 1374 4279 v.
1392 4227 1434 4306 3..-
1455 4205 1566 4305 Igitor
1579 4214 1704 4283 vivente
1719 4218 1790 4284 viro
1805 4241 1863 4289 vo·
1885 4264 1888 4271 -

348 4324 446 4397 matie
462 4318 564 4407 abit,
589 4316 656 4386 alia
670 4312 839 4411 necessaria
851 4358 865 4401 ,
879 4310 942 4404 sed
961 4336 1038 4384 troct-
1060 4306 1347 4378 conternantem
1358 4356 1373 4387 ,
1383 4305 1418 4400 β
1429 4307 1540 4402 suerit
1557 4331 1625 4381 ton
1642 4311 1704 4381 alio
1719 4315 1790 4383 viro
1803 4368 1814 4401 ,
1826 4313 1864 4412 fi

348 4391 419 4507 itis,
443 4438 485 4491 ut
510 4413 653 4511 quando
681 4415 718 4484 in
736 4411 854 4484 exsilio
876 4419 910 4483 δι
929 4431 1024 4506 vago
1059 4415 1165 4476 autern
1181 4416 1330 4476 morem
1343 4405 1455 4499 scirit
1474 4406 1530 4476 cir
1547 4410 1642 4486 cies,
1666 4410 1802 4481 liberate
1818 4412 1863 4504 est

348 4521 518 4596 aberrat:
547 4514 616 4584 alia
646 4513 794 4605 quidem
816 4508 1026 4588 noluntaria,
1061 4500 1168 4601 diega
1191 4505 1275 4586 oiri,
1296 4514 1337 4573 ιιι
1362 4524 1428 4572 nott
1439 4503 1490 4601 stt
1516 4505 1693 4584 multon,
1715 4508 1744 4603 β
1751 4509 1862 4603 suerit

348 4649 355 4691 .·
376 4614 602 4689 contemndo,
628 4629 668 4680 ut
688 4607 833 4702 quando
850 4625 1025 4677 mercatu-
1060 4624 1132 4672 com
1151 4602 1213 4671 ono
1235 4603 1316 4671 viro.
1365 4597 1497 4674 Διιλιὶα
1516 4599 1656 4695 respicit
1674 4604 1776 4676 illam
1800 4629 1864 4680 w.

350 4716 558 4791 rcendaeaut
568 4706 704 4804 negotii
714 4703 928 4800 expediendi
945 4723 1025 4776 cau·
1060 4696 1202 4800 pedraca
1225 4696 1285 4770 seu
1310 4698 1593 4771 dominationem
1620 4701 1713 4796 legis
1741 4707 1864 4777 matri-

348 4836 429 4914 egre
448 4811 531 4906 quis
546 4803 795 4905 proficiscitur.
1063 4798 1253 4883 monialis,
1277 4814 1551 4891 propterquam
1564 4818 1659 4868 uxor
1672 4801 1803 4872 marito
1818 4800 1866 4877 est

1063 4892 1252 4979 obstrisia‚
1274 4916 1320 4964 nc
1344 4890 1443 4988 posit
1459 4896 1620 4986 corporis
1643 4893 1695 4967 sui
1716 4898 1864 4990 potcsta-

532 5063 553 5080 .
571 5015 602 5091 §.
614 4994 823 5075 DCXXVII.
847 4992 1030 5066 Restatex-
1063 4990 1389 5076 temaltcrifacere.
1417 4991 1512 5087 Ergo
1527 4989 1690 5062 liberatio
1706 5015 1727 5065 a
1741 4986 1866 5090 δκλιίᾳ

494 5105 703 5203 plicandum
727 5093 1028 5191 111.)quidperli·
1063 5083 1324 5176 hocincludit‚
1349 5106 1390 5160 ut
1410 5087 1510 5185 potsrt
1531 5110 1597 5184 per
1613 5109 1761 5163 novum
1789 5115 1864 5163 ma.
2004 5166 2008 5172 ἱ

1738 5188 1863 5264 trimo·
