4884 5984
437 447 507 584 ιιιΙ
716 603 719 610 ,
849 493 999 586 tocv's
1024 513 1147 586 xxvt.
1194 502 1351 588 cnara
1375 511 1647 588 insecus.
1796 547 1799 558 ·

436 726 505 780 non
541 699 609 778 fine
644 702 858 793 impudicitia
895 701 1077 797 suspicione
1111 710 1239 783 vivant.
1265 708 1387 782 citatur
1411 707 1445 779 in
1471 707 1543 780 iure
1563 706 1722 780 canonico
1740 726 1771 778 o.
1819 701 1972 799 Quidam
1998 707 2069 784 dit.

439 804 591 876 Tandem
607 805 698 876 addit
717 803 959 878 Bellarminus:
995 803 1099 881 Licet
1114 808 1242 904 nuptiae
1265 829 1322 901 ²7·
1352 831 1382 881 c.
1414 809 1619 905 Nuptiarum
1651 829 1708 890 ²7·
1738 827 1772 892 q.
1807 823 1837 875 1.
1866 805 2068 884 laudatura

434 897 639 1003 pasl'uaturn
646 902 796 1003 strnplex
811 902 988 978 contraisse
995 906 1067 1004 fint
1082 927 1168 980 nerae
1180 928 1242 980 nu·
1265 907 1432 993 Polydoro
1445 901 1591 994 Virgilio
1604 901 1664 976 lib.
1678 901 1761 979 Vll.
1783 904 1827 974 de
1844 927 1913 978 rer.
1939 901 2066 980 iurent.

433 1002 545 1098 ptiae,
583 995 628 1078 ,Εί
654 1000 889 1099 aliquomodo
911 1003 1022 1077 minus
1046 1003 1171 1079 malurn
1191 1006 1241 1104 βί
1266 1029 1299 1080 a.
1324 1005 1474 1106 (Excipit
1488 999 1722 1087 Bellarminus,
1744 996 1977 1105 Augaflim
1994 1004 2065 1101 qni·

437 1098 556 1174 nubere
569 1103 644 1202 post
660 1102 824 1176 eiusnodi
844 1112 980 1183 uotum,
1003 1127 1102 1199 quarn
1118 1103 1241 1202 affidae
1264 1105 1337 1177 dem
1360 1100 1517 1200 voluiste‚
1547 1104 1684 1200 nuptias
1699 1105 1775 1204 post
1794 1115 1910 1177 uotum
1929 1113 2065 1178 mire·

431 1198 629 1293 fornicari,
656 1211 725 1274 turn
742 1199 897 1300 obfidern
912 1203 1085 1297 coniugii,
1111 1215 1182 1276 tuen
1198 1200 1241 1275 ab
1265 1204 1334 1278 Has
1357 1199 1417 1301 effe
1445 1223 1542 1276 ueras
1571 1203 1733 1300 nuptias,
1762 1199 1826 1298 sed
1844 1200 1954 1301 fimus
1974 1201 2066 1300 adse·

433 1296 566 1393 prolern
588 1294 800 1393 legitimam.
825 1310 895 1372 tuen
909 1298 951 1374 ob
966 1300 1041 1374 alia
1056 1300 1165 1382 bona,
1186 1311 1240 1374 ta·
1264 1298 1387 1399 ruiffe,
1419 1298 1608 1398 graviffirne
1629 1305 1762 1397 peccare
1785 1321 1861 1383 eas,
1902 1319 1978 1398 quae
1997 1303 2067 1403 past

433 1405 511 1468 'rnen
527 1395 629 1469 etium
650 1396 881 1493 aliquomodo
902 1394 963 1496 effe
981 1400 1091 1474 maius
1113 1399 1241 1473 rnalurn
1265 1414 1378 1473 uotum
1397 1398 1534 1473 nubunt.
1588 1394 1689 1487 Resp.
1709 1401 1743 1471 in
1758 1423 1798 1472 eo
1815 1420 1928 1472 temen
1947 1396 1992 1470 ab
2013 1405 2067 1475 ad·

430 1495 482 1592 stc
503 1491 647 1578 nubere,
677 1519 776 1592 quarn
793 1493 966 1590 scortari,
999 1499 1079 1594 quia
1108 1500 1165 1595 qui
1189 1498 1240 1570 ito
1266 1494 1417 1572 versariis
1440 1495 1610 1576 dissentit,
1639 1500 1735 1584 quod
1758 1500 1890 1586 nuptiae
1915 1495 1991 1569 illae
2010 1501 2069 1573 sta·

438 1590 553 1679 nubit,
579 1593 692 1668 reddit
711 1591 751 1692 se
770 1592 952 1668 initiabilem
972 1598 1019 1670 ad
1036 1607 1150 1670 uotum
1166 1593 1242 1691 ser·
1265 1601 1329 1669 tuit
1348 1593 1412 1669 elle
1433 1618 1538 1679 ratas,
1566 1618 1647 1683 quas
1663 1591 1712 1664 illi
1733 1592 1862 1668 nefarie
1878 1592 2067 1671 dillalrnnt.

437 1690 604 1778 nandum,
627 1697 716 1788 quad
731 1713 797 1765 non
807 1693 923 1785 facit,
953 1697 1013 1790 qui
1021 1695 1239 1789 fornicatura
1264 1697 1369 1788 Quod
1393 1693 1610 1766 Bellarminus
1628 1690 1683 1762 hic
1705 1694 1877 1784 distinguit
1901 1695 1993 1768 inter
2017 1695 2068 1770 int

437 1792 481 1866 de
496 1815 563 1880 quo
585 1790 831 1864 anticlrrilliano
847 1798 1067 1880 pronuntiato
1081 1796 1162 1884 qnid
1179 1795 1238 1862 lla-
1265 1793 1419 1866 diuinum
1433 1816 1470 1863 ae
1482 1789 1746 1888 ecclefiasticurn,
1769 1802 1804 1865 dt
1817 1793 2068 1886 matrimonium

438 1893 599 1963 tuendum
621 1887 688 1971 stt,
723 1891 866 1961 diximus
885 1886 1072 1985 superius.)
1114 1897 1238 1980 Jlugu-
1265 1894 1338 1981 poti
1359 1912 1475 1961 votum
1496 1881 1629 1961 solenne
1648 1893 1857 1960 contraitum
1880 1888 1956 1963 iure
1979 1891 2067 1967 alivi·

301 2027 304 2032 ·
437 1988 539 2058 slinut
559 1990 601 2060 de
625 1993 657 2061 S.
682 1988 805 2079 virgin.
830 2009 859 2058 c
884 1987 1051 2060 XXXIV.
1102 1986 1241 2061 Multas
1265 2012 1308 2062 no
1335 1985 1400 2061 elle
1426 2007 1564 2065 ranam,
1600 1985 1672 2057 r'use
1699 1985 1946 2084 eeclefiastiao,
1979 1995 2068 2065 cuim

436 2095 572 2156 reuocat
587 2105 611 2154 a
630 2081 781 2158 nubendo
796 2106 861 2156 non
877 2108 974 2158 amor
984 2084 1146 2182 praeclari
1162 2107 1242 2181 pro·
1266 2087 1381 2157 notitia
1394 2088 1437 2156 ad
1452 2083 1673 2174 Augustinnm
1690 2107 1758 2156 non
1774 2089 1987 2178 pervenerit,
2006 2083 2068 2164 else

421 2181 541 2278 .postti
552 2178 618 2278 sed
642 2184 752 2279 aperti
777 2179 946 2255 dedecoris
972 2183 1076 2257 timor
1097 2179 1166 2256 &a
1189 2181 1242 2256 lrae
1264 2185 1423 2264 irritum,
1458 2185 1500 2252 de
1526 2203 1567 2267 eo
1586 2176 1724 2254 inferius
1747 2206 1896 2273 agemus.
1950 2191 2067 2277 Neque

439 2277 575 2370 igitur,
608 2299 680 2374 quae
697 2277 825 2363 ,nubere
845 2280 982 2366 volunt,
1017 2277 1059 2354 ss
1082 2282 1155 2354 ideo
1173 2303 1240 2351 non
1265 2283 1342 2353 ideo
1366 2278 1528 2351 nubentes
1557 2278 1631 2364 post
1651 2300 1767 2352 uotum
1788 2305 1932 2370 peccare
1952 2289 2066 2378 dopn-

438 2370 593 2460 nubunt,
633 2377 713 2471 quia
737 2379 868 2473 impune
892 2379 959 2449 non
976 2375 1132 2476 poffunt,
1169 2397 1241 2473 quae
1265 2380 1364 2450 tlinns
1389 2377 1613 2463 existimarit,
1647 2379 1737 2462 quod
1761 2377 1957 2463 nuberent,
1991 2382 2064 2454 aliar

437 2469 558 2550 melius
578 2473 754 2554 nuberent,
780 2498 879 2570 quant
900 2489 1092 2561 urerentur,
1121 2476 1160 2549 id
1176 2477 1238 2577 ιβ,
1264 2476 1340 2548 talia
1366 2472 1577 2548 matrimonia
1604 2495 1674 2544 rata
1696 2497 1764 2546 non
1787 2471 1852 2549 else
1873 2475 2064 2558 indicasset,

436 2590 537 2668 quarn
563 2568 704 2648 asculta
724 2572 873 2664 flamma
900 2573 1170 2671 concupiscentia
1203 2574 1239 2644 in
1263 2570 1436 2657 sedquod
1459 2597 1479 2642 a
1505 2567 1664 2642 tenuiore
1695 2576 1772 2646 vite
1794 2575 1969 2666 proposito
1991 2599 2065 2650 cnm

436 2664 790 2766 ipsaeoncupiscentia
810 2673 1038 2771 vastarentur,
1057 2661 1137 2769 'pro
1151 2693 1241 2743 enos·
1262 2667 1405 2743 eeclefiae
1428 2663 1580 2740 scandalo
1607 2665 1793 2756 refilirent,
1829 2681 1866 2746 dt
1889 2671 1993 2748 idem
2009 2676 2065 2747 rh·

437 2767 507 2840 tuis
530 2766 729 2863 deputandae
749 2766 844 2864 sunt.
897 2774 910 2852 t
917 2773 1046 2861 Excipit
1069 2768 1238 2842 ltellarmi-
1264 2788 1333 2838 tam
1351 2764 1546 2857 violarent.)
1601 2768 1694 2838 idem
1714 2771 1919 2859 Augustinus
1935 2774 1970 2844 in
1989 2770 2062 2846 libr.

240 2835 243 2840 ,
294 2944 314 2954 ,ι
435 2889 518 2944 nus’
550 2861 985 2966 Augustinumlwcvtse»
1017 2857 2063 2964 qiiodminusdehaerefitdQuodvultd·htr·X1-·l²2¹0·

436 2959 564 3034 nralum
597 2975 626 3036 tt
646 2975 759 3061 aperte
779 2963 897 3037 nubere
924 2967 984 3046 ei,
1017 2965 1075 3061 qui
1090 2964 1239 3064 strnplex
1263 2963 1359 3041 ticin,
1391 2957 1583 3060 apostolicis
1601 2962 1717 3044 diuis,
1750 2965 1808 3052 qul
1827 2991 1898 3037 non
1925 2969 2063 3058 reduit·

436 3071 551 3132 votum
571 3059 693 3146 iubet,
731 3083 830 3158 quarn
845 3075 1003 3160 perpetuo
1026 3062 1150 3135 occulte
1157 3061 1237 3156 sor·
1261 3058 1342 3130 boot
1365 3060 1400 3129 lu
1420 3055 1510 3129 sum
1532 3061 1806 3132 communionem
1831 3084 1964 3139 mentes
1987 3089 2062 3140 m

436 3159 560 3234 nicaei.
625 3157 727 3245 Resp.
756 3161 892 3240 demur,
925 3163 1148 3252 Augustinum
1168 3185 1237 3232 nou
1262 3156 1395 3246 iugibus
1417 3165 1451 3228 δι
1478 3179 1531 3229 res
1557 3159 1710 3246 proprius
1733 3154 1955 3247 poffidmtes,
1983 3161 2062 3236 illud

358 3283 361 3288 ·
435 3254 525 3328 aliud
549 3253 725 3349 agnoscere
746 3260 943 3348 uirginitatis
967 3281 1104 3341 votum,
1137 3283 1237 3346 quam
1260 3254 1390 3326 obiicit:
1423 3249 1549 3348 Quales
1564 3252 1663 3325 ltubet
1679 3256 1811 3353 ecclesta
1831 3257 2003 3334 catholica
2023 3255 2062 3333 8

434 3354 578 3426 liberum
607 3356 688 3426 illud
718 3359 953 3427 continentiam
976 3355 1171 3445 eligentium
1201 3365 1237 3428 &
1261 3352 1444 3424 manaclros
1464 3348 1505 3423 si
1524 3352 1667 3423 elericos
1686 3350 1878 3448 plurimos,
1908 3358 2061 3430 videlicet

434 3451 664 3542 profitentium
681 3452 907 3540 proposrtum,
928 3457 1017 3541 quod
1033 3465 1145 3525 votum
1155 3455 1237 3551 stne·
1261 3462 1296 3524 &
1322 3452 1478 3522 uxoribus
1511 3472 1641 3522 utentes
1668 3462 1703 3524 dr
1735 3458 1873 3542 propria
1898 3453 2061 3545 poffidcn·

428 3547 515 3643 piex
537 3547 698 3635 pontificii
721 3571 849 3621 vocant.
917 3554 949 3632 si
973 3575 1056 3641 ergo
1082 3554 1155 3641 posi
1179 3577 1236 3623 ro·
1262 3571 1320 3620 ter.
1373 3554 1461 3637 Ergo
1477 3551 1652 3640 Augustini
1667 3571 1821 3638 tempore
1838 3549 1977 3628 fuerunt
1992 3577 2060 3627 mo·

433 3663 505 3714 tum
528 3644 663 3732 fimplex
688 3647 764 3716 lieet
787 3645 935 3730 nubere,
969 3652 1083 3736 utique
1107 3650 1231 3734 etiam,
1257 3645 1353 3718 orchi
1382 3652 1482 3718 etiam
1506 3650 1633 3717 uxorati
1656 3650 1691 3717 in
1717 3647 1880 3722 catholica
1909 3650 2059 3732 ecclelit.

431 3737 639 3812 sanecessitas
659 3745 704 3813 ita
725 3745 852 3834 exigat,
881 3749 953 3833 poll
977 3742 1131 3825 solenne,
1155 3771 1232 3816 eutn
1256 3746 1313 3830 qui
1340 3741 1382 3812 ab
1418 3748 1602 3833 Augustino
1633 3748 1675 3817 ad
1703 3745 1941 3821 confutandam
1970 3750 2059 3822 illam

430 3833 694 3914 essentialiter&
715 3866 826 3913 coram
853 3846 918 3915 Dei
941 3846 1063 3914 iudicio
1081 3868 1149 3914 non
1166 3842 1231 3914 dif-
1256 3839 1391 3912 lterefin
1421 3849 1663 3928 producuntur.
1734 3845 1880 3917 Gelostus
1909 3849 2004 3935 epist.
2034 3853 2057 3921 l.

429 3931 548 4008 ierant.
605 3939 700 4029 Quid
720 3941 809 4026 quod
825 3937 946 4011 diserte
966 3943 1057 4011 addit
1080 3945 1232 4033 Augusti·
1255 3945 1295 4012 ad
1317 3935 1486 4027 episcopos
1502 3946 1623 4011 lucen.
1646 3965 1718 4030 cap.
1740 3942 1866 4017 XXlll.
1889 3948 1931 4017 de
1953 3948 2057 4017 viduis

428 4056 507 4105 nus:
532 4057 616 4129 quas
630 4036 769 4132 panitet
785 4037 1016 4136 proseffionise
1069 4045 1159 4129 Ergo
1181 4038 1230 4110 lo·
1255 4041 1492 4109 continentiam
1525 4037 1677 4125 professis
1701 4041 1840 4126 loquens
1869 4045 1944 4115 ait:
1984 4040 2056 4116 Nos

426 4133 541 4218 quitur
568 4134 611 4205 de
640 4153 745 4219 voto,
782 4136 837 4205 coi
857 4139 1033 4231 coniundta
1058 4133 1228 4228 profelsto.
1255 4135 1382 4208 talibus
1407 4134 1530 4208 nullum
1554 4136 1707 4232 laqueum
1729 4138 1882 4212 debemus
1900 4142 2054 4228 iniicere,

427 4230 503 4300 Nec
526 4229 609 4299 dicit
636 4232 865 4321 Augustinus,
902 4236 1056 4323 prestare
1083 4234 1227 4325 nubere,
1246 4231 1310 4329 sed
1337 4232 1451 4328 solum
1485 4234 1740 4310 adhortationes
1766 4240 1903 4333 praemii
1931 4237 2057 4337 sempi-

428 4348 528 4414 quanr
550 4323 729 4410 fornicari,
764 4325 818 4401 sed
842 4354 943 4418 quam
964 4331 1044 4419 uri,
1078 4331 1142 4403 hoc
1163 4336 1228 4418 est,
1254 4333 1340 4404 terni
1367 4354 1540 4428 poenasque
1563 4358 1745 4429 proponere
1775 4337 1887 4409 diuini
1912 4337 2055 4419 iudicii,

426 4421 557 4497 occulta
584 4423 859 4515 concupisccntite
892 4428 1025 4503 flamma
1063 4433 1226 4524 vastari.)
1256 4428 1297 4504 di
1320 4441 1358 4503 ut
1382 4435 1493 4529 nostra
1510 4434 1558 4525 βί
1578 4432 1735 4528 absoluta
1757 4433 1985 4528 conscientia,
2018 4435 2057 4513 δ’

426 4525 482 4594 De
500 4522 578 4595 buu.
602 4526 720 4597 viduit.
740 4549 769 4596 c.
792 4533 835 4597 X.
886 4524 948 4602 Fir
965 4553 1026 4625 per
1047 4529 1227 4630 inconfide·
1252 4530 1386 4604 illarum
1409 4553 1474 4626 pro
1495 4528 1534 4625 se
1564 4535 1730 4606 rationem
1754 4531 1829 4607 Deo
1854 4536 1977 4610 reddat
2003 4539 2054 4611 in·

427 4629 541 4694 ratam
572 4620 663 4696 hana
695 4622 908 4716 opinionem,
947 4647 1019 4720 quae
1045 4640 1145 4723 putat
1174 4629 1224 4702 la·
1251 4631 1364 4702 tentio.
1434 4632 1589 4718 (Excipit
1620 4631 1861 4718 Bellarminus,
1903 4634 2053 4732 sequetur

422 4714 563 4813 psarunr
586 4742 609 4791 a
622 4718 741 4816 sanilo
762 4722 930 4824 propostto
941 4725 1182 4819 suminatam,
1194 4732 1228 4829 β
1250 4729 1344 4803 illurn
1359 4751 1424 4800 nan
1441 4724 1500 4824 effe
1513 4754 1556 4801 nu
1582 4731 1709 4803 tiorum
1718 4732 1984 4828 prohibitionem
1998 4737 2050 4821 iis,

427 4814 617 4913 nupserint,
642 4841 708 4892 non
723 4819 782 4920 ςβι
801 4825 979 4918 coniugia,
1001 4848 1066 4896 non
1081 4850 1225 4921 paruum
1250 4848 1321 4922 qun
1339 4839 1518 4910 voverant,
1559 4829 1679 4911 ediis,
1705 4852 1776 4925 quae
1793 4854 1860 4903 non
1879 4847 2053 4911 nouerant.

427 4916 565 4990 malunt.
617 4921 717 5007 Epist.
737 4927 838 4993 Lxx.
856 4927 969 5006 docet,
997 4925 1136 5020 nuptias
1152 4928 1226 5026 t⁰fl
1250 4923 1351 5015 Resp.
1373 4930 1443 5016 agit
1457 4925 1602 4999 Gelasrus
1622 4933 1663 5001 de
1679 4931 1718 5002 iis
1734 4932 1859 5010 viduis,
1883 4957 1957 5021 quae
1974 4957 2050 5023 pro·

425 5025 541 5087 notun
563 5016 751 5092 contradas
770 5016 829 5115 effi
851 5033 947 5092 ueras
968 5042 1014 5091 aa
1032 5033 1143 5107 ratas,
1168 5049 1225 5096 nec
1249 5023 1373 5096 millam
1391 5032 1466 5096 Deo
1490 5030 1685 5115 pudicitiam
1706 5031 1870 5102 custodire
1891 5034 2047 5108 teneban-

423 5111 537 5192 debere
564 5112 724 5214 diffolui,
759 5142 833 5210 que
863 5119 1039 5213 Augustini
1065 5118 1223 5201 sententia
1246 5145 1330 5207 tur,¹
1361 5124 1507 5207 talibus,
1535 5128 1691 5224 (inquit)
1715 5126 1838 5202 seilicet
1856 5130 1902 5226 de
1931 5131 2048 5224 quibat

1595 5263 1602 5280 .
2015 5256 2047 5303 to
