4884 5984
811 499 814 504 ’
878 509 946 588 or
997 485 1373 593 ssoussttou's.
1467 513 1471 520 ’
1583 535 1589 546 ·
1903 545 1971 616 12,

275 691 403 781 crabim
429 691 494 774 sed
515 699 603 774 intro
630 724 760 780 certum
777 695 908 798 tenipus
928 709 1059 800 nuptias
1079 701 1112 782 se
1136 733 1219 806 ergo
1233 709 1315 786 alius
1330 715 1377 788 ell
1389 711 1645 808 sponsaliorum
1669 722 1751 798 alius
1770 723 1964 811 nuptiarum

274 799 535 871 annaliorum
554 805 733 890 promittit.
781 804 956 878 Adnotabo
985 806 1090 879 hacd
1134 804 1316 886 consensus.
1369 818 1418 903 6.)
1446 823 1493 892 Ex
1514 819 1699 920 multiplici
1718 819 1765 894 nd
1783 819 1964 919 absststluns

274 913 315 964 se
338 891 446 967 verba
476 901 688 992 Hemmingii
709 906 751 972 de
783 913 916 997 conjug.
943 929 1019 996 pag.
1050 831 1111 999 sss.
1133 907 1335 985 sleduli'ione.
1386 916 1418 987 Si
1432 945 1500 989 non
1514 920 1666 996 differret
1678 917 1849 994 consensus
1864 917 1964 1011 spou-

279 985 483 1073 Settrsur,
502 995 643 1084 inquit,
671 995 843 1098 consensus
879 999 920 1076 si
949 1003 985 1074 in
1026 1025 1111 1100 pou·
1134 1000 1293 1083 salitiusa
1316 1015 1478 1104 nuptiali,
1505 1017 1589 1090 nihil
1605 1015 1799 1092 discriminis
1820 1015 1899 1092 esset
1913 1023 1963 1092 in·

295 1085 412 1164 olibus
437 1087 481 1166 ss
498 1094 706 1193 innuptiis,
729 1110 768 1170 ut
792 1097 846 1172 ille
861 1103 908 1204 st
929 1123 977 1198 po
1010 1103 1043 1174 io
1069 1099 1110 1174 ds
1134 1127 1186 1178 ter
1206 1107 1427 1212 paucissimas
1451 1123 1487 1191 dt
1512 1119 1663 1214 γαμεῖν,
1689 1121 1776 1189 inter
1802 1115 1964 1191 adsedsio-

267 1185 396 1284 βίω
416 1193 602 1288 conjugio,
642 1193 701 1269 lsic
731 1207 839 1270 auum
874 1199 913 1272 sle
967 1197 1107 1297 restrui.
1133 1225 1210 1275 nem
1230 1198 1409 1294 sponsalem
1432 1225 1467 1287 de
1489 1215 1694 1300 maritalem,
1720 1217 1807 1289 inter
1824 1240 1963 1291 uxorem

283 1281 473 1400 consensus
496 1290 533 1362 in
552 1290 772 1388 sponsalibus
790 1299 833 1397 esl
865 1224 967 1394 cousi
997 1295 1118 1398 desim
1132 1300 1323 1390 promissam
1348 1317 1383 1381 δι
1399 1315 1571 1395 traditam,
1599 1310 1713 1404 sponsa
1729 1311 1833 1405 posset
1853 1324 1887 1390 δι
1904 1318 1963 1387 de·

278 1381 429 1460 essislid
440 1387 587 1484 suturas
601 1395 757 1490 nuptias,
782 1393 855 1468 isles
870 1395 950 1471 reiis
965 1395 1107 1486 dicitur,
1133 1399 1229 1474 beret
1250 1397 1366 1491 sponso
1390 1407 1568 1484 carnaliter
1583 1413 1801 1496 cohabitare;
1834 1408 1976 1503 sponso·

270 1483 461 1586 sponsalia
469 1483 530 1660 sse
534 1491 1010 1593 promissontssleoccipirndo
1023 1517 1110 1570 uxo·
1133 1495 1177 1570 lis
1201 1522 1268 1572 non
1295 1499 1425 1591 pollent
1443 1533 1585 1598 propter
1598 1509 1676 1581 alias
1693 1506 1802 1583 eausrss
1822 1507 1961 1594 disolvi.

278 1609 346 1674 re,
381 1585 480 1682 quali
501 1609 667 1686 uscunque
702 1592 834 1666 tundent
866 1591 975 1668 verbis
1002 1596 1107 1696 fiant.
1134 1613 1235 1686 quam
1256 1605 1507 1677 matrimonium
1525 1603 1812 1690 consummatum,
1837 1610 1964 1681 necin·

257 1766 260 1773 ¹
282 1679 473 1782 Constnfits
487 1688 523 1758 in
548 1690 677 1786 nuptiis
693 1693 736 1790 est
752 1689 852 1786 coust
876 1692 1014 1790 efficiens
1034 1718 1111 1786 ron-
1135 1715 1186 1766 ter
1201 1697 1405 1787 impuberes,
1424 1729 1485 1777 nec
1502 1729 1577 1777 curn
1587 1709 1776 1781 conditione
1790 1705 1960 1787 contrahi,

270 1783 373 1881 jugii
394 1838 405 1869 ,
445 1786 506 1882 qui
529 1785 657 1862 dicitur
675 1789 854 1889 ronss’nsus
887 1789 1111 1866 colrolsitotio·
1132 1797 1210 1879 quia
1233 1801 1482 1872 matrimonium
1499 1827 1538 1874 eo
1553 1807 1659 1880 ¹modo
1676 1805 1876 1878 contrahere
1894 1831 1961 1875 non

276 1883 335 1955 nis
366 1877 409 1956 ss
428 1883 645 1960 indiuiduam
669 1891 748 1965 vita
775 1885 1038 1987 'consuetudinem
1058 1915 1110 1965 se·
1132 1891 1228 1974 licet,
1257 1906 1322 1969 &c
1345 1903 1545 1986 quaomnia
1566 1897 1638 1974 sunt
1660 1898 1855 1978 absurda&
1874 1893 1962 1976 tios-

278 1979 421 2054 tinendi.
475 1979 611 2058 Idcirco
646 1985 728 2064 retis
762 1987 946 2086 adseritur,
971 1990 1109 2086 nuptias
1130 2017 1242 2074 roro.
1318 1994 1416 2071 Plura
1444 1995 1633 2073 adferemus
1657 1994 1717 2072 sub
1739 1999 1841 2075 finem
1863 1999 1960 2090 hujus

276 2075 359 2180 ise,
378 2078 499 2178 quibus
514 2086 681 2182 accipitur
697 2111 802 2172 uxor,
843 2085 884 2163 δ’
915 2089 1109 2187 ratificatut
1133 2085 1297 2166 sedtionis.

269 2178 450 2279 promiffio
470 2183 568 2278 prius
584 2183 695 2278 sotio.
749 2183 868 2284 Longe
895 2189 981 2260 enim
1010 2185 1110 2260 aliud
1182 2273 1185 2280 ¹
1348 2219 1352 2230 ·
2062 2273 2064 2280 .

277 2281 326 2395 es
366 2280 549 2372 somittere,
566 2283 806 2380 quamsacere‚
835 2283 876 2359 sl
893 2284 1109 2382 longealiter
1180 2293 1209 2378 ς.
1236 2290 1396 2363 CXXV.-
1428 2289 1588 2366 Praemilla
1606 2293 1708 2390 isthac
1757 2292 1930 2376 Ssvsssslt'v·

268 2303 559 2555 pussisondumcep
573 2380 614 2456 dt
625 2382 791 2483 promiffls
805 2387 945 2482 nuptiis,
960 2409 1058 2482 quarn
1068 2381 1108 2458 de
1131 2383 1363 2467 distinctione,
1387 2413 1460 2476 quae
1479 2395 1519 2464 ad
1542 2391 1702 2482 plutima·
1752 2449 1767 2513 Ι
1780 2394 1954 2530 mm

275 2477 467 2576 ratisratis
571 2479 821 2578 consummatis.
928 2508 1033 2578 uopro
1058 2495 1108 2558 tes
1133 2507 1208 2554 rum
1227 2488 1440 2571 questionum
1466 2487 1628 2566 ἐπίλυσιν
1645 2493 1703 2563 ad—
1769 2496 1921 2595 'emsa‘

271 2599 357 2650 vere
371 2573 494 2651 tliblum
508 2575 756 2682 esenxrpimo,
782 2580 897 2655 decors
914 2581 991 2680 snsu
1004 2509 1109 2682 spost-
1132 2580 1242 2658 hiberi
1260 2589 1385 2671 potest.
1410 2588 1450 2657 ad
1467 2580 1703 2675 sponsaliorum
1963 2671 1976 2688 .

259 2671 431 2776 salium:
478 2673 663 2777 consensus
697 2679 862 2782 caufistsl
889 2683 1108 2778 nuptiarum,
1132 2702 1285 2752 naturam
1314 2682 1542 2755 declarandam
1575 2679 1826 2771 descendimus,
1865 2680 1960 2756 initio

261 2771 339 2874 fid
349 2784 415 2847 sion
430 2785 514 2866 toto.
565 2777 619 2852 Et
635 2778 749 2875 nessus
764 2779 995 2855 veredicitur:
1021 2777 1110 2854 Con·
1133 2780 1335 2851 tractationis
1351 2780 1504 2870 faaopb
1528 2780 1799 2882 o'roptwroito'ylst·
1851 2784 1959 2869 39⁰⁰·

261 2869 393 2973 ssnsus
405 2873 722 2974 sncitconjugium‚
737 2877 858 2951 cusndc
873 2878 1037 2978 consinsit,
1052 2879 1110 2976 qui
1134 2875 1208 2948 solia
1233 2881 1404 2949 Verrerius
1432 2877 1581 2960 Flaccus,
1613 2903 1648 2951 ut
1675 2883 1721 2954 eil
1749 2880 1838 2968 apud
1862 2882 1960 2948 Potn-

271 2973 316 3048 in
336 2975 466 3068 nuptiis
478 2975 546 3072 fit,
568 2976 744 3072 loquimur.
771 2979 930 3066 Cypraeus
946 2982 988 3050 de
1003 2972 1116 3069 spons.
1133 2980 1246 3066 peiusn
1266 2978 1418 3058 Festum,
1453 2978 1530 3048 inde
1557 2980 1645 3050 dista
1669 2980 1849 3062 existimat,
1873 2971 1963 3070 quod

272 3095 356 3160 cap.
376 3073 422 3143 V.
441 3085 468 3162 ς.
497 3100 526 3147 r.
550 3100 643 3146 num.
660 3101 694 3161 s.
750 3073 884 3172 Regulo
910 3076 990 3164 illo,
1022 3075 1110 3173 qnod
1125 3071 1272 3171 sponsus
1295 3069 1335 3146 st
1347 3071 1475 3169 sponso
1503 3073 1584 3147 olins
1608 3069 1761 3163 onotdds
1786 3074 1960 3174 interpos-

270 3169 421 3266 nuptias
438 3193 505 3243 non
525 3171 722 3247 concubitus
735 3174 878 3269 saciat,
897 3173 961 3270 sed
975 3171 1109 3272 constn-
1133 3173 1180 3246 tis
1200 3171 1295 3246 rebus
1322 3171 1452 3246 divinis
1479 3173 1634 3267 facerent
1640 3200 1656 3257 ‚·
1683 3177 1820 3262 quidam
1856 3177 1961 3246 dedu·

263 3265 354 3368 fies,
379 3266 487 3342 intelli
509 3271 652 3372 endossl
673 3297 739 3345 non
756 3272 796 3346 de
805 3272 1023 3371 prosniffione,
1037 3296 1109 3370 qua
1132 3295 1212 3344 cunt
1231 3293 1254 3342 a
1267 3268 1414 3367 sponte,
1437 3275 1525 3360 qoud
1550 3271 1630 3345 tales
1651 3271 1876 3361 stipulationes
1908 3267 1962 3341 fu-

264 3367 324 3472 fit
340 3295 622 3464 insponsilibus‚
648 3370 707 3445 ubi
717 3369 859 3464 suturas
876 3373 1014 3466 nuptias
1034 3372 1109 3468 puis
1133 3373 1200 3441 turi
1221 3371 1369 3460 conjugii
1396 3369 1538 3442 debeant
1568 3366 1631 3442 else
1662 3366 1869 3459 spontanea-‚3
1902 3365 1958 3440 sed

269 3465 471 3568 promittit,
488 3463 553 3562 snt
580 3467 620 3541 ds
645 3467 798 3561 consensu
825 3470 999 3564 cosr'ugoli
1011 3521 1023 3551 ,
1048 3469 1110 3543 ltoc
1132 3467 1254 3539 rectius
1283 3469 1369 3538 ditia
1390 3465 1564 3540 censentur
1595 3491 1618 3540 u
1642 3465 1856 3564 spondendo,
1881 3466 1959 3572 quia

275 3567 346 3666 esi,
372 3565 492 3662 masiti
503 3556 733 3662 promittentis
749 3557 790 3642 7&
803 3496 1034 3665 cosssntisntis
1048 3594 1109 3642 nu·
1133 3591 1200 3636 non
1218 3588 1373 3651 parentes
1388 3561 1509 3646 solum,
1527 3569 1634 3655 &qui
1651 3590 1766 3638 eorum
1783 3564 1858 3636 loco
1873 3560 1958 3643 sunt,

272 3663 367 3764 ptiis
380 3659 896 3764 presentibus.accipientisque
915 3669 951 3739 in
968 3679 1108 3741 uxorem
1132 3661 1240 3770 filium
1280 3688 1318 3733 ac
1354 3659 1596 3737 filiumfamilias
1629 3660 1862 3776 despondent,
1892 3657 1959 3774 sed

274 3761 474 3858 copulatum
493 3767 538 3850 εἴ
558 3763 741 3852 traditum,
771 3763 812 3840 si
832 3791 876 3839 ex
900 3789 936 3838 so
965 3777 1108 3864 ternpore
1124 3759 1269 3932 stonsus
1282 3761 1383 3833 stiom
1398 3759 1557 3854 suturam
1582 3766 1753 3859 conjugem
1788 3757 1959 3957 thapsam·

1148 3883 1169 3931 a

274 3859 487 3970 poffldentiss
502 3867 590 3946 unde
610 3868 707 3938 etiam
723 3864 891 3938 concludit
905 3875 936 3946 §-
958 3891 1013 3953 37.
1029 3892 1061 3936 n.
1074 3891 1108 3960 4.
1171 3871 1227 3933 tur
1247 3856 1288 3931 ss
1298 3857 1459 3974 spondet,
1479 3857 1564 3975 unde
1573 3860 1689 3961 spons
1703 3883 1744 3933 nc
1769 3884 1837 3977 pon
1853 3879 1882 3933 ae
1900 3881 1959 3931 no·

278 3963 312 4032 ln
327 3963 455 4050 nuptiis
468 3963 638 4076 geminum
652 3965 776 4052 requiri
795 3959 1109 4076 consensumspon·
1132 3961 1363 4130 menssxsisppt.
1388 3957 1580 4154 SUsppppitp
1600 3955 1839 4148 sibliosriiiso
1853 3953 1959 4153 hosts:

272 4055 703 4260 sogalessssppssppplpppiu
717 4060 1107 4249 nistiixciisiisssiii.
1130 4062 1360 4242 iinsiinnoin
1389 4083 1492 4229 missis
1507 4156 1586 4251 suit
1612 4115 1776 4230 vitatibus
1796 4155 1960 4254 stipulari

280 4255 484 4344 trahentium
508 4253 614 4338 fiunt,
639 4269 675 4334 &
691 4260 764 4370 ideo
780 4259 867 4356 scut
885 4258 1031 4353 nuptiis,
1055 4261 1106 4331 ita
1135 4252 1176 4328 ss
1192 4255 1356 4349 spondere
1370 4254 1440 4354 sbi
1459 4273 1581 4328 uxores
1595 4257 1747 4350 suturas.
1800 4255 1961 4326 Florenti·
2111 4349 2113 4354 Ι
2159 4301 2165 4312 -.

274 4351 495 4452 sponsalibus
509 4354 787 4453 filiantsotnilsos
808 4352 988 4451 consentire
1010 4379 1107 4450 opor·
1131 4378 1192 4423 nus
1212 4352 1234 4424 l.
1261 4381 1290 4442 3.
1307 4356 1379 4426 eod.
1402 4355 1489 4427 uode
1505 4364 1540 4428 δι
1561 4351 1665 4442 sponsi
1696 4345 1885 4442 sponsoque
1903 4354 1962 4425 ad·

282 4463 348 4538 tet,
373 4453 577 4544 aitJulianus
596 4454 619 4526 l.
638 4451 814 4544 Sponsalia.
831 4481 841 4528 1
857 4477 882 4525 t.
901 4451 937 4526 ff.
953 4459 994 4527 de
1011 4452 1109 4543 spon.
1131 4448 1368 4540 pellatioaenata
1396 4455 1452 4526 est.
1504 4451 1684 4548 Conjunge
1710 4449 1859 4524 Gellium
1882 4449 1958 4524 libr.

280 4547 410 4624 salibus.
476 4547 520 4623 In
542 4549 759 4649 sponsalibus
794 4549 966 4647 consensus
997 4575 1108 4627 eorum
1134 4547 1199 4620 lV.
1216 4553 1304 4621 noo.
1324 4551 1427 4624 Attio.
1442 4574 1514 4639 cap.
1532 4547 1599 4623 IV.
1619 4549 1677 4624 ubi
1697 4574 1737 4623 ex
1759 4551 1873 4623 Servio
1888 4549 1961 4624 Sul«

282 4647 468 4746 exigendus
484 4653 550 4750 esl,
597 4675 712 4726 uorum
746 4653 933 4746 innuptiis
949 4650 1109 4744 desdera-
1133 4649 1216 4733 pisio
1239 4658 1273 4720 dt
1293 4651 1432 4721 Neratio
1452 4642 1560 4720 Prisco
1580 4671 1707 4723 veteres
1724 4642 1961 4738 sponsaliorum

283 4757 353 4838 tas,
367 4750 416 4822 als
430 4748 548 4822 Paulus
562 4676 597 4822 s
612 4752 646 4824 in
652 4749 878 4848 sponsalibus,
897 4756 969 4824 eod.
981 4743 1110 4839 Utique
1133 4748 1216 4818 ritus
1238 4746 1381 4816 adducit.
1400 4751 1451 4842 (t)
1501 4745 1591 4839 Quia
1611 4772 1692 4822 uero
1701 4744 1866 4844 sptondsre
1882 4773 1963 4836 pro·

1883 4848 1959 4933 prie
2105 4875 2108 4880 ·

323 4967 374 5048 (⁹)
392 4966 444 5030 De
464 4969 589 5032 rasione
613 4969 786 5051 spondendi
816 4980 962 5040 ueterum
982 4969 1111 5052 insignia
1214 4962 1398 5058 larlaspllf.
1415 4981 1443 5060 ²:
1466 4961 1503 5040 sc.
1525 4980 1553 5027 2.
1570 4983 1614 5026 ex
1634 4981 1699 5058 quo
1724 4964 1854 5029 aoi'tote
1878 4964 1965 5027 haud
2020 5055 2022 5060 Ι

362 5049 447 5132 apud
477 5067 663 5109 ranvrvn
682 5049 786 5114 exstnt
807 5051 916 5127 locus,
950 5050 983 5113 in
1009 5055 1112 5114 Antu·
1213 5041 1357 5123 vulgaria
1378 5061 1441 5125 Just
1457 5034 1609 5109 Romano
1632 5043 1873 5126 interpretando
1891 5041 1963 5105 sub-

266 5160 279 5174 ··
423 5127 520 5225 Totis.
546 5126 635 5208 XV.
1182 5127 1216 5196 R
1533 5201 1535 5205 ,
1848 5199 1850 5205 ,
1889 5119 1965 5190 fidi·
2002 5233 2004 5239 Ι
2053 5111 2056 5116 ’
