4884 5984
393 477 465 594 m
554 465 709 544 ΜΒ
723 425 847 544 xxvi.
874 465 972 540 CAP.
986 469 1028 538 V.
1055 411 1234 542 MEMBRi
1251 469 1295 542 11.
1319 443 1427 540 Aur.
1445 468 1490 538 ii.
1514 465 1629 542 PARS
1642 463 1669 544 i.
1693 453 1817 544 SECT}
1832 470 1893 541 W.

383 661 400 704 ·³
439 721 443 726 .
467 673 495 748 i.
513 665 748 740 cccuxxu.
773 659 891 736 Adhne
903 660 1190 738 huicBeilarmini
1213 685 1344 752 „qumi
1360 665 1435 736 Deo
1456 667 1623 743 mediante
1638 667 1755 738 mima
1775 683 1894 737 eornm
1913 673 2027 753 capu:

381 765 579 852 'exceptioni
592 764 637 834 en
652 763 756 847 iliud,
782 767 871 852 quod
890 765 1014 850 injure
1029 765 1189 837 canonico
1213 760 1319 850 „late
1334 756 1449 847 sunt„
1476 765 1578 859 Resp.
1606 769 1656 857 r.)
1675 763 2020 854 diiiingueudomnd¹

389 863 604 956 proponitur.
656 859 830 934 Zachaci'ns
853 857 1005 951 pontifex
1023 887 1052 936 c.
1074 865 1190 948 arua
1212 881 1327 935 curate
1350 860 1437 932 inter
1461 869 1754 957 propinquitatem·
1769 856 1962 933 naturalem
1982 867 2020 934 de

392 958 598 1032 eiumXXX.
620 985 653 1050 q.
668 963 699 1047 ς’.
731 953 1189 1058 „Benetuasnndiafrtterni-
1206 957 1448 1058 spiritualem,
1473 985 1514 1035 ert
1539 959 1825 1055 consanguinitate
1844 953 2020 1034 &ndhni
2047 1007 2052 1014 -

389 1075 470 1143 „tes
500 1081 711 1148 compertum
745 1054 843 1130 habet
855 1107 869 1142 ,
900 1060 993 1146 qnod
1025 1060 1191 1132 Dominus
1214 1080 1282 1132 tete
1309 1056 1468 1129 naturalis
1494 1063 1725 1154 propinquitas
1750 1059 1885 1136 oritur,
1917 1079 2020 1144 quam

391 1157 586 1246 „pracepit
597 1153 682 1230 Most
696 1159 825 1228 dicens:
861 1151 1115 1250 Turpitudisscm
1126 1177 1188 1252 pu·
1214 1159 1249 1229 in
1265 1158 1363 1228 certis
1376 1153 1572 1246 quibusdam
1590 1156 1749 1251 gradibus
1763 1155 2017 1227 matrimonium

292 1283 309 1312 ν-
330 1259 334 1267 ’
390 1253 458 1328 iris
475 1254 527 1326 tui
543 1254 598 1328 uei
612 1256 754 1338 matris,
774 1252 827 1326 uei
835 1253 968 1350 sororis
984 1278 1051 1328 non
1065 1254 1191 1340 'rauciu-
1214 1256 1379 1342 impedite
1399 1280 1448 1340 ,ex
1472 1250 1548 1350 leqe
1575 1259 1687 1330 divina
1711 1255 1861 1329 coniitts
1899 1245 2021 1323 seder

390 1347 461 1439 his,
476 1355 657 1452 -iustritndo
676 1355 763 1426 euim
784 1355 917 1454 suntsi.
968 1358 1088 1440 „Corn
1106 1377 1191 1444 erga
1214 1349 1376 1441 spirituali
1390 1357 1642 1445 propinquitate
1662 1355 1786 1441 nuptiis
1808 1340 2022 1444 invidum

390 1456 595 1544 „a-propria
614 1454 899 1544 consanguinitate
916 1451 1074 1541 jubemur
1094 1449 1192 1525 absti-
1214 1453 1381 1540 quoddam
1404 1450 1525 1542 objici,
1550 1457 1617 1527 iton
1636 1452 1745 1542 potest
1764 1474 1805 1524 ex
1828 1448 1936 1520 verbo
1955 1446 2023 1519 Dei

280 1617 285 1626 .
390 1575 519 1636 ‚,oere,
547 1551 654 1625 multo
674 1554 780 1644 nangis
799 1545 994 1643 aspirituaii
1013 1547 1114 1625 nostri
1134 1575 1192 1639 pa·
1216 1549 1269 1621 rel
1291 1545 1385 1622 censa
1403 1552 1555 1625 rationali
1573 1551 1720 1643 probari.
1772 1544 1825 1643 2.)
1853 1545 2021 1641 Quamvis

228 1643 236 1652 ’
318 1719 326 1734 ,
390 1651 480 1735 „tris
493 1647 579 1732 filia,
594 1652 686 1723 omni
697 1645 904 1723 excusatione
920 1671 977 1722 aut
992 1671 1190 1742 argumento
1214 1649 1318 1742 igitur
1348 1651 1581 1739 propinquitas
1610 1643 1789 1741 spiritualis
1811 1642 1856 1732 ⁸iit
1880 1641 2022 1716 sinui-r

254 1795 275 1820 n
391 1743 560 1834 „seposito
577 1743 636 1821 suh
652 1750 754 1820 nimia
772 1745 973 1820 districiione
992 1772 1051 1818 nos
1073 1771 1191 1819 carme
1215 1760 1249 1821 dr
1273 1748 1408 1837 dignior
1431 1772 1529 1836 quam
1552 1743 1732 1830 naturalis,
1757 1738 1946 1837 inabsoluta
1970 1741 2024 1814 iu⁴

392 1848 589 1930 „convenia
652 1841 823 1919 Nicninur'
838 1869 864 1916 c.
884 1842 944 1918 Ira
960 1844 1103 1941 diligere
1118 1844 1189 1920 ead.
1217 1848 1324 1916 vicem
1339 1841 1577 1930 conferantur,
1597 1868 1708 1917 tamen
1726 1841 1832 1914 ficum
1857 1851 1955 1914 orate
1970 1865 2023 1912 re·

393 1945 478 2028 „Est
499 1945 589 2017 inter
607 1941 729 2016 fratres
750 1953 785 2017 δε
805 1940 892 2015 filios
913 1937 1096 2034 spirituales
1114 1969 1189 2037 gra·
1217 1939 1332 2031 spestu
1353 1946 1394 2015 ed
1410 1944 1605 2035 conjugium
1623 1942 1739 2015 habito
1757 1864 2021 2020 condonentur,

393 2046 508 2128 „tuiis
530 2051 565 2117 δι
590 2037 698 2116 sendra
720 2044 934 2122 communio,
959 2067 1030 2129 quae
1055 2046 1194 2116 dicendo
1216 2043 1448 2132 propinquitas
1466 2041 1628 2116 naturalis.
1641 2044 1675 2112 in
1691 2040 1936 2130 impedimento
1952 2061 2032 2110 nav
2056 2125 2058 2129 Ι

274 2227 279 2234 Ι
394 2154 493 2226 „nun
508 2143 556 2211 eii
574 2137 856 2232 consanguinitas,
881 2136 935 2212 sed
955 2138 1113 2214 habenda·
1128 2135 1194 2230 spi·
1218 2141 1367 2212 trimonii
1383 2141 1591 2216 conciliando
1608 2134 1775 2212 efficacior
1791 2139 1859 2218 eii,
1882 2160 1962 2208 cnut
1982 2137 2025 2208 de

394 2235 772 2326 ‚,ritualisproximitas,
794 2237 1194 2312 undeintereosarhitror
1217 2265 1257 2313 ea
1274 2241 1376 2312 exiiet
1399 2236 1545 2328 etprelsa
1564 2239 1616 2311 lex
1638 2240 1772 2320 divina,
1796 2238 1841 2308 de
1856 2231 2021 2322 spirituali

229 2301 233 2308 Ι
267 2341 274 2350 “
395 2349 494 2422 „nori
504 2331 858 2425 poffefieriquodlibet
867 2334 975 2428 legale
986 2340 1194 2430 coniugium,
1217 2359 1330 2409 nutent
1353 2339 1570 2429 cognatione,
1600 2341 1690 2425 qood
1720 2331 1936 2404 matrimonio
1958 2332 2024 2402 im-

397 2436 695 2526 „quandoquidem
713 2458 773 2507 nec
790 2435 876 2505 inter
888 2458 967 2515 eos,
995 2438 1195 2523 quinarum,
1219 2439 1449 2524 pedimentnm
1466 2433 1617 2514 adferat,
1633 2434 1737 2505 altum
1755 2429 1878 2519 ubique
1892 2432 1927 2515 in
1944 2425 2023 2502 scri·

398 2541 465 2622 „dr
484 2556 565 2617 eos,
598 2534 655 2621 qui
677 2534 855 2623 adoptione
878 2529 938 2605 filii
961 2527 1061 2613 sunt,
1096 2558 1196 2606 vene·
1219 2537 1327 2623 pruris
1348 2532 1384 2603 stt
1406 2533 1580 2606 silentium.
1640 2534 1692 2622 3.)
1714 2532 1746 2602 Si
1766 2528 1884 2602 liceret
1902 2555 1923 2600 a
1940 2551 2028 2616 pro»

272 2639 283 2662 “
398 2633 539 2719 „randae
552 2635 711 2704 Romana
722 2631 813 2722 leges
823 2631 1034 2720 matrimonia
1044 2630 1195 2703 contrahi
1220 2633 1406 2720 pinquitate
1434 2631 1589 2704 naturali
1613 2632 1655 2704 nd
1674 2623 1920 2724 spiritualem,
1950 2649 2026 2698 ten·

397 2730 638 2818 „permirtum
690 2723 1197 2802 itemi'tintereosnoncontra·
1220 2756 1320 2820 quam
1343 2757 1362 2802 a
1383 2733 1505 2803 ntittori
1529 2733 1569 2803 ad
1594 2737 1699 2815 maius
1723 2729 1758 2798 in
1781 2726 1960 2814 quastione
1980 2728 2026 2798 da
2064 2799 2066 2805 ,

390 2825 520 2924 „hitur
534 2827 804 2909 matrimonium,
822 2848 905 2914 quos
922 2828 1058 2914 adoptio
1073 2829 1197 2920 jungit,
1220 2831 1469 2917 impedimentis
1480 2826 1682 2900 matrimonii
1692 2827 1896 2914 procedere,
1912 2817 2026 2896 evinci
2038 2859 2043 2888 .-

256 2987 260 2994 .
399 2934 559 3016 „quanto
583 2922 876 3016 potiusacarnaii
898 2945 1033 3013 oportet
1055 2923 1198 3002 intense
1220 2924 1352 3016 poisat,
1393 2930 1482 2998 inter
1499 2949 1613 2997 omnes
1633 2925 1770 2995 omnino
1793 2944 1872 2994 vere
1891 2922 1969 3010 pios
1987 2922 2027 2998 dt

275 3087 279 3094 .
370 3105 374 3110 ,
398 3080 421 3116 ,,
433 3023 655 3100 contubernio
665 3017 787 3095 reisare
797 3021 979 3109 iiius,quos
994 3047 1056 3110 per
1066 3023 1209 3099 ctelestc-
1220 3027 1425 3101 Christianos
1439 3025 1640 3096 matrimonii
1658 3023 1872 3092 interdidium
1890 3020 2024 3111 vigete,

333 3184 337 3196 .
398 3178 421 3214 „
439 3120 678 3220 sacramentum
702 3122 912 3212 regeneratio
934 3116 1034 3193 sertui
1058 3125 1199 3209 Spiritus
1220 3148 1297 3198 cum
1314 3119 1661 3212 intereosspiritunlis
1678 3122 1712 3191 in
1731 3115 1865 3203 Christo
1879 3120 2024 3208 propin·

274 3237 279 3244 ·
398 3275 422 3312 ,,
436 3220 575 3310 jungit?
605 3224 721 3310 Longe
745 3241 830 3311 ergo
852 3220 1091 3310 congruentius
1112 3217 1198 3291 filius
1221 3222 1328 3309 quitas
1355 3224 1477 3312 vigeat.
1540 3223 1596 3310 4.)
1628 3223 1753 3292 Utrum
1784 3239 1865 3288 sero
1896 3240 2024 3308 cogna-

246 3339 257 3356 ·
400 3323 532 3410 „patris
548 3319 615 3389 mei
633 3317 687 3390 sei
707 3316 811 3390 frater
832 3341 923 3386 meus
942 3315 1128 3405 adpelintur
1151 3320 1198 3400 is,
1221 3317 1346 3397 tionem
1363 3321 1588 3409 augustiorem
1609 3328 1643 3391 &
1663 3311 1888 3387 efficaciorem
1908 3309 2024 3389 cense-

397 3441 529 3507 „quem
545 3417 655 3488 divina
672 3416 779 3508 grstia
792 3416 922 3503 potius,
938 3439 1039 3504 quam
1056 3413 1199 3488 humana
1223 3416 1360 3493 bimus?
1387 3442 1468 3488 num
1488 3405 1587 3497 eam}
1612 3441 1685 3505 qua
1706 3416 1818 3486 divina
1841 3414 2022 3487 autoritate

399 3517 584 3609 „uoluntas
599 3564 609 3597 ,
622 3537 659 3587 ut
682 3512 771 3586 filius
784 3514 887 3603 patris
903 3518 989 3594 mei,
1013 3511 1068 3586 uel
1090 3511 1194 3587 frater
1220 3540 1259 3588 ac
1278 3518 1404 3607 gratia,
1429 3518 1576 3605 itemque
1597 3513 1730 3586 salutari
1750 3513 1895 3600 Spiritus
1917 3505 2023 3585 studii

245 3617 261 3710 ζ
298 3669 301 3674 -
400 3641 525 3710 „meus
543 3611 640 3695 erret,
661 3611 783 3703 elegit,
807 3613 1070 3701 prudentiusque
1091 3611 1132 3684 ab
1152 3613 1196 3684 ai·
1222 3616 1330 3706 gratia
1349 3616 1485 3695 nititur,
1511 3625 1545 3689 δε
1560 3615 1596 3684 in
1610 3612 1745 3686 Christo
1763 3609 1919 3681 omnibus
1938 3635 2022 3683 rere

399 3737 523 3805 „terna
538 3714 689 3800 corporis
704 3712 938 3782 commixtione
952 3706 1164 3786 secernimur.
1173 3759 1198 3796 „
1222 3716 1286 3800 piis
1305 3717 1490 3784 communis
1508 3716 1572 3793 est,
1596 3733 1696 3798 atque
1711 3732 1751 3780 ex
1767 3732 1808 3779 eo
1824 3710 2021 3781 communio

315 3850 320 3859 ·
406 3812 475 3889 Cui
490 3801 1200 3910 conformeiiiudpiuconciiioConstantino·
1222 3805 1409 3884 studiorum
1430 3810 1550 3884 diua?
1587 3835 1629 3881 nn
1655 3831 1857 3889 ueroeam,
1882 3831 1954 3896 que
1982 3832 2024 3880 ex

400 3906 665 4012 poliiunosexto
682 3930 756 3979 con.
776 3931 831 3997 53.
884 3908 1086 3999 „Quoniam
1104 3902 1198 3999 spiri·
1222 3907 1434 3982 ecclefiastica
1458 3914 1618 3982 duntaxat
1638 3906 1875 3991 ordinatione,
1903 3930 1943 3977 er
1969 3901 2024 3977 su·

370 4059 375 4064 -
401 4006 528 4101 „cuciis
545 4003 748 4079 necessitudo
768 3999 823 4075 seu
844 4002 993 4076 adfinitas
1015 4025 1197 4095 corporum
1225 4003 1413 4096 [ceptorum
1434 4004 1558 4081 scilicet
1579 4010 1666 4078 circa
1687 3997 1888 4093 baptismum
1908 4001 2023 4077 officio

401 4106 663 4202 „conjunctione
675 4104 854 4192 majocch,
872 4103 905 4172 in
914 4102 1199 4176 nonnullisautem
1223 4102 1417 4187 descendit,
1449 4116 1484 4181 dt
1506 4107 1621 4198 paucis
1644 4108 1802 4174 duntaxat
1820 4104 2023 4184 intercedit?

403 4210 514 4300 „inus
524 4205 745 4296 cognovimus
758 4195 939 4292 quosdam,
964 4204 1023 4290 qui
1037 4227 1076 4275 ex
1089 4199 1200 4276 sanun
1224 4202 1247 4277 ii
1266 4209 1360 4292 prior
1377 4203 1432 4275 iila
1446 4207 1557 4277 divina
1572 4215 1606 4278 δι
1620 4206 1750 4274 interna
1767 4198 2023 4274 unitasnuilum

403 4318 471 4400 „&
491 4301 622 4377 salutari
640 4297 834 4392 baptismate
851 4296 992 4372 infantes
1009 4296 1199 4390 suscipiunt,
1224 4300 1340 4389 objicit
1354 4306 1478 4392 nuptiis
1492 4305 1789 4392 impedimentum,
1808 4324 1888 4372 num
1903 4301 1945 4372 de
1958 4296 2024 4376 hta,

284 4453 290 4462 ·
403 4407 547 4499 „postea
564 4425 696 4493 quoque
716 4425 792 4472 com
811 4398 971 4470 matribus
992 4397 1126 4471 illorum
1150 4403 1199 4472 ni.
1224 4427 1320 4475 mana
1339 4413 1375 4477 δι
1388 4426 1525 4475 externa
1541 4400 1597 4473 iila
1613 4400 1862 4490 propinquitate
1880 4400 1914 4468 id
1927 4395 2023 4471 adse·

405 4564 427 4600 „
437 4505 511 4578 duis
528 4502 776 4573 matrimonium
792 4496 1005 4578 contrahere,
1019 4499 1200 4581 uaticinos.
1224 4509 1360 4579 remus?
1392 4505 1442 4593 5.)
1468 4503 1563 4594 Quid
1579 4502 1670 4587 quod
1688 4522 1756 4569 non
1777 4493 1837 4567 soii
1855 4490 2024 4585 suscepto·

405 4625 472 4697 „ut
494 4602 528 4671 in
553 4601 723 4689 posterum
745 4595 829 4668 nihil
853 4594 918 4668 tnle
942 4592 999 4667 hat
1024 4600 1198 4683 ejusmodi.
1224 4623 1296 4680 res,
1318 4594 1373 4671 sed
1394 4622 1463 4671 totn
1480 4597 1615 4673 ecclesia
1632 4592 1773 4669 infantes
1787 4591 1954 4683 baptismo
1970 4591 2025 4669 of·

406 4695 660 4798 Itemque-iilud
680 4687 881 4796 Juflinr'oni
899 4693 924 4766 i.
939 4694 973 4794 fi
997 4694 1071 4789 quis
1092 4702 1201 4768 aium·
1225 4696 1292 4769 iert
1324 4703 1465 4771 docente
1490 4698 1677 4789 Augustino
1706 4696 1801 4783 epist.
1825 4700 1951 4767 Xxlli.
1978 4696 2023 4767 ad

404 4824 486 4879 nom
510 4793 550 4869 C.
572 4794 611 4868 dr
629 4796 735 4897 incest.
761 4791 803 4869 85
824 4793 910 4878 iqui.
932 4802 1025 4890 nupt.
1103 4793 1203 4868 Nihil
1227 4793 1375 4870 Bonifsc.
1433 4793 1691 4885 ‚,Offeruntur‚
1724 4792 1860 4891 inquit„
1886 4791 2024 4882 parvuli

345 4957 351 4968 .
406 4898 525 4994 „aliud
549 4892 593 4968 stc
615 4897 773 4968 inducere
792 4894 900 4985 potest
920 4841 1100 4982 paternah
1112 4891 1204 4967 adfe·
1227 4920 1322 4979 „non
1343 4917 1411 4968 tam
1434 4895 1477 4968 ab
1498 4898 1566 4976 eis,
1595 4917 1738 4983 quorum
1758 4894 1929 4985 gestantur
1951 4917 2026 4965 ma·

406 5000 582 5093 „diionem
613 5004 649 5069 δι
665 4998 795 5082 1Ῑιιίὶειιη
828 4994 1021 5082 nuptiarum
1052 4989 1201 5082 prohibi.
1227 4995 1373 5081 „nibus,
1399 4989 1758 5084 quamvis&abipiis,
1781 4990 1853 5065 st&
1868 4988 2028 5080 ipiiboni

301 5117 304 5124 ·
406 5098 590 5190 „tionem
628 5118 729 5187 quam
757 5089 949 5195 hujusmodi
977 5115 1104 5175 nexus,
1141 5116 1204 5184 per
1226 5090 1370 5181 „fideles
1391 5091 1484 5179 suut,
1507 5115 1607 5185 qoam
1627 5089 1670 5165 ab
1692 5084 1845 5168 universa
1868 5084 2028 5259 soscietate

684 5231 692 5238 ·
1861 5240 1885 5277 ‚‚
1905 5191 2027 5265 ando·

1794 5431 2017 5498 ,Ὀ
