4884 5984
912 523 918 534 .
1013 464 1077 540 ne
1124 463 1398 546 coeuntia.
1654 465 1657 470 ·
1887 431 1889 436 ’
1960 486 2025 568 -43

386 671 495 740 men
510 643 943 762 caeterorummetum)
965 657 1191 759 tromper
1214 662 1365 755 accipit,
1391 659 1435 736 fic
1456 661 1546 737 enim
1569 659 1681 738 scribit
1696 685 1711 750 ι,
1742 661 1804 739 Ab
1828 661 2021 743 ioninibne

383 763 454 835 lroc
468 761 539 855 ipso
556 759 631 837 loco
647 786 763 839 contra
783 756 994 855 pontificium
1017 759 1192 834 ctrlibmue
1211 760 1449 862 ‚maucburfim
1497 763 1533 834 ttt'
1544 786 1591 840 ex,
1627 783 1749 836 umono
1761 779 1928 862 praecepto
1943 788 2018 842 ear·

384 881 505 934 votum
521 882 757 956 argoptentum
774 862 944 941 ducimus,
959 862 1051 948 quod
1064 862 1201 946 donum¹
1214 860 1307 934 nolis
1324 786 1599 959 concupileentiae
1619 863 1808 938 incendium
1827 862 2016 961 exscindit,

381 961 599 1050 ¹continentie
632 984 724 1036 extra
750 960 945 1052 coniugium
975 981 1044 1030 non
1077 956 1117 1028 stt
1144 959 1191 1032 ita
1214 960 1270 1035 cui
1289 961 1427 1062 opponit
1445 985 1541 1048 eum,
1562 960 1690 1060 quisti
1705 960 2015 1066 fantasticum

333 1113 336 1118 .
383 1079 637 1148 comparatum,
653 1085 691 1133 ut
707 1061 853 1150 quisquis
867 1052 1061 1130 etrlibrtum
1074 1056 1188 1149 elege-
1213 1084 1231 1133 e
1261 1110 1274 1145 ,
1297 1061 1356 1156 qui
1370 1083 1436 1133 non
1453 1059 1498 1135 ob
1512 1058 1667 1158 olimst
1699 1059 1828 1161 seipso
1840 1061 2015 1166 inanest
2072 1087 2076 1096 ·

382 1155 433 1227 rit
451 1181 490 1230 tc
508 1159 656 1240 voterit,
679 1161 779 1231 modo
799 1156 880 1231 velit
898 1164 933 1228 δι
953 1175 1064 1244 petat,
1085 1150 1187 1246 polilt
1268 1157 1338 1260 suo
1350 1157 1477 1256 sponte
1489 1158 1536 1232 nd
1549 1162 1790 1236 continentiam
1809 1161 2011 1249 inclinatum

383 1250 470 1328 illud
489 1253 631 1344 habete,
655 1252 710 1329 sed
726 1259 815 1348 quod
838 1251 877 1327 stt
894 1248 1185 1351 donumspeciule.
1209 1281 1275 1346 qna
1303 1263 1433 1333 ratione
1456 1256 1561 1332 solum
1583 1263 1731 1348 primunt
1747 1261 1948 1354 membrum
1967 1265 2014 1337 de,

381 1353 588 1427 Cum‘enim
612 1354 750 1444 apostoli
770 1355 958 1434 audientes,
979 1353 1185 1426 matrimonii
1207 1356 1369 1430 eunuchis
1394 1381 1539 1448 corpore
1561 1357 1680 1431 talibus
1701 1357 1839 1454 ageret,
1862 1365 1929 1433 duo
1949 1384 2011 1432 eu·

381 1449 556 1525 vinculum
579 1449 644 1528 effe
670 1474 738 1527 tarn
765 1457 896 1529 artium
917 1473 1018 1540 atque
1045 1471 1185 1541 excepta
1208 1476 1278 1530 tem
1298 1458 1465 1544 postrema
1484 1459 1527 1528 de
1549 1456 1709 1530 eunuchis
1727 1459 1839 1532 animo
1858 1467 1894 1534 te
1912 1453 2009 1554 spiri·

380 1549 481 1624 unice
497 1547 653 1626 adulterii
673 1546 768 1626 cause
788 1553 920 1644 penitus
936 1545 1180 1642 indisolubile,
1205 1573 1244 1625 tu
1265 1550 1404 1627 talibus:
1431 1549 1487 1627 sed
1505 1555 1626 1628 refflue
1646 1557 1811 1645 accipitur
1834 1559 1877 1629 de
1899 1578 2009 1630 euno·
2137 1585 2142 1597 *

361 1648 419 1746 Ιἰιι
439 1645 510 1720 lter
537 1646 640 1724 rerba
657 1671 895 1743 erumperent:
939 1643 982 1722 Si
1009 1648 1181 1745 negotium
1205 1649 1276 1724 eltis
1292 1674 1455 1743 corpore,
1482 1654 1541 1740 qui
1566 1675 1629 1743 per
1653 1653 1846 1728 violentitm
1876 1653 2011 1727 castrati

378 1743 531 1822 dominis
553 1769 628 1821 cum
646 1772 753 1823 uxore
778 1750 830 1824 ita
856 1748 1087 1845 comparatum
1110 1749 1178 1846 est,
1204 1743 1297 1830 sunt,
1323 1750 1401 1824 eliae
1420 1775 1526 1843 genus
1543 1753 1710 1839 quoddam
1724 1749 1956 1825 eunuchorum
1968 1754 2006 1825 in

377 1869 450 1920 noer
474 1845 612 1944 expedit
629 1845 773 1928 nuberet
805 1843 926 1922 diserte
949 1844 1100 1920 Christus
1126 1870 1180 1922 re-
1202 1850 1360 1922 edcuretn
1380 1846 1437 1921 illa
1460 1849 1655 1923 tractatione
1676 1847 1785 1924 fuiffe't
1806 1847 2007 1939 pretermis-

374 1941 548 2038 spondet,
576 1969 643 2022 nott
664 1971 775 2022 omnes
799 1947 861 2021 tot
879 1942 1015 2020 veebum
1035 1967 1177 2042 capere,
1202 1938 1285 2021 snm.
1339 1949 1465 2022 Eodem
1492 1950 1593 2022 modo
1619 1942 1770 2038 exposuit
1802 1946 1949 2020 Hilarius
1968 1949 2006 2021 in
2038 2029 2042 2038 ¹

365 2041 438 2144 sed
451 2039 572 2142 quibus
592 2044 709 2121 dotum
728 2049 782 2146 esi.
830 2042 886 2144 2.)
901 2048 1071 2120 Caeterum
1087 2065 1178 2118 uteo
1202 2069 1328 2122 comm.
1378 2042 1431 2118 In
1446 2069 1512 2120 uno
1537 2047 1682 2137 (inquit)
1705 2043 1820 2144 pofitit
1852 2042 2006 2146 Christro

376 2143 501 2218 elarius
523 2143 674 2220 cunnus
696 2145 858 2243 explicet,
882 2145 1018 2231 quinam
1039 2143 1093 2215 ad'
1107 2166 1177 2214 eor·
1201 2153 1382 2231 romeam,
1405 2145 1441 2217 in
1460 2144 1569 2218 altero
1587 2143 1824 2245 necessitatem,
1851 2145 1888 2219 iet
1902 2144 2004 2219 tertio

375 2241 521 2340 libatum
539 2242 704 2334 emisam,
728 2240 896 2317 co'nltituit
915 2242 984 2314 duo
1004 2239 1177 2316 eunucho·
1199 2241 1419 2316 volantatem.
1469 2242 1611 2316 Duobus
1622 2242 2006 2337 illireunuthorumge*

376 2363 496 2416 eume
521 2344 736 2416 matrimonio
761 2340 995 2436 abstinentium
1018 2362 1174 2431 genere,
1202 2341 1357 2424 neribus,
1378 2343 1436 2431 qui
1450 2337 1618 2416 taleasunt
1637 2341 1691 2414 vel
1705 2343 2004 2440 pernoturome‘n·
2034 2373 2039 2380 ·

376 2441 516 2532 quidam
537 2461 692 2540 corpore,
713 2442 848 2530 quidem
866 2437 981 2510 animo
995 2434 1181 2608 ncdpiritu
1203 2449 1356 2525 emnem,
1379 2438 1435 2512 rel
1448 2437 1720 2537 perviolentinm
1736 2452 1922 2526 externam.
1941 2465 2005 2531 op·

378 2535 463 2614 tolet
477 2535 562 2612 suot
612 2545 767 2631 Corpore
781 2537 882 2617 tales,
895 2539 1030 2624 iterum
1045 2555 1105 2609 unt
1117 2535 1179 2608 du·
1202 2540 1307 2627 ponit·
1324 2536 1477 2613 cbristus
1495 2537 1664 2612 eunuchos
1683 2540 1798 2616 anieno
1816 2564 1857 2615 oc
1870 2537 2004 2638 spiritu

374 2637 502 2730 plicet,
521 2638 657 2729 quidam
676 2635 921 2713 eunuchinoti
941 2658 985 2709 ex
1001 2646 1094 2709 utero
1109 2655 1179 2706 mo·
1203 2637 1314 2718 tales,
1336 2638 1394 2726 qui
1411 2631 1444 2708 se
1464 2634 1551 2725 ipsos
1571 2635 1737 2713 eunuchos
1748 2641 1908 2734 feceruut
1919 2661 2006 2737 pro-

365 2735 462 2825 teri,
488 2737 554 2810 hoc
569 2740 635 2819 est,
655 2746 723 2828 jam
743 2737 821 2808 inde
841 2759 861 2808 a
879 2735 989 2825 prima
1007 2734 1180 2808 nativitate
1198 2746 1434 2834 interregnum
1458 2734 1638 2823 caelorum,
1674 2741 1709 2810 id
1730 2742 1799 2823 est,
1836 2743 1895 2829 qui
1922 2757 2002 2811 cum

375 2837 463 2910 vitio
482 2833 594 2925 aliquo
610 2833 752 2909 naturali
769 2835 810 2907 ad
834 2834 1030 2927 coniugium
1044 2833 1151 2921 inepti
1168 2887 1179 2918 ,
1202 2858 1270 2914 ner.
1283 2859 1347 2924 per
1362 2854 1487 2906 naturae
1508 2835 1646 2920 vitium,
1672 2860 1734 2909 nec
1749 2861 1811 2926 per
1826 2836 2004 2910 hominum

373 2935 515 3028 qnidam
531 2959 614 3009 vero
634 2932 779 3009 eunuchi
795 2927 890 3026 salii
910 2930 955 3006 ab
971 2928 1180 3016 hominibus,
1202 2929 1403 3006 maleficium
1420 2931 1565 3005 eunuchi
1578 2927 1698 3023 essent,
1714 2929 1770 3008 sed
1782 2938 1853 3026 apti
1864 2939 1905 3010 ad
1923 2958 2003 3009 con·

373 3033 444 3126 lior
463 3033 538 3114 eli,
567 3058 630 3122 per
661 3032 855 3105 violentiam
879 3028 922 3105 ab
948 3027 1012 3103 illis
1038 3030 1178 3103 astrati.
1202 3033 1355 3123 jugium,
1380 3051 1491 3103 tamen
1510 3029 1616 3103 libere
1632 3058 1671 3105 ac
1692 3027 1809 3123 sponte
1826 3025 1870 3109 ab*
1885 3058 1927 3108 eo
1945 3031 2003 3107 ab·

374 3129 650 3224 Theophphttur
667 3133 802 3222 quidem
819 3131 855 3202 in
874 3153 998 3204 comm.
1019 3130 1180 3220 posteriue
1206 3131 1351 3222 llinent,
1376 3130 1532 3217 ,adeoque
1557 3125 1709 3222 resptttu
1735 3134 1880 3227 coniugii
1902 3135 1949 3205 ita
1970 3127 2004 3207 se
2079 3219 2083 3227 Ι

371 3229 446 3308 hoe
470 3231 662 3307 membrum
680 3234 723 3304 de
740 3224 1039 3319 eunuchisspiritu
1063 3224 1183 3300 talibus
1205 3248 1361 3322 gerunt,
1395 3251 1434 3301 ac
1471 3225 1496 3299 st
1534 3250 1682 3321 corpore
1713 3232 1859 3306 eunuchi
1890 3228 2004 3306 essent.
2172 3247 2175 3254 '

1925 3329 2007 3401 Ori·

417 3529 461 3610 θ)
486 3525 567 3593 Haec
583 3521 749 3591 cardinalis
772 3541 999 3618 acarnanum
1015 3517 1181 3616 obiet’tio,
1288 3529 1410 3618 temam
1424 3521 1519 3618 citius
1547 3529 1797 3616 *romererentn'n
1836 3520 1904 3595 Jam
1919 3517 2003 3589 vero'
2060 3525 2062 3530 '

391 3600 1180 3768 .-ιιιιιιιιιιιιιιιι
1284 3601 1515 3755 irruet
1542 3603 1913 3764 ιιιιιιιιιι
1930 3605 2002 3748 ι.

459 3770 503 3832 rie
518 3773 570 3830 loc.
593 3770 642 3830 rit.
666 3763 788 3846 prolata
802 3771 818 3835 ,'
834 3773 872 3826 ut
894 3762 999 3824 cuivis
1012 3759 1107 3824 facile
1146 3779 1180 3820 a·
1287 3761 1456 3842 proponit,
1478 3760 1547 3834 sed,
1571 3768 1667 3840 prout
1686 3780 1730 3823 ex
1751 3759 1824 3844 iptio
1838 3763 1907 3826 eiua
1925 3783 2014 3832 ver-e

457 3859 523 3922 tet,
543 3848 661 3910 nudam
681 3845 838 3906 duntaxat
857 3842 1055 3923 quorundam
1076 3839 1106 3900 fa
1141 3857 1180 3900 o·
1282 3839 1331 3901 bis
1352 3837 1544 3920 dispalescit‚
1566 3859 1657 3922 aeqne
1676 3854 1712 3901 ac
1733 3841 1801 3902 duo
1822 3842 1925 3924 priora
1948 3863 2001 3908 eu·
2091 3871 2105 3880 ·

457 3948 529 3993 rum
545 3925 715 3988 continent
727 3920 959 3995 recenfionem,
979 3918 1098 3982 nullam
1120 3938 1178 3980 ve·
1224 3981 1230 4010 ¹
1252 3959 1254 3966 ·
1281 3919 1442 3982 nociturum
1457 3937 1589 4000 genera,
1614 3929 1739 3998 tentum
1757 3934 1998 3998 commemorat,

460 4029 499 4072 ro
515 4006 692 4070 eorundem
709 3997 1179 4084 adprobationem‚rnultomi-
1212 3985 1218 4018 ¹
1244 4009 1249 4019 '
1282 4011 1378 4081 atque
1393 4017 1473 4060 mox
1488 3996 1626 4072 subiicit,
1668 4003 1815 4083 nicanore
1849 4005 1998 4086 otest,cn·

457 4107 520 4153 nus
534 4098 728 4166 praeceptum
745 4083 903 4163 quoddam
918 4080 1066 4171 innuunt
1080 4076 1205 4153 Quod·
1277 4083 1369 4222 fiat,
1391 4077 1423 4143 h.
1444 4098 1473 4141 e.
1495 4080 1550 4222 fini
1572 4077 1644 4142 coeli
1686 4089 1755 4142 tum
1778 4020 1999 4145 voluntarium

456 4165 621 4250 'speciatim
636 4161 803 4238 adultiora
825 4161 920 4222 huius
934 4158 1056 4221 oraculi
1069 4157 1178 4229 verbe,
1294 4157 1389 4228 citari
1415 4168 1493 4240 pote
1532 4194 1545 4232 -,
1574 4178 1611 4221 ac
1638 4158 1845 4222 continentiae
1868 4162 1958 4224 dono
1979 4180 1998 4223 ι

358 4269 362 4276 ·
451 4245 772 4330 inquietatorem,
797 4237 898 4322 quise
916 4237 995 4334 ipson
1010 4235 1179 4380 construerent
1281 4238 1353 4302 Deo
1374 4236 1418 4300 est
1439 4237 1627 4312 instrustus,
1657 4243 1759 4381 rugiat
1783 4240 1874 4316 iliud,
1899 4241 1997 4304 adeo-

461 4325 585 4391 me'nt'io
600 4322 759 4394 inlicitur,
781 4321 915 4388 attinet,
933 4317 1020 4380 iniis
1049 4327 1179 4380 creator
1282 4337 1386 4404 quen
1420 4317 1624 4382 matrimonio
1647 4319 1684 4379 ab
1713 4318 1807 4383 ineat.
1871 4319 1997 4398 Quibus

460 4407 603 4490 optimus
627 4401 740 4486 procul
764 4399 862 4461 dubio
883 4399 1019 4478 digitum
1040 4395 1179 4460 intendit
1222 4458 1226 4464 ,
1282 4416 1362 4458 vero
1380 4396 1411 4460 id
1428 4398 1536 4471 datum
1558 4396 1708 4472 nonest,
1730 4398 1768 4461 iis
1788 4401 1933 4480 expedit.
1957 4412 1995 4465 ut

427 4559 430 4564 ,
459 4489 494 4552 in
513 4483 560 4548 sui
575 4495 640 4546 tem
665 4482 729 4542 oris
748 4479 779 4540 E
801 4498 886 4550 ortos,
907 4498 950 4540 ex
970 4477 1084 4558 peribus
1097 4475 1178 4536 mul·
1280 4478 1314 4540 in
1333 4477 1537 4540 matrimonio
1553 4477 1680 4559 potine,
1707 4497 1799 4560 quom
1814 4480 1845 4539 in
1863 4480 1996 4543 coeliba·

326 4584 332 4596 ·’
460 4569 503 4639 ti,
525 4563 604 4626 teile
646 4565 741 4624 teilone
777 4559 887 4630 rodaco,
908 4556 1177 4636 aconiugio‚re·
1280 4567 1316 4620 tu
1336 4556 1457 4619 vivant.
1495 4555 1528 4620 Si
1554 4556 1680 4644 quidem
1703 4555 1827 4638 praesttt
1853 4559 1995 4639 nubere,

462 4643 594 4726 tiptonis
621 4661 657 4703 ac
677 4639 805 4702 maioris
826 4635 997 4701 sanititatis
1018 4643 1204 4718 praetextu,
1281 4654 1374 4716 quam
1413 4635 1679 4732 concupiscentie
1708 4635 1839 4702 funestis
1871 4636 1994 4704 facibus

377 4723 383 4738 ’
458 4724 714 4794 abstinuerunt,
757 4719 844 4801 quod
877 4717 912 4781 de
945 4717 1176 4797 Attncioretne,
1279 4715 1338 4800 nri.
1379 4713 1499 4779 Falsum
1519 4729 1626 4797 itaque
1644 4717 1709 4793 est,
1739 4718 1826 4799 quod
1848 4720 1996 4785 nonnulli

365 4841 371 4856 =
460 4809 601 4888 itemque
622 4803 839 4884 Therapnaeae,
860 4803 942 4880 qu‘os
956 4795 1102 4860 nonnulli
1118 4814 1176 4877 pro
1281 4796 1505 4868 contendunt,
1542 4794 1695 4860 Christum
1727 4797 1874 4861 omnibns
1899 4810 1995 4882 atque

352 4909 358 4918 ·
461 4884 580 4970 Efficere
594 4882 728 4954 habent,
750 4879 912 4948 iecerunt,
937 4898 978 4939 eo
993 4889 1108 4941 tamen
1128 4875 1176 4938 di·
1279 4873 1410 4955 sugatis
1426 4874 1486 4938 suis
1509 4874 1712 4939 sectatoribus
1733 4875 1932 4952 coelibatum,
1959 4890 1996 4945 ut

460 4964 623 5036 serimine‘,
645 4973 681 5024 ut
697 4961 843 5023 nonnulli
862 4977 974 5019 eorum
989 4957 1174 5028 decernent-m,
1278 4955 1522 5018 eminentiorem
1560 4952 1741 5018 effectionis
1759 4957 1910 5035 gradum,
1925 4960 1996 5021 heic

461 5041 724 5112 attollerentur,
750 5054 805 5102 ant
825 5037 1057 5121 quadriennium
1076 5035 1175 5114 virgi·
1278 5032 1484 5116 praescribere.
1548 5036 1590 5098 id.
1619 5055 1719 5100 nvnc.
1747 5055 1934 5101 scunarium
1961 5040 1997 5101 in
2121 5053 2126 5064 ·

456 5124 567 5190 nitatis
585 5121 639 5192 fini
651 5117 909 5203 praescripserint,
933 5137 974 5179 eo
996 5116 1120 5198 quidem
1137 5115 1176 5176 fi·
1280 5117 1353 5176 otiis
1371 5115 1493 5197 theolog.
1511 5114 1580 5180 tite.
1606 5113 1673 5180 111.
1693 5132 1791 5178 exerc.
1817 5114 1876 5180 Vl.
1897 5115 1932 5196 §-
1957 5117 1997 5181 V.

368 5211 376 5224 “’
458 5227 523 5280 ne,
558 5214 595 5267 ut
618 5201 676 5264 hac
697 5199 760 5282 ipsa
789 5196 1038 5262 rationevitam
1067 5193 1176 5277 scrupi·
1206 5275 1214 5302 1
1239 5212 1311 5343 Fp.
1340 5203 1409 5269 5'01.
1444 5211 1449 5220 ·
