4884 5984
2024 373 2034 418 i

366 479 370 486 ·
439 539 511 628 458
926 587 929 594 .
968 529 1120 610 LOCVS
1138 522 1264 600 vat.
1315 523 1468 598 capvt
1495 523 1556 597 lX.

444 732 589 803 invicem
606 729 865 817 promittebant,
884 743 922 796 ιιι
935 724 1108 819 colligitur
1119 749 1159 798 ex
1172 729 1240 796 Xe·
1263 719 1566 793 commendaretur.
1619 724 1719 809 Apud
1737 709 1825 792 aliut¹
1839 713 2057 810 populatri-

446 826 619 916 nophonte
635 823 712 896 libr.
731 832 787 897 tv.
805 849 872 897 rer.
891 829 1050 896 Graecar.·
1062 823 1239 913 in‘nriuci·
1263 838 1368 890 tatum
1382 815 1465 905 fuit,
1493 840 1529 888 ut
1542 841 1626 888 nota
1641 833 1744 909 nupta
1757 843 1796 890 ac
1812 815 2053 906 sponsutunttm

447 927 516 1015 pio.
567 929 693 996 Matres
717 923 914 996 nubentium
934 919 1088 1015 facetia
1114 921 1241 1010 nuptiis
1263 917 1389 1006 pariter
1405 912 1550 987 subirent
1566 923 1704 1005 jugum,
1728 939 1795 1003 quo
1814 917 1947 988 adludit
1971 916 2052 988 Dido

446 1020 591 1094 liliatum
607 1019 792 1102 tenebunt,
824 1024 911 1107 quod
939 1020 1111 1094 dicebatur
1136 1009 1241 1096 dudu-
1264 1017 1352 1103 apud
1377 1013 1556 1106 Virgilium
1575 1013 1632 1084 lib.
1657 1013 1721 1086 lV.
1736 1015 1877 1085 AEneid.-
1906 1057 1912 1070 ·
2012 1029 2038 1064 ”³

446 1121 533 1214 κεῖν.
581 1119 755 1208 Euripidts
775 1121 811 1188 in
838 1117 985 1191 l'hoenic.
1038 1111 1161 1206 Sponsa
1181 1115 1242 1185 lo·
1317 1108 1436 1183 Nerui
1451 1110 1622 1184 nsevincIo
1636 1107 2037 1206 veliemsociarejagaiis·

447 1218 585 1290 abatur
600 1219 709 1288 media
725 1218 761 1288 in
776 1217 925 1309 nuptiali
944 1238 1043 1290 curru
1057 1239 1134 1288 curn
1145 1211 1241 1304 spon·
1266 1210 1523 1299 inquemlocum
1533 1204 2054 1282 srctommentaturSerrius:Pro·

447 1309 503 1394 so,
531 1325 565 1388 dc
582 1311 758 1387 neceliario
773 1314 872 1386 adfini
891 1316 985 1412 juxta
1004 1318 1183 1388 comitante
1198 1303 1241 1382 ad
1261 1320 1339 1407 pter
1358 1310 1498 1404 jugum,
1525 1309 1612 1402 quod
1633 1306 1874 1402 imponebatur·
1886 1305 2053 1380 matrina·

447 1415 657 1484 redesmariti
677 1413 920 1498 deducebatur,
945 1438 1039 1486 arem
1056 1412 1153 1500 hujus
1166 1434 1243 1482 cur·
1265 1410 1322 1480 nio
1350 1406 1615 1502 conjungendis,
1649 1405 1730 1477 inde
1749 1408 1851 1479 etiam
1878 1397 1989 1504 oJano
2002 1405 2053 1500 ja·

446 1535 505 1582 rus
525 1535 590 1600 pro
610 1507 736 1582 foribus
757 1512 977 1585 incendebant
989 1561 1001 1594 ,
1026 1535 1063 1583 ut
1081 1505 1242 1601 fignifica-
1264 1505 1359 1605 galis
1376 1505 1466 1580 ditia
1482 1505 1607 1617 ,ausast
1632 1503 1807 1618 aequiffimo
1824 1507 1904 1600 jure
1929 1499 1971 1578 f!
1986 1525 2055 1576 cos·

367 1629 371 1634 ·
444 1629 548 1688 rent,
570 1607 662 1680 illam
687 1607 734 1679 ibi
752 1632 918 1700 perpetuo
941 1605 1154 1696 mansuram,
1182 1631 1241 1676 ne·
1264 1602 1419 1678 cordibus
1445 1627 1570 1676 asrsmrs
1597 1605 1735 1676 inuicem
1757 1602 1992 1687 nannenus,
2002 1599 2068 1698 sor

414 1765 418 1788 2
446 1730 514 1794 que
528 1704 595 1780 ulla
615 1707 808 1796 tempestate
833 1709 911 1780 inde
930 1705 1137 1780 receffuraut.
1167 1703 1243 1775 Pol·
1264 1706 1426 1800 citiusque
1459 1699 1501 1778 8
1528 1704 1715 1776 communio
1744 1705 1825 1776 uita
1855 1703 1947 1775 inter
1972 1695 2053 1798 infin

448 1804 505 1877 lux
527 1803 602 1876 libr.
618 1810 678 1878 ΙΙΙ.
694 1808 853 1879 mamati.
870 1829 942 1898 cap.
961 1803 1021 1877 lll.
1073 1811 1158 1876 l’aer
1167 1800 1242 1898 spi·
1265 1805 1354 1876 inita
1364 1803 1469 1896 soret.
1520 1798 1632 1896 Pcrsae
1649 1812 1684 1875 dc
1698 1796 1835 1898 Affysii
1853 1815 1994 1890 accepta¹
2010 1801 2074 1870 io-··

448 1901 757 1995 assisinatibus-n
775 1902 901 1998 glande
916 1901 1242 2000 quernaobsstuscn·
1266 1906 1439 1988 vicemque
1462 1905 1537 1971 data
1568 1905 1685 1973 dextra
1718 1898 1928 1971 matrimonii
1952 1893 2054 1969 fotus

447 2003 586 2072 nistrunt
612 1999 752 2089 panibus
777 2005 929 2074 onullum
956 1999 1163 2080 deferebat,
1202 2023 1242 2070 ac
1266 1999 1475 2092 pangebant,
1500 2022 1576 2067 cum
1594 1993 1938 2085 apttdeo‘saihilhde
1953 1993 2053 2066 fitan-

447 2093 571 2185 t'ponsae
593 2102 784 2186 pracedeus
805 2098 921 2187 paisant
938 2099 1143 2171 clamitabat:
1170 2094 1242 2190 Es-
1266 2101 1398 2186 riquius.
1450 2099 1608 2168 Arrianus
1628 2101 1669 2166 dc
1684 2099 1783 2185 gellis
1796 2094 1977 2170 Alexandr.
1998 2089 2060 2162 lib:

441 2194 529 2289 sagi
547 2195 696 2282 mulum,
723 2197 836 2269 inveni
857 2195 977 2270 bonam
990 2225 1002 2278 ,·
1027 2195 1151 2296 iurryos
1176 2222 1243 2270 nc·
1267 2198 1327 2267 lll.
1352 2200 1452 2284 Apud
1467 2192 1590 2288 Persas
1606 2196 1761 2265 convivia
1779 2191 2052 2282 nuptialium·

448 2289 523 2377 aeds,
548 2288 637 2385 tipus
652 2290 801 2384 ἄμεινον,
816 2295 903 2384 quafi
920 2299 994 2386 post
1009 2292 1156 2388 frugales
1170 2318 1242 2366 mo-
1265 2292 1377 2366 sertim
1396 2318 1516 2384 regum
1535 2303 1569 2365 ἃ
1592 2314 1801 2381 magnatum,
1823 2287 2004 2362 solenniter
2019 2301 2053 2359 rt

446 2413 502 2460 res
517 2416 554 2461 re
579 2403 613 2462 δι
635 2391 815 2463 honoribus
835 2398 962 2466 nuttior
980 2393 1029 2467 stt.
1087 2394 1242 2465 Demolt·
1265 2395 1403 2480 opipare
1423 2393 1579 2461 instructa
1601 2385 1694 2460 fuitle
1711 2390 1884 2479 colligitur
1909 2411 1951 2459 ex
1972 2383 2051 2457 nal.

447 2483 550 2559 henes
577 2489 611 2558 in
636 2510 721 2560 orat.
740 2513 805 2579 pro
833 2491 1063 2584 Ctesiphonta.
1091 2487 1241 2563 Erasotus
1267 2492 1310 2561 lt.
1331 2506 1383 2576 ¹⁸·
1434 2485 1631 2584 Alosum
1648 2484 1742 2584 juffit
1762 2485 1956 2560 canaiairnn
1972 2501 2052 2580 pra·

447 2581 606 2657 chil.lll.
623 2608 709 2659 cent.
730 2587 756 2657 l.
777 2613 851 2676 cop.
862 2591 910 2661 ll.
964 2587 1107 2663 Curram
1134 2588 1242 2663 Vens·
1262 2589 1386 2684 pasari
1403 2586 1735 2683 valdemagnificusn
1748 2587 1874 2658 attritis
1893 2579 2052 2680 maupi-

447 2681 500 2755 nt's
517 2681 692 2756 trahebant
713 2707 860 2758 turtures
879 2697 913 2760 dc
933 2688 1114 2767 columbae,
1145 2709 1183 2760 ut
1202 2686 1240 2757 st-
1266 2685 1326 2758 bus
1349 2683 1390 2759 bi
1400 2683 1511 2776 seruis
1522 2684 1598 2782 suis
1618 2707 1680 2780 pru
1701 2685 1931 2780 conjuratam
1947 2677 1988 2754 Θ
1999 2701 2067 2762 an,

446 2777 664 2871 gnificaretur
683 2787 860 2856 amandum
875 2781 940 2858 elie
955 2788 1147 2878 conjugium
1163 2809 1241 2876 pro·
1262 2785 1348 2882 ptiir
1365 2783 1494 2884 Estlser.
1547 2789 1647 2874 Apud
1667 2780 1849 2876 Hetruscos
1869 2785 1907 2854 in
1921 2779 2047 2878 conjun-

444 2876 814 2970 pterftrcunditatem,
840 2893 874 2958 dc
896 2892 1056 2976 conjuges
1068 2890 1110 2956 de
1124 2904 1241 2956 mutuo
1266 2888 1374 2956 &ione
1403 2882 1543 2973 nuptiali
1566 2885 1629 2953 viri
1656 2876 1816 2974 sublimes
1834 2903 1975 2972 porcam
1996 2879 2049 2946 im·

445 3000 585 3057 amore,
609 2980 668 3066 qui
687 2980 723 3050 in
742 2978 928 3052 turturibus
949 2992 984 3055 δι
1008 2982 1172 3053 columbis
1195 2984 1242 3052 est
1264 2982 1458 3064 molohant,
1492 2978 1578 3068 quast
1610 2983 1670 3050 diis
1704 2978 1839 3051 testibus
1863 2980 1948 3051 illud
1975 2973 2049 3062 bens

444 3073 610 3166 intignis,
644 3081 916 3151 admonerentur.
981 3085 1120 3152 Mortuo
1152 3082 1241 3152 enim
1265 3076 1426 3151 calliarum
1459 3082 1493 3152 lit
1529 3077 1678 3148 futurum
1714 3075 1919 3150 inviolabile.
1953 3079 2049 3144 vnn

448 3193 579 3246 turture
597 3199 666 3246 uno
682 3175 766 3248 alter
782 3203 851 3250 non
873 3175 958 3248 bibit
977 3202 1018 3248 ex
1039 3203 1123 3266 pera
1138 3203 1241 3266 aqua,
1266 3174 1322 3247 lib.
1342 3177 1386 3248 ll.
1407 3178 1456 3248 rei
1471 3178 1578 3247 rollic.
1596 3201 1667 3264 cart
1687 3183 1742 3245 lV.
1795 3179 1897 3263 llpud
1918 3169 2047 3244 Genna-

445 3297 509 3346 ncc
527 3268 614 3344 sedet
631 3269 727 3360 super
745 3272 917 3346 frondibus
937 3274 1129 3349 virentibus.
1167 3280 1241 3348 No·
1265 3299 1326 3348 nos
1349 3287 1471 3347 astares
1498 3269 1630 3360 sponsus
1660 3273 1867 3359 complacita
1896 3269 2047 3346 mulieri>

421 3395 486 3454 ¹aa
505 3393 606 3459 nupta
623 3387 804 3444 cum'uovo
820 3375 940 3443 marito
961 3373 1079 3444 edebat
1100 3375 1242 3445 cursitans
1266 3400 1363 3460 quarn
1385 3379 1507 3444 ducere
1529 3377 1640 3441 animo
1666 3375 1914 3456 destinaverat,
1944 3374 2046 3440 dotent

448 3465 491 3542 di
513 3468 679 3551 tribulos,
702 3494 737 3538 ut
765 3477 806 3540 de
828 3494 942 3542 mutua
965 3467 1116 3543 socictate
1138 3476 1172 3543 in
1197 3499 1240 3541 ae-
1264 3471 1389 3559 dabat,
1414 3498 1478 3558 qua
1506 3469 1650 3540 exhibita
1678 3467 1846 3541 frenatum
1873 3493 1995 3558 equum
2018 3472 2045 3536 sc

443 3569 997 3642 runtnistolerandismonerentur.
1023 3573 1121 3658 Apud
1133 3568 1242 3640 Bocu—
1265 3569 1383 3649 botes,
1409 3567 1556 3647 scutum,
1573 3566 1722 3657 gladium
1738 3578 1773 3641 dc
1793 3593 1885 3639 artua
1903 3584 2044 3652 tanquan

443 3665 512 3740 rio's
535 3661 575 3739 fii
598 3662 776 3759 Locrenses
790 3670 1040 3738 matrimonium
1058 3692 1124 3738 non
1139 3668 1240 3740 habe·
1263 3671 1385 3760 pignus
1409 3670 1504 3738 uxori
1528 3664 1691 3737 mittebat.
1722 3664 1902 3738 Cornelius
1924 3663 2043 3735 Tacitus

298 3827 315 3838 .,
444 3765 543 3836 batur
563 3787 696 3847 ratum,
721 3760 779 3834 niis
799 3760 931 3852 sponsus
951 3775 987 3837 dc
1005 3760 1118 3852 sponsa
1146 3793 1239 3838 more
1265 3764 1339 3836 libr.
1357 3770 1397 3836 de
1421 3763 1568 3836 moribus
1584 3771 1843 3835 Germanorum.
1894 3769 1932 3832 ln
1949 3757 2043 3832 Boeo

445 3860 572 3934 solenni
586 3883 682 3933 antea
697 3856 857 3932 librilent.
884 3860 1077 3934 Plutarchus
1104 3867 1139 3934 in
1164 3869 1239 3935 Ari·
1263 3864 1314 3935 siu
1326 3858 1474 3951 iportsum
1491 3857 1829 3951 obtetiamalparago
1841 3857 2042 3933 coronabant.

445 3963 539 4034 llide.
596 3962 697 4048 Apud
731 3954 950 4056 Athenienses
978 3960 1068 4032 nulla
1097 3960 1239 4035 dabatur
1262 3960 1456 4033 Plutarchus
1478 3963 1513 4031 in
1543 3983 1704 4049 precept.
1726 3957 1872 4029 connub.
1910 3982 1981 4048 cap.
2007 3951 2042 4026 ll.

443 4059 595 4146 nuptui,
634 4055 692 4128 nist
721 4059 814 4146 prius
836 4063 950 4131 Dionae
974 4053 1061 4129 sacro
1084 4058 1209 4131 obiiss'et
1228 4116 1236 4144 ,
1262 4057 1317 4130 ubi
1332 4062 1432 4129 etiarn
1445 4060 1607 4129 rationem
1622 4057 1719 4143 huius
1732 4060 1815 4128 ritus
1828 4061 1984 4145 exponit:
2003 4049 2042 4128 Ui

445 4157 603 4230 libanius
616 4157 650 4226 in
663 4177 745 4226 orat.
760 4158 800 4226 de
819 4160 933 4228 Dianas
954 4152 1114 4227 laudibus.
1140 4164 1236 4241 Apud
1261 4155 1449 4251 asparagus
1473 4152 1615 4255 [inquit]
1634 4153 1775 4248 suavem
1800 4179 1846 4227 sx
1867 4152 2041 4251 asperrima

444 4254 650 4328 Macedones
661 4279 780 4340 panem
799 4253 911 4343 gladio
927 4249 1066 4325 divisum
1085 4249 1236 4340 sponium
1254 4252 1358 4349 staina
1372 4255 1523 4348 sruiiam
1531 4255 1677 4348 fundit,
1699 4256 1742 4341 fic
1757 4277 1847 4326 nonu
1863 4266 1970 4350 raupta
1982 4250 2042 4348 pri·
2066 4257 2071 4268 '

446 4365 480 4429 dt
505 4349 652 4442 spatulam
666 4354 797 4446 gustare
813 4348 943 4426 solenne
959 4347 1033 4421 fnit.
1085 4354 1130 4444 Q.
1150 4356 1237 4424 Cur·
1263 4377 1350 4424 snum
1386 4352 1599 4448 asperitatem
1637 4351 1932 4450 difficultatemque
1953 4350 2041 4450 suan

444 4456 511 4524 tius
528 4449 709 4522 libriilll.
726 4458 768 4522 de
784 4452 997 4520 nsotrintonio
1014 4448 1236 4524 Alexandri&
1262 4476 1327 4524 non
1347 4452 1536 4547 defugienti
1554 4477 1612 4522 nec
1631 4451 1829 4546 indignanti
1842 4454 1984 4540 murita,
1995 4471 2046 4522 ttr-

442 4555 597 4623 Roxanes
610 4547 792 4624 dillerensr·
811 4545 869 4619 ubi
884 4552 995 4637 addit,
1017 4572 1070 4620 eos
1083 4551 1139 4642 qui
1153 4550 1238 4621 hunc
1262 4550 1384 4623 banasa
1400 4551 1644 4647 urendamque
1661 4549 1954 4647 aitaesocictntesn
1967 4569 2045 4648 pra*

444 4672 566 4721 marem
588 4645 824 4725 condiderant,
849 4667 951 4741 parco
970 4669 1011 4717 uc
1024 4646 1176 4742 parabili
1188 4653 1237 4720 vi·
1254 4650 1371 4751 flulsit.
1432 4654 1530 4738 Apud
1560 4648 1713 4724 Rhodios
1740 4675 1827 4723 nova
1857 4674 1967 4742 nupta-
1992 4669 2044 4738 ptr

443 4749 500 4818 aihu
522 4748 693 4818 ostendere
722 4742 857 4816 aoluilie
892 4743 1110 4841 jungentibus
1135 4772 1451 4838 opes,.prtrconem
1468 4753 1503 4819 in
1525 4752 1634 4820 utariti
1651 4753 1788 4821 domum
1807 4747 2047 4824 mouebatur»

442 4842 605 4932 quantulo
631 4845 778 4915 contenti
806 4839 869 4913 elle
901 4841 1074 4916 deberent.
1136 4850 1239 4934 Apud
1264 4858 1299 4922 dc
1321 4873 1362 4920 eo
1391 4845 1619 4935 pratclotnante
1637 4850 1671 4918 in
1699 4846 1882 4921 thalamum
1903 4849 2043 4920 admitte·

445 4938 596 5014 Galatas
615 4967 654 5013 er
677 4945 794 5013 eodem
811 4939 936 5029 poculo
952 4944 1004 5012 vir
1024 4952 1059 5016 dc
1078 4967 1160 5014 uxor
1186 4943 1238 5014 lti-
1262 4944 1369 5017 batur.
1393 4944 1587 5019 Plutarchus
1611 4949 1644 5016 in
1664 4944 1830 5034 problem.
1855 4971 1929 5035 cap.
1953 4945 2043 5020 CXl..

441 5036 576 5113 bebant.
602 5037 797 5110 Plutarchus
814 5037 919 5110 inlih.
936 5043 978 5112 de
995 5039 1089 5112 claris
1103 5041 1235 5115 mulier.
1260 5043 1375 5116 Plures
1394 5044 1532 5115 aliarum
1553 5045 1704 5134 gentium
1732 5046 1821 5116 ritus¹
1846 5046 2044 5137 collegerunt

441 5162 481 5216 at
499 5139 673 5218 nurum
702 5139 776 5220 aaa
803 5147 839 5216 tc
865 5140 971 5219 ainus
993 5135 1131 5226 ίοιὶςιιι
1158 5137 1235 5236 iulia
1257 5141 1445 5226 nanto
1471 5140 1514 5224 ab
1543 5142 1741 5226 niuaudtia
1769 5141 1893 5233 unt.
1933 5135 2045 5316 gaal

2087 617 2089 692 l
