4884 5984
696 576 698 581 -
822 528 884 601 ua
935 525 1134 599 attactu
1185 523 1418 616 coNJvctt.
1481 518 1485 525 ’
1545 471 1547 475 ’
1620 539 1634 563 ·
1710 632 1714 641 1
1860 540 1932 618 42¹

348 744 511 796 tunaeaata
527 720 675 811 superius
689 727 831 810 cap.lv.
853 731 880 814 ς,
893 737 949 804 5¹·
990 718 1054 807 11.)
1065 712 1124 787 In·
1148 716 1261 804 bitur,
1287 716 1417 816 etiamst
1436 712 1597 812 propbeta
1615 716 1862 824 uideatnreffe‚
1887 715 1946 826 qui

348 822 502 894 mmodis
514 833 654 893 netarum
674 819 793 893 ditiis:
809 815 1034 893 Tertullianus
1046 814 1121 887 libr.
1147 816 1375 913 generationis
1402 816 1508 910 officio
1545 814 1742 914 obsequitur.
1775 851 1804 900 c.
1832 833 1947 904 Sciatis

348 921 511 991 avolanti.
536 923 658 1010 virgin.
676 944 748 1006 cap.
772 917 814 988 X.
836 943 913 1007 pag.
941 937 1018 1004 193.
1047 938 1125 982 con.
1150 939 1207 1005 33.
1225 941 1256 1005 q.
1273 941 1308 1009 4.
1366 908 1557 1010 Quicunque
1582 918 1688 991 uxori
1708 918 1855 999 debitum
1872 930 1947 1003 red—

348 1015 466 1089 retlum
487 1016 697 1105 conjugalem
719 1040 816 1087 vocar
835 1036 1035 1086 comesturum
1050 1033 1126 1081 con·
1148 1013 1225 1094 dit,
1261 1035 1381 1084 uacare
1411 1036 1477 1085 uon
1496 1017 1602 1114 potest
1629 1019 1781 1092 orationi
1792 1078 1801 1106 ,
1827 1029 1946 1101 neoda

348 1115 507 1186 emeliam.
558 1109 771 1196 Nonarum,
797 1117 926 1201 iuquit,
958 1107 998 1182 ἔθ’
1019 1112 1125 1180 conti·
1150 1108 1309 1185 carnibus
1328 1113 1412 1204 ogni
1434 1112 1597 1185 cotnrdere
1620 1114 1724 1191 debet.
1776 1126 1876 1195 item:
1902 1123 1947 1202 Se·

348 1214 436 1285 antia
463 1213 664 1306 uirginitati
679 1215 820 1310 assttytat
830 1214 900 1307 stne
921 1209 1122 1292 uiduarum,
1145 1231 1251 1306 panes
1278 1210 1516 1307 proposttionis
1551 1209 1596 1283 ot
1626 1211 1702 1298 lsis,
1736 1218 1801 1309 qui.
1823 1244 1946 1300 uxores

349 1335 387 1382 ue
411 1312 470 1406 qui
490 1334 534 1383 ex
551 1308 704 1406 consensu
726 1309 958 1381 contuesseliam
980 1324 1122 1403 conqntu·
1143 1307 1226 1403 ficas
1239 1306 1431 1402 tetigerant,
1444 1306 1647 1381 comedinon
1656 1323 1826 1411 poterant·
1839 1343 1944 1415 quan<

347 1412 487 1503 enrjom
502 1406 759 1503 recusaverunt?
785 1413 857 1479 Lib.
879 1413 922 1478 de
936 1404 1063 1477 exhort.
1082 1406 1122 1474 ad
1149 1420 1184 1479 to
1199 1407 1309 1500 magis
1333 1405 1387 1476 ille
1406 1408 1523 1502 panis,
1546 1408 1655 1502 quide
1671 1410 1750 1484 calo
1770 1413 1967 1511 descendit„

347 1510 427 1579 silit.
445 1532 517 1594 cap.
540 1506 600 1581 tx.
619 1532 696 1597 pag.
724 1518 803 1593 567.
857 1503 960 1578 Lenis
991 1502 1124 1574 uidetur
1149 1528 1215 1577 eron
1231 1515 1308 1599 pote
1352 1501 1395 1575 ab
1417 1505 1487 1586 leis,
1512 1507 1571 1601 qui
1589 1509 1825 1604 conjugalibus
1839 1520 1925 1612 paul
1951 1596 1957 1602 ,

347 1606 537 1678 inanimali
554 1602 713 1705 &stupri
733 1600 948 1698 diffirentia,
972 1600 1123 1695 alioquin
1148 1615 1225 1675 ante
1241 1603 1290 1676 lta
1309 1613 1404 1674 erunt
1425 1603 1670 1700 complexibus,
1695 1609 1824 1684 uiolari
1850 1627 1947 1713 atque

347 1728 376 1775 ss
392 1700 436 1776 ΕΞ
448 1703 533 1775 visis
551 1700 591 1776 ii.
600 1703 755 1796 saenietis
769 1702 881 1774 eadem
900 1700 1062 1795 imponit,
1081 1700 1123 1799 est
1148 1701 1320 1794 contingi,
1343 1725 1410 1772 non
1435 1703 1523 1799 quod
1535 1703 1674 1799 nuptias
1688 1708 1946 1805 condemnemus,

347 1801 412 1873 tine
439 1797 480 1873 Ei
512 1804 762 1875 matrimonium
794 1796 835 1871 fi
859 1805 1009 1902 stupeum
1036 1819 1124 1866 eom·
1142 1799 1205 1895 sed
1219 1799 1354 1894 quocica
1370 1812 1529 1897 tempore,
1545 1826 1607 1895 qua
1623 1827 1737 1893 carnes
1753 1813 1947 1901 agniman·

347 1899 452 1971 sixtio
475 1901 597 1971 carnis.
662 1904 883 1981 Hieronymus
907 1895 1123 1972 contumelio*
1149 1897 1307 1969 duraturi
1320 1896 1455 1991 sumus,
1480 1921 1599 1971 vacare
1615 1922 1637 1970 a
1656 1904 1850 1981 carnalileus
1870 1933 1947 2009 ope·

347 1996 497 2066 tntillum
520 1997 718 2069 Tertulliani
739 2021 853 2066 vocem
870 1999 1009 2083 repetit,
1035 1996 1123 2080 quud
1147 1995 1242 2069 ribus
1258 1991 1440 2070 debeamus.
1467 2024 1496 2070 c.
1519 1999 1670 2071 viscum
1693 2007 1840 2090 propria.
1862 2009 1947 2084 caui.

348 2091 400 2169 [ut
421 2096 603 2186 conjugalis
630 2091 667 2164 fit
692 2094 875 2166 eonsnennis
902 2091 1123 2172 contumelia,
1149 2095 1464 2180 aquationem:
1498 2093 1568 2169 Vir
1588 2120 1661 2168 oum
1677 2103 1820 2194 propria
1842 2129 1950 2182 uxore
2031 2166 2034 2171 -

347 2195 493 2272 pandit,
519 2188 688 2289 Spiritum
710 2190 863 2286 sanilam
891 2215 956 2262 non
983 2191 1063 2263 dori
1090 2190 1124 2257 in
1148 2191 1334 2277 doreniens,
1360 2193 1423 2285 nid
1447 2193 1536 2264 lotus
1566 2215 1677 2286 aquea,
1710 2199 1872 2273 scelerum
1895 2207 1949 2278 iu-

347 2286 557 2383 anfisetudine
587 2291 785 2384 aasejugali‚
811 2292 939 2385 eliantfi
961 2287 1124 2384 proplseta
1149 2299 1240 2362 trare
1263 2311 1328 2358 non
1352 2288 1453 2362 astet.
1509 2284 1675 2389 Quamuis
1689 2295 1948 2391 diuersitleonri-

350 2400 376 2458 t.
428 2393 527 2458 ltent:
548 2388 679 2483 quanda
698 2389 817 2482 impleo
835 2387 976 2482 officium
994 2383 1123 2466 assumti,
1149 2412 1226 2458 num
1242 2386 1393 2458 nationes
1408 2386 1449 2458 de
1473 2386 1537 2461 lruc
1556 2414 1592 2462 re
1609 2390 1743 2486 diuersa
1764 2393 1920 2490 seettiant
1933 2453 1948 2484 ‚

347 2482 391 2556 on
414 2484 535 2581 impleo
556 2486 698 2581 officium
723 2487 906 2585 christiani.
935 2491 980 2555 Ex
1001 2483 1073 2553 loco
1091 2508 1125 2552 a·
1150 2494 1246 2579 atque
1267 2484 1340 2553 alia
1362 2485 1521 2677 cssodire
1550 2487 1747 2578 uideantur,
1775 2493 1948 2571 Romano·

347 2581 491 2653 ostolico
520 2589 630 2655 rl‘etr.
647 2592 705 2655 ΙΙΙ.
718 2610 752 2674 7.
777 2608 816 2656 ne
837 2583 1063 2677 impediantur
1090 2600 1125 2647 o·
1150 2607 1222 2655 rusa
1246 2593 1355 2653 tamen
1399 2608 1508 2676 emper
1530 2584 1575 2657 ab
1600 2590 1848 2682 antiquioribus
1870 2596 1950 2692 usus
2022 2632 2026 2637 ·

347 2680 480 2753 ationes
498 2685 627 2779 uestra,
652 2679 764 2767 infert,
794 2684 872 2777 quia
877 2679 1009 2776 semper
1025 2699 1127 2749 oran·
1143 2679 1241 2772 suit,
1266 2683 1335 2778 post
1351 2680 1593 2754 admixtionem
1606 2689 1756 2780 propria
1769 2695 1889 2766 uxoris
1906 2693 1949 2768 it'

346 2781 436 2859 luen,
474 2801 553 2872 ergo
585 2779 799 2850 matrimonio
833 2801 998 2874 nunquam
1034 2789 1126 2848 teten-
1152 2778 1806 2876 lauacripurificationemquaerero&
1822 2789 1867 2863 ab
1894 2795 1948 2865 in-

346 2880 421 2951 lum.
471 2876 908 2947 Traususittuaoautnnm
935 2882 1030 2946 sCot
1052 2878 1124 2942 Vll.
1150 2872 1258 2971 graffo
1280 2875 1414 2969 ecclefiae
1435 2878 1610 2970 paululum
1630 2891 1821 2976 temperare.
1871 2888 1949 2962 Pos-

347 3002 364 3048 ‘.
384 2975 750 3057 ntuacetisorate'oni,
778 2971 967 3071 subjungit:
999 2968 1198 3051 (leotadus
1227 2974 1291 3051 hot
1322 2975 1425 3045 videri
1454 2979 1593 3061 petitum
1622 3003 1661 3048 er
1693 2979 1770 3071 lege
1810 2984 1950 3063 mosaica

347 3073 426 3145 uale
441 3069 525 3143 illud
543 3070 661 3142 bonum
681 3074 743 3238 eg,
780 3073 868 3164 quod
895 3093 991 3143 orote
1010 3068 1126 3165 proii-
1152 3077 1231 3142 Len.
1247 3077 1321 3143 XV.
1343 3080 1394 3144 16.
1450 3072 1537 3155 Ver,
1563 3077 1686 3169 dequo
1706 3080 1877 3172 egreditur
1892 3084 1949 3181 ss·
1973 3098 1975 3105 '

347 3183 406 3250 et,
432 3167 520 3263 prod
538 3188 656 3258 corpus
720 3170 826 3240 omini
847 3169 957 3264 accipi
972 3191 1036 3239 non
1053 3190 1128 3264 per·
1152 3194 1223 3239 men
1254 3168 1383 3252 coitus,
1424 3168 1558 3243 lassabit
1587 3196 1675 3265 aqua
1707 3200 1801 3251 onsne
1830 3204 1949 3279 corpus

346 3270 446 3343 sittit.
474 3272 571 3338 Tam.
590 3273 729 3352 l.-oper.
754 3270 926 3357 Augustini
946 3271 1070 3338 exstant
1089 3264 1128 3332 li·
1143 3266 1265 3362 suurn,
1295 3263 1336 3336 ii
1354 3267 1542 3339 insanandus
1562 3273 1627 3342 erit
1651 3277 1820 3364 nequead
1843 3280 1952 3376 vespr-

349 3372 379 3439 ri
401 3363 650 3450 soliloquiorum
671 3360 748 3433 fallis
771 3363 924 3452 adscripti
945 3367 1129 3453 Augustino
1152 3388 1237 3436 rant.
1291 3366 1362 3434 Sed
1377 3389 1415 3432 ex
1437 3388 1526 3435 textu
1552 3366 1697 3439 Hebraeo
1712 3376 1866 3459 adparet,
1881 3402 1952 3450 non

346 3474 470 3548 rcujus
485 3461 571 3531 libro
590 3460 611 3533 l.
636 3487 708 3545 cap.
726 3468 814 3532 XIV.
837 3464 878 3532 tie
899 3461 1047 3546 loquitur
1064 3466 1129 3531 aa·
1152 3462 1193 3537 de
1212 3457 1386 3550 congrella
1414 3463 1555 3532 maritali
1579 3489 1655 3535 cum
1680 3491 1803 3552 uxore,
1826 3468 1881 3542 sed
1910 3479 1954 3548 de

346 3589 396 3645 p:
428 3556 538 3656 Quam
552 3557 731 3653 sordidus,
757 3581 855 3650 quaen
871 3559 1004 3649 stralus,
1029 3579 1127 3651 quam
1152 3556 1311 3630 effusione
1339 3553 1490 3637 sentinis,
1512 3584 1589 3649 xquat
1610 3565 1643 3631 in
1665 3559 1779 3634 somno
1802 3573 1953 3653 quando·

346 3656 562 3754 nsecraleilis,
596 3678 695 3750 quom
725 3653 903 3729 leorrihilis
934 3655 1128 3749 complexus
1151 3680 1215 3743 que
1237 3654 1418 3744 contingit,
1446 3655 1491 3724 ibi
1508 3653 1794 3752 elieterntanen13
1820 3668 1954 3745 additur

346 3759 501 3832 asrtineur
524 3753 723 3837 uidebatur,
748 3757 880 3845 qetando
905 3756 993 3829 inter
1009 3777 1068 3823 nos
1089 3752 1128 3822 de
1151 3757 1240 3823 eninr
1254 3779 1287 3824 v.
1309 3775 1358 3832 ¹7·
1416 3748 1535 3826 Omnis
1553 3756 1648 3852 vestis
1668 3753 1710 3830 εἷ
1726 3764 1833 3835 0ml²l1
1842 3763 1955 3860 pillis·
1981 3778 1985 3783 ’

347 3856 449 3927 ,ταώ
467 3852 650 3945 eupiditate
665 3854 832 3949 quaesttnm
859 3851 911 3943 esi.
944 3853 1128 3942 Gregorius
1145 3847 1365 3944 superquam
1379 3846 1491 3940 feerit
1507 3848 1619 3945 effufio
1630 3851 1794 3947 seminis,
1819 3861 1954 3936 laualri·

348 3956 385 4026 b.
406 3951 433 4023 l.
453 3954 576 4038 dialog.
595 3954 709 4020 recitat
732 3951 830 4021 talem
846 3952 1030 4021 historiam:
1045 3944 1128 4018 Mu·
1153 3960 1209 4020 tur
1231 3948 1267 4018 in
1288 3946 1393 4039 aquis.
1445 3949 1547 4040 Quod
1568 3975 1651 4039 ergo
1678 3948 1822 4040 sequitur
1844 3988 1875 4032 v.
1899 3980 1953 4045 18.

345 4055 411 4134 fes,
443 4069 514 4144 qua
542 4048 576 4119 in
602 4047 690 4120 notra
714 4050 852 4141 cognita
881 4060 953 4120 erat
976 4068 1004 4129 a,
1025 4047 1128 4129 uiro,
1154 4044 1286 4117 Mulier
1302 4069 1373 4115 enses
1389 4067 1453 4137 qua
1470 4046 1599 4127 coierit,
1618 4048 1795 4126 lavabitur
1806 4079 1895 4152 aqua
1912 4057 1954 4132 il

346 4174 425 4222 mm
453 4147 585 4218 veniens
607 4147 653 4216 ad
672 4146 918 4242 proceffionem,
945 4169 967 4217 a
992 4143 1129 4214 dictato
1154 4141 1326 4218 immunda
1350 4143 1414 4213 erit
1432 4140 1504 4215 &a
1530 4147 1563 4216 id
1587 4143 1725 4222 limitato
1740 4174 1778 4224 ac
1796 4160 1956 4228 determi-

345 4246 536 4342 qqabrepqa,
552 4247 650 4330 Apud
670 4246 842 4334 Brigittam
855 4244 912 4315 lib.
923 4243 947 4314 l.
966 4267 996 4314 c.
1006 4248 1128 4316 XXVI.
1154 4265 1228 4315 nate
1254 4242 1506 4324 accipiendum,
1539 4264 1713 4328 antequam
1739 4246 1864 4325 scilicet
1886 4271 1957 4345 tna·

345 4346 482 4422 :hristus
502 4347 598 4414 dicit:
636 4335 721 4411 Cum
750 4346 904 4434 conjuges
927 4341 1063 4412 ueniunt
1085 4338 1131 4411 ad
1153 4345 1236 4412 titus
1259 4336 1361 4408 fuerit
1383 4338 1424 4407 ab
1455 4338 1508 4406 illa
1537 4338 1719 4427 pollutione
1747 4355 1956 4424 emundatus.
2054 4356 2059 4361 ’

345 4442 469 4524 etium,
491 4453 572 4511 tunc
593 4440 707 4530 (latim
738 4437 880 4533 discedit
905 4437 949 4511 ab
977 4439 1025 4510 eis
1050 4433 1130 4531 Spi·
1156 4438 1412 4510 innocentius&
1429 4437 1578 4521 Sinicius,
1603 4439 1796 4525 pontifices,
1820 4451 1956 4521 adcon·

347 4544 418 4616 {qus
441 4564 551 4616 meses,
580 4533 621 4608 ii
641 4537 890 4633 adpropinquat
903 4536 1050 4633 spiritur
1068 4537 1130 4607 im·
1153 4539 1243 4627 jugia
1266 4531 1471 4604 incerdotum
1500 4539 1755 4609 adcommodant
1785 4539 1958 4618 sententias

345 4663 443 4714 meus.
497 4638 575 4722 tn.)
597 4633 859 4732 Pontificiorum
877 4635 1130 4732 pronunciatis,
1155 4635 1227 4704 illas
1244 4630 1460 4719 apostolicas:
1504 4626 1574 4728 Qui
1595 4633 1630 4705 in
1650 4636 1859 4735 comesuri,
1881 4639 1959 4717 Deo

345 4737 451 4826 quibus
473 4736 506 4802 in
528 4732 650 4803 licitam
675 4743 856 4826 conjugum
880 4734 1034 4824 copulans
1056 4729 1129 4807 sunt
1153 4733 1282 4828 placere
1302 4753 1367 4799 non
1389 4724 1530 4824 pofflant.
1589 4728 1749 4829 Quisunt
1767 4741 1957 4834 inquinati,

345 4834 454 4923 njasii.
481 4857 509 4901 c.
535 4830 709 4902 Connubia
733 4857 784 4917 3²·
809 4858 841 4919 q.
866 4862 899 4906 2.
956 4830 1131 4904 Connubia
1163 4827 1237 4901 Deo
1266 4828 1395 4921 plaeere
1417 4851 1483 4899 non
1512 4826 1667 4925 podont,
1698 4846 1770 4906 eum
1788 4838 1956 4934 siriptum

345 4931 487 5028 egitiena
516 4938 629 5000 carent
653 4929 784 5023 quidem
810 4942 962 5025 peccata,
992 4940 1135 5005 nonta-
1150 4931 1216 5029 fit:
1249 4927 1481 5021 Ctainquinatis
1515 4925 1556 4999 ii
1589 4927 1781 5025 infidelibus
1800 4938 1891 5009 nileil
1915 4945 1959 5042 est

344 5055 401 5105 ’sen
419 5039 563 5120 &mpure
579 5027 659 5109 illo,
684 5049 747 5121 qno
763 5030 955 5123 cortjuaales
970 5027 1060 5100 aolus
1078 5052 1133 5122 ge·
1161 5025 1328 5100 mundum.
1351 5032 1453 5117 Hugo
1477 5028 1661 5119 virginibus
1684 5033 1716 5099 in
1739 5043 1962 5121 coronantiu-

344 5138 469 5215 untur,
488 5122 671 5225 praestnein
683 5125 797 5226 santii
821 5125 974 5230 Spiritus
992 5151 1057 5203 non
1072 5129 1133 5203 du·
1158 5152 1200 5202 oe
1213 5131 1398 5214 coniugum
1414 5125 1644 5204 adcommodat
1656 5125 1889 5238 illudsopdll.
1905 5158 1958 5221 ¹³·

1195 5228 1344 5337 9883
1784 5296 1788 5303 .
1899 5229 1963 5308 Fu.
