4884 5984
581 487 593 536 l

568 595 593 604 ᾗ
671 524 748 600 ma
795 521 1062 602 cousensus
1111 495 1376 598 ananum
1421 521 1763 602 uacassrraru.
2025 535 2076 624 ee
2136 483 2146 506 ⁸
2219 605 2224 614 .

371 721 629 818 queperenrum
643 717 804 818 ponseasu
821 722 998 795 contradite
1014 720 1129 794 itidem
1138 745 1206 794 non
1230 721 1337 804 literi,
1365 747 1437 811 quae
1462 747 1543 794 uero
1566 721 1727 796 limitibus
1750 723 1866 817 legum
1899 721 1965 800 sese
1989 755 2074 806 can.

371 824 444 900 sunt
467 851 558 898 uere
579 823 824 913 “legium-s,
851 828 927 912 quia
950 842 1067 891 contra
1095 820 1205 914 legem
1231 825 1347 913 stringi
1367 847 1435 895 nun
1455 825 1600 911 patitur,
1621 849 1659 896 ea
1673 849 1741 895 nan
1760 827 1807 897 est
1826 822 1982 912 libertas,
2011 827 2069 906 sed

370 949 497 999 nature
516 920 595 997 sunt
612 925 799 995 contradit.
856 930 902 1012 3.)
929 921 962 991 Si
980 926 1055 1007 jure
1081 944 1206 992 naturae
1256 917 1345 994 'tiosa
1362 947 1400 993 ac
1417 921 1613 996 damnabilis
1635 922 1780 998 licentia.
1829 928 1973 1002 Proinde
1995 930 2070 1004 talis

369 1023 456 1100 lilius
473 1021 650 1113 suincitur
667 1024 778 1111 patri,
802 1020 917 1108 urique
935 1020 1035 1091 etiarn
1057 1026 1131 1106 jure
1149 1045 1205 1092 na·
1230 950 1365 1094 libertas
1393 1020 1506 1092 liberis
1530 1023 1565 1092 in
1590 1024 1803 1095 matrimonio
1824 1027 1970 1102 ineundo
1990 1054 2071 1103 ron·

368 1127 468 1200 totali
484 1116 661 1197 eonsensue
681 1141 859 1212 parentum
873 1120 908 1190 in
926 1119 1051 1208 nuptiis
1065 1115 1125 1190 filii
1142 1122 1207 1192 erit
1228 1123 1397 1204 cedenda,
1421 1144 1494 1209 quae
1513 1143 1581 1192 non
1598 1121 1713 1207 tollat,
1729 1146 1791 1194 ner
1813 1149 1941 1199 evertet
1955 1127 2070 1223 legem

368 1220 587 1306 aemilianus,
609 1245 708 1309 atque
723 1222 767 1290 ita
782 1221 916 1307 quidem
930 1213 1142 1297 necessarius,
1169 1240 1206 1290 ut
1230 1224 1464 1310 deportatum
1484 1214 1641 1292 consensu
1663 1225 1822 1295 divinitus
1835 1229 2067 1314 constitutumt
2191 1259 2193 1264 ·

368 1325 553 1415 obmueeo
568 1324 693 1410 nuptia
715 1321 864 1392 constare
887 1339 1061 1407 nequeant.
1112 1321 1206 1390 Prius
1230 1317 1308 1391 alias
1322 1315 1532 1407 sequeretur,
1557 1318 1681 1392 liberos
1696 1324 1797 1394 etiam
1821 1322 1912 1416 polle
1937 1349 2072 1402 conns·
2198 1329 2208 1354 ⁸

371 1425 525 1499 concedit
544 1418 772 1494 bellarminus.
832 1422 924 1510 Ergo
938 1409 1093 1508 agnoscet
1106 1421 1206 1491 etiam
1230 1417 1312 1490 here
1349 1420 1560 1490 matrimonia
1595 1419 1630 1490 in
1667 1420 1826 1512 gradibus
1853 1432 1929 1513 jure
1956 1429 2072 1502 divino

415 1526 545 1597 nerias.
609 1514 786 1592 Connexio
815 1518 1007 1608 probatur,
1025 1517 1122 1600 ‚quia
1149 1520 1206 1606 qui
1231 1515 1418 1606 prohibitis.
1475 1531 1526 1612 4.)
1555 1516 1703 1596 Gentiles
1723 1545 1763 1591 ex
1786 1521 1912 1597 lumine
1942 1548 2071 1600 naturae

369 1550 467 1698 illesi
488 1630 566 1711 jure
583 1619 728 1692 naturali
741 1614 929 1705 subjectus,
944 1618 983 1685 -is
998 1615 1122 1703 absque
1137 1625 1206 1705 ejus
1232 1615 1468 1688 intellexerunt
1486 1651 1515 1697 ,2
1536 1639 1688 1703 parentes
1717 1615 1808 1709 polle
1834 1624 1929 1696 irrita
1959 1623 2071 1701 facere
2134 1663 2142 1678 ·

373 1719 531 1797 ooaiensu
555 1729 591 1794 dt
619 1721 815 1792 authoritate
835 1713 919 1786 nihil
946 1739 1046 1806 agere
1073 1719 1208 1803 potest,
1233 1718 1443 1787 matrimonia
1458 1715 1643 1789 liberorum
1659 1714 1725 1788 line
1743 1717 1890 1807 ipsorum
1912 1719 2071 1799 consensu

374 1828 497 1896 nedum
517 1821 658 1892 delleta
673 1813 821 1907 persone
836 1810 899 1887 suae
919 1818 1105 1902 disponere.
1139 1813 1210 1913 Qui
1224 1817 1337 1906 inita,
1362 1814 1440 1886 alias
1464 1818 1555 1887 enim
1576 1816 1610 1886 iu
1634 1818 1796 1905 potestate
1825 1845 2006 1914 pareutum
2034 1825 2072 1898 id
2202 1825 2209 1834 '

324 1911 326 1922 ’
370 1917 636 2019 fieipoteflatem
651 1913 853 2001 nonhabet,
876 1916 989 2008 nequit
1000 1913 1062 2010 βιιΙ
1075 1918 1208 2012 capiam
1234 1939 1302 1986 non
1325 1910 1538 2001 reliquissent

323 2075 329 2110 ,
372 2022 482 2118 soem
510 2018 597 2091 aliis
610 2045 624 2099 ,·
663 2017 684 2090 l.
718 2013 762 2088 fic
791 2017 923 2090 eveniet
949 2017 990 2087 sd
1020 2013 1043 2085 l.
1069 2016 1136 2104 Jul.
1167 2022 1208 2088 de
1307 2026 1335 2101 ς.
1363 2017 1481 2085 LXVI.
1536 2008 1684 2086 Tertiam
1712 2041 1816 2109 “gil-t

323 2121 327 2200 l
375 2121 473 2196 adult.
535 2119 833 2213 Quemadmodum
862 2121 982 2201 conjux
1010 2138 1079 2184 non
1103 2118 1210 2204 potest
1234 2134 1424 2184 mentorum
1457 2109 1587 2185 class'em
1615 2117 1837 2209 deducimus,
1881 2165 1970 2250 m)
1992 2159 2047 2235 Ex

323 2213 326 2220 ¹
375 2222 525 2310 torporis
542 2213 591 2289 sui
611 2218 805 2306 potestatem
828 2216 965 2306 conjugi
991 2210 1115 2301 absque
1141 2217 1210 2305 ejus
1234 2237 1272 2284 ex
1283 2215 1360 2308 jare
1379 2213 1487 2284 ciuili.
1539 2217 1615 2283 Huc
1637 2217 1809 2292 naturalis
1852 2216 1950 2330 Μ’
1974 2249 2069 2318 ,pp-123

376 2315 533 2394 consensu
563 2313 782 2400 subtrahere,
809 2318 888 2403 quia
917 2313 1125 2386 salicetum
1150 2313 1211 2386 ha·
1238 2309 1407 2385 &civilis
1427 2306 1674 2407 rutiasuudet,
1699 2316 1808 2405 inquit

375 2418 426 2504 het
448 2417 605 2515 corporis
623 2413 684 2512 sui
700 2417 914 2516 patestatems
940 2414 1051 2485 rCor.
1073 2413 1151 2486 Vll.
1176 2446 1208 2500 4·
1234 2412 1419 2499 imperetur
1439 2413 1539 2483 instit.
1557 2411 1599 2482 de
1613 2437 1709 2504 nupt
1730 2427 1954 2513 asportatum
1962 2420 2089 2526 jaffar·x

373 2517 417 2592 lic
436 2514 668 2592 filiusfamilias
689 2540 756 2586 noa
785 2515 893 2605 potest
914 2511 1038 2597 absque
1063 2520 1211 2602 parentis
1233 2516 1416 2602 (accedat,
1445 2509 1546 2599 imo)
1574 2512 1757 2605 praecedere
1785 2513 1911 2596 debeat.
1965 2511 2073 2618 Leges

374 2611 533 2691 e'ousensu
558 2617 808 2688 matrimonium
825 2608 1041 2694 contrahere,
1080 2623 1114 2686 δι
1136 2637 1211 2686 car·
1234 2613 1349 2682 civiles
1378 2615 1421 2682 de
1444 2602 1633 2684 necessitate
1653 2610 1827 2690 consensus
1852 2626 1984 2714 paterni
2012 2647 2074 2698 aaa·

375 2722 466 2808 poris
485 2712 746 2806 suipotestatem
766 2711 863 2784 alteri
880 2710 1013 2793 facere,
1048 2715 1124 2798 quia
1151 2707 1212 2784 sel·
1235 2710 1337 2782 tiores
1353 2703 1452 2789 sunt,
1477 2732 1576 2796 qutm
1600 2734 1637 2784 ut
1663 2715 1845 2805 ignorari,
1882 2721 2074 2809 clarium,

377 2816 454 2891 iicet
470 2841 542 2889 non
560 2816 607 2887 est
624 2809 673 2884 sui
690 2816 799 2902 juris,
832 2805 887 2883 sed
908 2811 996 2898 patri
1024 2805 1213 2898 subjetius,
1235 2834 1335 2896 quam
1366 2830 1403 2880 ut
1433 2803 1631 2891 obscurari,
1659 2810 1870 2908 surdiores,
1902 2848 2003 2911 quam
2035 2846 2075 2897 ut

369 2925 416 2990 ‘ex
450 2940 520 3005 quo
548 2911 767 2986 fundamento
793 2912 991 3001 pronunciat
1017 2909 1212 2982 Oldendor·
1236 2907 1363 2980 aboleri
1381 2903 1525 2996 poffint,
1559 2930 1632 2994 que
1660 2910 1736 2985 sunt
1762 2917 1867 2994 verba
1899 2927 1992 2994 Bezae
2031 2927 2076 2998 de

377 3018 453 3108 pius
469 3013 568 3087 classe
590 3011 656 3084 lV.
675 3015 739 3084 ast.
761 3014 821 3086 26.
842 3012 933 3099 quod
953 3007 1213 3106 filiusfamilias
1236 3009 1358 3078 divort.
1378 3004 1437 3078 fol.
1461 3017 1519 3090 78.
1573 3005 1715 3105 Nuptiae
1734 3017 1901 3117 ιοιιββιιι
1918 3043 1985 3094 aon
1995 3019 2076 3120 pos.

371 3111 558 3213 subducens
572 3106 745 3208 personam
761 3106 917 3204 suumin
940 3110 1213 3196 matrimonium,
1230 3105 1329 3202 siat,
1353 3106 1417 3205 nist
1437 3102 1644 3202 consentiant
1666 3134 1793 3199 ornnes,
1825 3113 1887 3191 hae
1911 3123 1979 3220 ιβ,
2015 3121 2076 3219 qui

372 3212 489 3310 saciat
500 3213 638 3309 sartura
651 3208 714 3308 sui
734 3210 858 3306 ipsust
882 3210 1022 3299 perinde
1043 3231 1080 3280 ut
1097 3210 1129 3283 b.
1148 3217 1213 3283 Lu·
1237 3212 1379 3287 coeunt,
1400 3229 1602 3303 ¹quorumque
1618 3209 1654 3282 in
1671 3216 1930 3315 potestatesant.
1962 3221 1984 3295 Ι.
1999 3226 2076 3296 Nu'·

377 3313 492 3387 merus
512 3315 548 3384 in
568 3336 688 3382 comm.
712 3314 819 3383 sCor.
836 3308 916 3379 Vll.
934 3311 976 3380 de
997 3317 1140 3401 corrjuge
1158 3333 1215 3382 co·
1237 3310 1326 3395 poa.
1351 3331 1383 3379 2.
1406 3303 1443 3378 ff.
1461 3310 1570 3379 derit.
1589 3329 1686 3399 nupt.
1740 3310 1882 3411 Nuptiae
1900 3321 1987 3394 inter
2001 3346 2076 3397 ear·

376 3417 467 3505 piam
494 3408 543 3484 sui
570 3410 722 3498 corporis
754 3407 850 3480 alteri
882 3428 1040 3479 extraneo
1071 3404 1213 3482 faciente
1237 3403 1511 3502 demersimus,
1545 3408 1608 3506 ιιιβ
1634 3409 1824 3488 volentibus
1857 3421 2078 3514 parentibus,

377 3511 582 3588 adulterium
601 3512 832 3580 committente
845 3507 952 3591 dicit,
985 3505 1074 3606 qnod
1100 3510 1214 3582 maxi·
1238 3517 1408 3582 renovata
1425 3504 1523 3603 jnflae
1556 3530 1621 3579 non
1649 3507 1822 3587 habentur.
1872 3520 1895 3591 l.
1925 3524 2075 3611 Nuptioe.

377 3637 466 3687 ereum
477 3608 617 3705 sartura
635 3610 835 3680 committat.
885 3611 1061 3698 Regerunt
1088 3605 1214 3682 schola-
1243 3609 1396 3689 18.tod.
1459 3599 1734 3701 Faliarsarailiar
1768 3611 1865 3689 miles
1898 3622 2075 3693 matrimo-

376 3708 654 3785 neutralitatis.
674 3703 753 3779 sent.
775 3706 994 3789 ditinum.
1017 3704 1214 3805 quadfile‘ur
1237 3705 1331 3777 nium
1353 3706 1427 3805 βιιι
1454 3709 1569 3801 patris
1604 3706 1778 3785 uoluntate
1803 3739 1869 3787 aaa
1891 3720 2073 3795 contrahit.
2104 3735 2107 3742 '
2137 3789 2139 3794 .

376 3835 443 3886 non
470 3820 500 3884 rt
517 3805 586 3904 sab
606 3809 765 3907 potestate
784 3816 824 3880 ut
836 3801 975 3901 servus,
1004 3805 1068 3903 fia
1091 3805 1214 3880 habeat
1238 3805 1260 3877 l.
1281 3825 1336 3893 35.
1353 3806 1431 3877 eod.
1481 3800 1525 3877 Si
1540 3808 1669 3904 nuptiis
1685 3822 1785 3907 pater
1805 3826 1881 3889 taur
1899 3817 2075 3922 consensit,

370 3909 430 4009 sai
452 3931 580 4008 qaoque
610 3904 811 3980 libertatem.
879 3907 982 3992 Atqui
1008 3908 1219 3999 distinguen·
1238 3904 1327 3978 nihii
1348 3902 1455 3978 oberit
1474 3903 1560 3992 tibi,
1583 3909 1672 4003 quod
1697 3912 1912 4013 instrumento
1932 3919 1987 3993 'ad
2004 3944 2077 3994 ma-

375 4015 457 4086 dum
478 4013 570 4084 inter
591 4004 778 4078 libertatem
798 4000 987 4099 ahsolutum
1016 4016 1052 4080 a
1086 4007 1217 4080 limita·
1239 4004 1435 4082 trinarium
1464 4008 1647 4101 pertinenti
1669 4034 1737 4083 nan
1763 4015 1971 4120 subscripstt.
2002 4019 2076 4096 l..ti

378 4123 460 4186 tam.
516 4106 780 4195 Filiusmajorem
789 4104 976 4178 libertatem
988 4103 1099 4193 habet,
1114 4131 1215 4194 quam
1238 4107 1375 4194 nuptiis.
1401 4125 1433 4177 a.
1462 4108 1504 4180 C.
1529 4109 1571 4179 de
1594 4131 1690 4199 nupt.
1765 4111 1963 4212 Observatir
1983 4122 2078 4218 juris

375 4208 510 4297 seruus,
543 4205 716 4279 cum'non
746 4203 784 4277 sit
810 4207 897 4293 patri
920 4200 1086 4280 serviliter
1108 4202 1215 4296 subje-
1236 4201 1722 4306 praeceptirsociareconjugio
1739 4224 1814 4299 tua,
1840 4239 1939 4314 quara
1960 4219 2075 4294 volue-

320 4355 328 4426 ι.
375 4315 476 4392 diust
516 4307 651 4378 interim
677 4328 787 4377 tamen
815 4305 871 4375 illa
897 4297 964 4392 ipsa
996 4302 1131 4377 libertas
1156 4305 1216 4379 filii
1240 4306 1311 4389 rir,
1337 4327 1403 4376 non
1429 4305 1642 4399 impedieris,
1677 4311 1727 4385 itu
1750 4324 1860 4388 tamen
1882 4329 1921 4393 at
1943 4331 2078 4394 conha-

320 4437 322 4444 ’
378 4435 447 4484 non
466 4399 701 4485 estsbsaluta,
723 4399 779 4477 sed
796 4405 901 4493 patria
921 4406 1083 4491 potestate
1104 4405 1214 4477 adhuc
1241 4403 1359 4476 hendir
1379 4406 1510 4500 nuptiis
1525 4407 1710 4504 patrissui
1732 4413 1905 4513 consensus
1930 4418 2079 4498 accedat.

377 4507 519 4582 limitata
544 4514 581 4580 de
609 4502 868 4590 circumscripta.
934 4506 1014 4576 Non
1041 4505 1146 4595 igitur
1171 4500 1218 4577 st·
1241 4502 1264 4578 l.
1289 4508 1364 4576 Nec
1397 4501 1514 4577 filium.
1549 4528 1601 4578 ιι.
1626 4516 1700 4585 eod.
1777 4501 1821 4587 In
1854 4520 2081 4614 conjundiione
2196 4543 2203 4552 '

379 4612 519 4698 quitur:
544 4600 631 4676 lilius
654 4628 721 4676 non
742 4605 789 4676 est
808 4599 868 4672 suh
890 4606 1068 4691 potestate,
1095 4626 1131 4675 ut
1152 4601 1218 4676 ser·
1234 4603 1394 4703 filiarum
1416 4605 1451 4676 in
1464 4600 1578 4700 saaris
1587 4610 1771 4710 pafitarum
1792 4619 1902 4711 patris
1916 4619 2079 4719 exspelia-

319 4783 327 4794 ι
381 4733 464 4790 naq
490 4728 576 4796 ergo
597 4697 745 4774 absolute
759 4701 844 4774 liber
857 4704 920 4774 est:
946 4705 1023 4790 quia
1040 4699 1218 4776 adhucsub
1242 4717 1299 4777 tur
1311 4703 1492 4777 arbitrium
1513 4703 1534 4778 l.
1551 4730 1606 4781 20.
1626 4715 1700 4785 eod.
1751 4713 1883 4791 Paulus
1896 4720 2077 4819 respondit,

319 4795 349 4870 '-.
382 4809 543 4900 potestate
562 4804 631 4882 est,
656 4825 692 4874 ut
718 4799 825 4883 filiust
850 4809 917 4889 jam
935 4827 1017 4874 vero
1035 4805 1142 4891 patria
1161 4801 1219 4874 illa
1242 4829 1314 4877 eum
1335 4805 1393 4897 qui
1409 4805 1540 4879 uiuente
1551 4818 1651 4901 putre
1678 4810 1721 4885 85
1741 4816 1919 4912 ignorante
1942 4822 1982 4894 de
2002 4847 2081 4897 cna·

347 4981 350 4986 ,
381 4910 541 4998 ραιιὶιι,
569 4897 633 4974 sub
656 4926 720 4992 qus
747 4902 941 4973 constitutus
964 4904 1044 4994 est]
1083 4906 1219 4974 omnino
1240 4901 1410 5000 quastione
1422 4903 1513 5001 filiae
1527 4921 1700 5005 conceptas
1719 4918 1785 5016 ιβ,
1812 4916 1977 5022 licetpost
1993 4946 2082 4996 mma

385 5003 446 5082 hoc
465 5003 629 5094 requirit,
656 5001 836 5086 arabsque
863 5004 966 5089 patris
999 4996 1157 5074 consensu
1186 5012 1220 5076 δι
1246 5000 1384 5075 ternarii
1407 5007 1579 5103 autasſst,
1600 5010 1725 5109 justum
1740 5014 1858 5113 fitium
1879 5019 1933 5106 η’,
1957 5045 2079 5117 expuo

386 5107 554 5178 voluntate
600 5102 852 5173 matrimonium
889 5104 975 5172 inire
1010 5126 1077 5173 non
1111 5098 1221 5192 possit.
1251 5111 1425 5200 concepta-r
1444 5105 1508 5200 ιβ,-
1527 5126 1593 5176 aon
1617 5110 1737 5187 videri.
1760 5113 1782 5186 l.
1809 5143 1861 5194 ιο.
1881 5118 1917 5189 ff.
1936 5128 1978 5194 de
1996 5125 2080 5198 statu
2203 5177 2208 5184 .

385 5205 470 5284 vest
487 5205 633 5286 uterus
651 5202 702 5278 eh
718 5197 852 5298 leuibus
878 5196 911 5278 se
935 5196 1122 5290 snbjeuun
1144 5199 1224 5299 p'ru
1247 5204 1341 5281 hana
1391 5196 1474 5281 Noa
1484 5203 1701 5307 sumtus
1724 5225 1834 5314 repre
1852 5218 1985 5315 virgini
2010 5216 2080 5298 &a

1971 5332 2088 5420 rapta·
