4884 5984
396 537 470 614 240
613 515 909 591 rocvsxxtr.
961 514 1116 588 enan
1168 515 1315 587 mano.
1333 518 1377 587 ιι.
1427 460 1535 590 ιιι.
1553 519 1597 589 ιι.
1648 513 1803 588 anast.

291 713 294 718 ’
398 740 443 790 ex
455 711 683 811 conjnnffione
701 714 809 787 morie
823 708 1025 805 &famina
1041 724 1119 789 oeta
1144 733 1214 785 om·
1236 712 1326 785 enim
1342 706 1503 800 quispiam
1516 711 1766 788 matrimonium
1782 705 1963 790 contrabit,
1974 703 2058 781 tanc'

360 841 366 858 ‘
397 817 437 891 ni
457 813 632 911 parentela
646 815 718 914 seve
737 813 938 910 cognatione
958 835 1085 888 carens.
1144 817 1213 885 ltd-
1236 808 1326 882 illius
1348 808 1524 900 persone,
1549 840 1627 889 cum
1655 831 1720 901 qua
1751 808 1937 893 contrahit,
1969 831 2054 878 εοιι-

370 927 379 976 ἱ
397 915 586 1008 peilauonis
599 917 685 987 ratio
699 915 777 987 inde
791 918 935 987 dedatis
946 918 1011 992 est,
1034 915 1126 1003 quod
1140 917 1213 986 duae
1236 906 1407 1001 sanguinei
1439 916 1627 989 redduntur
1646 906 1709 1003 ipst
1739 905 1873 981 adfines.
1933 905 2057 994 stoque

398 1015 638 1108 cognationes,
672 1038 744 1102 qua
772 1015 860 1085 inter
890 1009 922 1087 se
945 1009 1081 1087 diverse
1107 1007 1213 1099 sont,
1236 1013 1404 1081 mediante
1428 1036 1493 1083 una
1520 1013 1690 1104 persona,
1727 1013 1872 1101 conjuge
1894 1000 2054 1086 scilicet,

397 1141 461 1207 per
488 1115 620 1203 nuptias
643 1113 842 1202 copulantur
868 1124 903 1188 δι
930 1113 1035 1187 altera
1058 1116 1101 1184 ad
1131 1111 1214 1186 alte·
1237 1111 1325 1182 inter
1347 1111 1503 1188 maritum
1520 1125 1555 1188 dc
1580 1115 1695 1187 uxoris
1710 1101 1990 1197 consanguineos,
2013 1123 2054 1175 to

398 1221 468 1288 rius
484 1213 563 1286 fines
581 1215 727 1293 accedit,
750 1215 969 1286 Modestinus.
988 1213 1011 1287 l.
1037 1216 1117 1284 Non
1133 1209 1214 1284 faci·
1238 1209 1311 1281 vice
1340 1204 1430 1280 versa
1451 1215 1538 1285 inter·
1564 1235 1701 1286 uxorem
1719 1217 1755 1282 dc
1781 1207 1893 1278 mariti
1914 1196 2068 1292 constu-¹

399 1314 440 1388 lc.
457 1340 492 1407 4.
509 1323 538 1406 ς.
554 1311 608 1386 sed
629 1318 797 1400 quoniam.
816 1312 853 1387 ff.
869 1317 910 1385 de
926 1312 1085 1405 gradibus
1102 1321 1137 1385 δι
1156 1315 1213 1383 ad·
1237 1310 1376 1397 guineos
1402 1309 1553 1383 adfinitas
1572 1310 1791 1386 contrahitur.
1843 1307 1896 1376 Sic
1924 1301 2051 1394 nuptiis

398 1412 530 1486 finibus.
581 1410 717 1485 Adfints
742 1439 826 1507 ergo
854 1409 946 1495 sunt,
972 1415 1029 1502 qui
1049 1436 1117 1483 non
1129 1406 1213 1505 san·
1237 1408 1325 1477 inter
1342 1412 1506 1497 ,iacobum
1525 1422 1559 1486 aa
1580 1409 1765 1486 Rachelem
1786 1405 1965 1476 contrattio
1986 1396 2054 1472 sra-

399 1513 533 1612 gttinis,
564 1508 619 1585 sed
638 1509 719 1610 sola
743 1515 938 1610 nuptiarum
965 1510 1212 1612 neceffitndine,
1238 1506 1420 1597 terJtcobi
1436 1505 1607 1584 Esavuslit
1624 1500 1911 1587 Rachelisedfinis
1930 1500 2051 1590 inpri-

398 1638 467 1686 non
487 1637 549 1703 ρει
571 1617 871 1707 propagationem,
896 1609 950 1686 se'd
972 1638 1035 1703 ρει
1054 1614 1293 1684 unionem-mo
1309 1600 1485 1682 adfinitatis
1499 1636 1641 1702 genere,
1667 1623 1703 1687 &
1717 1598 1969 1681 viciffimsoror
1983 1605 2052 1674 R!-

397 1720 541 1788 duorum
561 1715 743 1785 inegrnem
766 1739 866 1784 unam
891 1721 1089 1803 junguntur,
1140 1712 1211 1803 Qui
1237 1702 1339 1776 chelis
1354 1710 1418 1779 [eu
1438 1706 1475 1779 fit
1497 1704 1922 1803 adfiniSJtcobiitidemin
1939 1702 2050 1791 primo

326 1857 333 1876 ι
395 1815 485 1887 enim
508 1814 604 1884 unios
631 1819 835 1905 conjugum,
875 1815 985 1883 mariti
1008 1805 1129 1883 scilicet
1158 1809 1212 1881 vel
1237 1829 1362 1894 genere
1392 1805 1578 1884 adfinitatis.
1628 1811 1815 1882 Secundum
1840 1825 1948 1894 genus
1971 1795 2050 1872 odfi-

396 1915 507 1982 uroris
522 1908 759 2004 consanguinei
774 1905 869 1989 sunt,
894 1910 1019 1998 nuptiis
1036 1912 1213 1981 contrattis
1240 1905 1349 1975 nitatis
1370 1910 1438 1993 en,
1462 1913 1553 1997 quod
1578 1904 1802 1981 mediantibus
1826 1901 1962 1975 dantur
1976 1920 2050 1996 pet·

398 2012 494 2084 alteri
523 2013 706 2101 conjugum
737 2008 822 2080 fiunt
850 2006 1003 2091 adfines,
1051 2007 1114 2081 boc
1147 2010 1213 2087 est,
1230 2001 1330 2099 sonis
1355 2008 1583 2093 contrahitur,
1606 2008 1658 2080 vel
1682 2009 1771 2096 quod
1790 2025 1852 2097 per
1871 1998 2059 2100 personant·

397 2104 632 2199 consanguinei
649 2109 760 2181 mariti
778 2105 863 2180 fiunt
878 2099 1002 2180 odfities
1025 2109 1155 2197 uxoris,
1179 2113 1214 2181 δι
1234 2107 1349 2199 primo
1376 2109 1491 2202 generi
1515 2107 1711 2207 adfinitatis
1737 2100 1905 2179 redditam
1932 2098 2050 2200 confli-

402 2204 636 2299 consanguinei
669 2211 779 2280 uxoris
807 2204 891 2278 fiunt
925 2204 1048 2278 adfines
1076 2208 1213 2292 mariti,
1238 2205 1356 2278 enitor.
1386 2211 1539 2278 Tertium
1558 2233 1663 2301 genus
1678 2201 1855 2277 adfinitatis
1869 2203 1938 2288 est,
1961 2201 2048 2289 quod

400 2310 487 2380 ratio
511 2311 634 2396 pendet
659 2331 699 2378 ex
725 2331 784 2391 eo,
818 2309 895 2394 qaia
918 2307 1054 2378 maritus
1075 2315 1109 2380 δι
1131 2330 1214 2377 uxor
1238 2304 1463 2380 mediantibus
1490 2305 1599 2380 tribus
1627 2304 1778 2403 personis
1807 2301 2048 2379 consentient,

285 2451 291 2460 ι
399 2430 463 2497 ρει
483 2408 679 2497 conjugium
707 2404 788 2476 fiunt
811 2427 879 2478 nna
912 2428 1001 2480 caro.
1075 2406 1214 2492 Proprie
1239 2404 1293 2477 vel
1310 2411 1398 2493 quod
1410 2431 1471 2504 per
1493 2405 1666 2501 personam
1679 2401 1825 2501 secundo
1849 2402 1967 2500 generi
1992 2395 2048 2471 ad*

398 2505 504 2597 i'gitur
522 2504 672 2576 adfinitas
695 2506 943 2575 matrimonium
967 2506 1151 2592 impediens
1169 2505 1214 2574 est
1231 2503 1388 2601 finitatis
1411 2506 1566 2581 additam
1589 2508 1810 2606 constituitur.
1866 2508 1912 2574 Ex
1934 2508 2047 2574 Grato

401 2625 529 2675 tantum
553 2605 650 2674 inter
675 2628 777 2674 unum
806 2612 983 2694 conjugem
1015 2612 1050 2674 δι
1081 2604 1215 2674 alterius
1240 2601 1399 2676 Mahalon
1420 2616 1454 2681 &
1472 2606 1637 2686 chelion,
1662 2612 1728 2676 duo
1746 2603 1863 2676 fratres
1885 2607 2048 2673 duxerunt

400 2699 671 2794 consanguineos.
725 2704 887 2795 Quamvis
896 2706 983 2774 enim
1000 2701 1133 2792 cognati
1147 2728 1216 2774 ma-
1241 2726 1358 2774 utores
1372 2704 1590 2786 Moabiticas,
1616 2705 1761 2779 Chelion
1778 2703 1956 2793 Orphom,
1979 2701 2046 2769 Mt·

399 2802 458 2875 riti
475 2811 511 2876 dc
534 2803 669 2893 cognati
696 2803 826 2879 uxoris,
855 2800 919 2872 five
938 2804 1109 2890 utriusque
1133 2825 1211 2894 agn.
1242 2800 1340 2872 halon
1366 2805 1471 2878 Ruth.
1494 2803 1599 2878 Ruth.
1621 2813 1645 2876 l.
1661 2831 1695 2899 4.
1758 2807 1820 2874 Per
1842 2801 1909 2873 hoc
1934 2803 2044 2884 conju·

400 2902 490 2992 jugis
521 2897 756 2992 consanguinei
784 2897 969 2972 habeantur
1001 2910 1035 2974 ta
1061 2902 1214 2973 dicantur
1237 2902 1332 2991 gium
1359 2903 1454 2975 Ruth
1482 2901 1567 2976 satia
1598 2907 1644 2976 est
1669 2901 1784 2974 adfinis
1814 2897 2043 2973 Chelionisio

401 3004 490 3071 inter
516 2994 549 3070 se
570 2997 718 3079 adfines,
757 3021 867 3070 tamen
890 2997 1040 3070 adfinitas
1063 2998 1120 3069 illa
1146 3026 1214 3071 non
1239 3002 1349 3088 primo
1367 3026 1490 3090 genere
1508 3002 1684 3073 adfinitatis
1701 3003 1866 3072 mediante
1884 3023 1951 3068 unt
1974 3017 2044 3088 ρει·
2063 3015 2082 3094 Ι·

402 3101 449 3170 est
470 3101 513 3169 ita
538 3120 749 3188 comparata,
779 3120 815 3169 ut
839 3100 1087 3169 matrimonium
1110 3099 1214 3188 impe·
1240 3094 1342 3185 sona,
1374 3097 1496 3172 scilicet
1516 3102 1704 3174 Mahalonc.
1733 3106 1875 3170 Mortuo
1897 3092 2048 3167 Mando*

307 3193 310 3204 ’
405 3199 478 3268 dire
500 3195 615 3284 possit,
641 3200 728 3267 unde
749 3199 782 3266 in
798 3196 1019 3287 descriptione
1040 3194 1216 3269 adfinitatis
1243 3223 1284 3268 ne
1300 3197 1392 3268 Ruth
1409 3198 1517 3287 nupsit
1534 3207 1654 3271 ltoozo.
1678 3197 1781 3272 Ruth.
1801 3204 1857 3269 1v.
1880 3221 1932 3267 ro.
1963 3199 2044 3265 Boon

407 3292 615 3370 &adfinium
635 3318 789 3366 notanter
809 3298 957 3366 additum
976 3293 1055 3374 suit,
1080 3294 1218 3391 eonsan·
1242 3298 1346 3387 igitur
1368 3295 1404 3367 lit
1420 3296 1535 3370 adfinis
1556 3298 1746 3379 Chelionis,
1772 3301 1807 3367 in
1833 3291 1976 3365 secundo
1993 3316 2045 3383 ge·

406 3395 546 3487 getineos
560 3393 742 3466 moritioel
754 3396 875 3466 axoris
885 3420 948 3490 per
965 3395 1101 3491 nuptias
1114 3396 1217 3470 alteri
1241 3420 1320 3466 nere
1344 3395 1520 3467 adfinitatis
1539 3397 1759 3469 mediantibus
1787 3395 1913 3465 duabus
1938 3389 2046 3481 perso·

407 3495 602 3588 conjugum,
619 3517 685 3564 non
698 3515 807 3564 autem
820 3492 1068 3587 consanguineis
1082 3494 1215 3568 alterius
1240 3496 1315 3575 nis,
1341 3496 1435 3567 Ruth
1462 3493 1583 3568 scilicet
1605 3507 1637 3569 δι
1663 3494 1852 3568 Mahnlone.
1906 3487 2046 3589 Quodfi

407 3597 579 3685 conjugis,
604 3591 832 3691 adfinetfieri.
882 3598 1020 3666 Interim
1047 3617 1157 3666 tamen
1181 3599 1213 3667 in
1239 3614 1370 3666 mortua
1384 3595 1477 3670 Ruth
1493 3602 1579 3666 booz
1590 3596 1685 3667 aliam
1701 3591 1837 3667 duxisset
1849 3603 2046 3684 conjugem,

406 3695 556 3783 generali
571 3690 746 3764 adfinitatis
759 3696 953 3782 acceptione
969 3696 1031 3765 tria
1049 3699 1218 3767 numerari
1244 3714 1322 3763 tunc
1345 3694 1401 3765 illa
1426 3692 1533 3767 fuilsat
1561 3693 1675 3766 adfinis
1692 3693 1866 3766 Chelionis
1886 3696 1921 3762 in
1948 3694 2045 3764 tertio

405 3788 511 3860 solent
531 3795 679 3877 ejusdem
695 3817 837 3883 genera,
859 3798 901 3866 de
916 3792 1034 3881 quibus
1049 3791 1162 3864 usitata
1179 3820 1218 3866 ac
1241 3816 1366 3882 genere
1384 3793 1559 3866 adfinitatis
1582 3792 1801 3865 mediantibus
1817 3791 1923 3862 tribus
1935 3788 2046 3881 perso·

409 3888 767 3981 celebratoestregula
787 3894 1047 3966 canonistarum:
1098 3889 1217 3989 Persa·
1241 3892 1309 3970 nis,
1332 3889 1574 3980 Boozscilicet,
1602 3889 1953 3968 Ruth&Mnhalont.
1998 3891 2047 3961 Sic

408 4009 453 4057 na
468 3985 589 4060 addita
603 3986 752 4084 perfhnae
767 4014 826 4083 per
842 3992 954 4063 caenis
971 3991 1124 4087 copulam
1147 4017 1216 4064 mn·
1241 4012 1337 4079 crgo,
1357 3990 1378 4061 st
1400 3989 1502 4064 frater
1526 4019 1619 4066 meus
1634 4017 1770 4063 uxorem
1786 3995 1905 4077 ducat,
1939 3987 1996 4062 illa
2014 3986 2048 4060 fit

406 4098 460 4159 tat
484 4113 587 4183 genus
608 4090 844 4184 attingentiae,
882 4086 947 4184 sed
965 4115 1030 4163 non
1057 4092 1214 4188 gradum.
1242 4088 1325 4159 mihi
1345 4088 1458 4163 adfinis
1481 4094 1515 4162 in
1531 4096 1643 4191 primo
1655 4115 1771 4187 genere
1787 4088 1974 4162 adfinitatis.
2018 4088 2050 4160 si

406 4193 448 4261 Et
466 4191 555 4275 apud
570 4187 735 4260 Thomam
749 4192 848 4259 exstat
863 4186 916 4260 bic
939 4191 1132 4264 versiculus:
1242 4183 1346 4258 fratre
1368 4215 1443 4262 tneo
1463 4195 1642 4264 demortuo
1659 4189 1774 4262 nolitia
1788 4198 1857 4278 ejus
1875 4192 1976 4261 viduo
1990 4212 2051 4258 no-

457 4284 693 4383 Menatnnpta
701 4285 879 4383 generasset
889 4304 1049 4384 generata
1058 4292 1214 4388 gradum.
1243 4283 1298 4357 bot
1319 4290 1432 4369 alteri,
1461 4313 1559 4377 atque
1576 4294 1620 4362 ita
1641 4293 1753 4379 primo
1772 4292 1889 4380 generi
1910 4292 2050 4361 addatur

408 4390 456 4457 Ex
472 4388 576 4457 tribus
596 4389 658 4458 illis
678 4385 853 4460 adfinitatis
868 4390 1045 4480 generibus
1069 4397 1214 4481 primum
1241 4384 1303 4456 alia
1330 4386 1471 4475 persona
1493 4416 1555 4478 per
1581 4388 1763 4478 copulam,
1796 4392 1830 4460 id
1860 4410 1981 4460 vorant
1997 4385 2051 4484 se·

405 4488 560 4558 duntaxat
585 4490 630 4558 est
652 4483 801 4557 adfinitas
828 4491 966 4578 proprie
993 4496 1080 4562 ditia
1102 4494 1214 4563 nostri·
1241 4485 1383 4557 ctmdmn
1403 4513 1506 4582 genus
1536 4489 1721 4561 adfinitatis.
1775 4491 1805 4559 Si
1828 4483 1971 4559 secundo
1992 4514 2052 4578 ge·

348 4651 354 4662 ,
404 4587 554 4657 monium
578 4587 778 4676 impediens,
824 4588 889 4658 duo
917 4592 1117 4679 posteriora,
1153 4615 1215 4661 nec
1240 4589 1312 4654 neri
1340 4585 1448 4657 adhuc
1464 4589 1525 4659 alia
1545 4586 1681 4679 persona
1696 4591 1853 4667 addatur,
1872 4608 1991 4676 utt>⁰te
2010 4587 2053 4671 fi.

406 4683 609 4756 adfinitatem
630 4687 767 4775 proprie
788 4687 910 4757 dietam
926 4689 1119 4774 conciliant,
1154 4715 1214 4760 nec
1240 4683 1354 4756 retina
1380 4687 1478 4758 vidua
1504 4687 1614 4760 fratris
1638 4693 1705 4759 mei
1740 4710 1886 4770 mortua,
1915 4690 2053 4759 maritus

407 4791 538 4878 nuptias
553 4787 749 4876 impediunt.
801 4787 949 4856 Primum
965 4786 1139 4859 adfinitatis
1156 4814 1215 4878 ge.
1239 4791 1309 4870 ejus
1332 4780 1491 4857 secttndus
1511 4794 1608 4861 ducat
1630 4788 1746 4875 aliam,
1775 4817 1812 4863 ca
1827 4786 1864 4859 fit
1883 4783 2001 4860 adfinis
2017 4792 2055 4860 in

405 4915 466 4965 nus
492 4891 563 4968 est,
588 4888 676 4971 quod
703 4881 867 4956 mediante
888 4909 955 4957 nna
972 4875 1113 4984 pissima
1138 4911 1215 4959 con·
1242 4885 1341 4956 tertio
1357 4884 1531 4957 adfinitatis
1551 4914 1676 4984 genere.

403 4988 574 5067 renititur,
610 4982 661 5054 vel
688 4981 798 5052 ntalii
822 4983 1002 5067 definiunt,
1041 4991 1217 5075 quod'una
1310 4994 1337 5075 §.
1363 4989 1547 5059 CCXLlV.
1575 4991 1758 5078 Deprimo
1784 4984 1961 5057 adfinitatis
1991 5014 2055 5082 ge.

400 5084 540 5185 persom
559 5110 619 5176 ρει
644 5084 920 5156 matrimonialem
948 5092 1216 5176 conjunttionem
1243 5108 1449 5156 nertonmcs
1469 5085 1691 5172 cotrsentiunt,
1720 5086 1772 5157 sed
1794 5091 1835 5157 de
1853 5084 1997 5160 secundo
2015 5099 2054 5165 ἀ

402 5190 509 5286 alteri,
522 5184 670 5273 persone
692 5183 802 5257 addito
828 5188 1008 5263 constituit.
1070 5188 1218 5283 Quando
1243 5187 1342 5257 tertio
1357 5209 1482 5277 genere
1496 5190 1630 5278 quidam
1646 5188 1749 5283 paulo
1765 5187 1863 5262 aliter
1878 5187 2064 5264 dill'erunt..

1939 5293 2059 5365 Exiti-
