4884 5984
885 469 954 542 na
1005 424 1385 551 snonsuttavs.
1906 505 1983 580 145

290 655 467 808 13,ὶῖζωὶ
469 680 506 805 am
605 669 634 751 ς.
662 663 838 780 extat-t..
867 669 1122 778 .1V.)Contra·
1144 643 1299 785 litescuntt
1316 671 1424 760 inquit
1446 669 1586 746 Tullius.
1637 674 1823 764 Perjuriom
1841 682 1887 752 eli
1908 683 1976 756 Dei
2037 729 2046 738 -

285 820 482 902 ,mmm
548 758 859 876 huntursponlaha
879 764 933 875 pel
960 766 1061 877 nudis
1080 787 1121 836 ac
1142 766 1419 878 abnegatio,&c.
1473 798 1505 843 2.
1507 779 1526 864 )
1547 769 1717 870 Praecepti
1731 775 1844 850 diuini
1859 777 1972 897 dispo:

315 900 466 983 najaram.
540 859 753 961 sunplrcrbur
793 858 903 935 uerhrr
934 859 1120 952 promissio·
1135 866 1301 963 sttroaem.
1366 864 1447 941 Non
1481 869 1632 968 adsumes
1665 896 1782 948 numen
1822 872 1971 952 Domina

453 1015 457 1020 .
505 1009 509 1014 .
549 984 627 1031 nem
648 962 840 1048 nuptiarum
860 962 1118 1051 continentibus,
1145 957 1216 1040 Dei
1241 968 1293 1038 tui
1316 966 1351 1039 in
1374 991 1508 1042 uanum.
1557 965 1731 1044 Rabbinus
1767 972 1863 1049 uben
1883 982 1971 1052 Erre
2065 1003 2081 1012 ··

295 1056 351 1130 vel
373 1057 564 1160 {nterpostta
587 1057 721 1154 iusuper
739 1060 959 1153 juramentos
984 1059 1040 1130 illa
1060 1086 1117 1133 vo·
1142 1064 1177 1134 in
1199 1066 1353 1153 explicat.
1380 1068 1554 1160 decaldgi:
1588 1069 1737 1141 Verbum
1762 1077 1828 1143 Dei
1857 1075 1894 1146 in
1914 1101 1970 1147 ra·

287 1159 409 1233 cantur
435 1156 611 1256 injurata,
646 1156 715 1227 hac
738 1160 869 1253 ju'rata.
919 1157 1116 1250 Exemplum
1141 1164 1970 1271 numaccipiendumnonest,quial)eusute]lr'pfh

287 1263 475 1343 imitatum
485 1250 720 1345 sponsaliorum
730 1250 1042 1361 proponiturltoth.
1055 1255 1116 1348 lll.
1142 1261 1294 1349 ueritas,
1322 1265 1374 1336 r'ta
1390 1263 1523 1336 uerbum
1547 1267 1618 1360 rjus
1639 1289 1751 1339 uerum
1772 1267 1890 1344 haberi
1913 1270 1970 1342 de*

292 1379 349 1441 ¹3·
371 1354 431 1424 nbi
445 1361 531 1426 Boon
549 1357 588 1424 ad
607 1353 756 1424 liutham
770 1356 871 1424 dicit:
901 1349 943 1426 Si
959 1363 991 1425 te
1006 1351 1117 1427 uolue-
1140 1355 1225 1442 bet5
1250 1363 1340 1449 quod
1363 1360 1385 1432 (ι
1413 1361 1605 1452 promissum
1625 1364 1779 1438 inuocato
1813 1370 1880 1440 Dei
1907 1393 1968 1441 no·

287 1452 339 1526 rit
348 1455 559 1549 propinquus
574 1452 652 1544 jure
669 1452 937 1548 propinquitatis
951 1454 1114 1539 retinere,
1139 1460 1229 1531 minc
1247 1461 1427 1547 praestitum
1444 1485 1512 1533 non
1526 1457 1697 1543 servatur,
1721 1466 1810 1537 idem
1831 1468 1905 1547 est,
1929 1493 1968 1541 ac

281 1548 368 1632 ‚tene
385 1551 533 1626 racana
558 1553 619 1650 est,
642 1552 697 1650 fin
723 1561 833 1622 autem
868 1550 921 1623 r'sle
946 1550 1113 1639 noluerit,
1140 1551 1450 1629 liDeotmendacii
1471 1583 1677 1650 argueretur.
1728 1564 1849 1649 Siquis
1868 1589 1966 1658 rege-

285 1672 350 1745 ego
366 1661 399 1724 tr
406 1646 593 1748 suscipiam
607 1704 616 1734 ,
633 1649 724 1724 uiuis
739 1646 929 1728 Dominum
951 1649 1036 1724 hanc
1050 1648 1113 1724 esse
1139 1676 1213 1735 rat,
1237 1657 1361 1727 erstate
1376 1654 1586 1729 manifestum
1609 1661 1673 1730 Dei
1695 1684 1901 1750 praeceptum
1922 1667 1965 1736 cle

284 1744 680 1838 iurisiurandiadsertorii
693 1746 941 1836 acpromifforii
957 1745 1112 1831 sannam,
1137 1746 1337 1824 honorandis
1357 1753 1568 1841 parentibus,
1594 1760 1683 1843 quod
1702 1756 1797 1830 liberi
1822 1761 1857 1830 in
1878 1767 1965 1848 ejus·

285 1872 326 1921 ex
343 1845 415 1919 aliis
431 1843 601 1936 scripturae
615 1846 695 1918 locis
714 1849 861 1919 constat:
895 1874 905 1917 1
921 1853 1006 1920 Sam.
1017 1847 1112 1921 XIX.
1136 1852 1229 1923 morli
1248 1845 1450 1940 sponsalibus
1465 1851 1592 1925 nefarie
1609 1851 1961 1948 fuerintpransgreffi,

287 1952 322 2021 6.
369 1939 460 2019 ¹Cum
475 1941 617 2041 audiffet
634 1940 739 2028 Saul,
750 1945 903 2039 juravit,
928 1946 1018 2020 uiuit
1035 1942 1111 2018 Do·
1134 1946 1355 2038 respondent,
1373 1946 1556 2047 secundant
1579 1951 1735 2048 decalogi
1746 1951 1898 2028 tabulam
1914 1981 1963 2029 cr·

284 2043 423 2130 raihun.
439 2046 520 2140 quia
542 2057 616 2115 noa
633 2044 814 2116 occidetur.
835 2068 863 2126 e.
876 2042 1045 2119 XXVIII.
1062 2067 1112 2122 to.
1138 2046 1213 2120 dere
1231 2050 1361 2143 prima.
1410 2054 1485 2140 Jam
1508 2073 1589 2121 vero
1611 2059 1835 2137 intumentum
1859 2058 1964 2143 perti

285 2134 445 2242 Juraur‘t
462 2143 495 2217 ei
516 2139 605 2216 Saul
620 2142 657 2214 in
682 2138 854 2222 Domino,
878 2139 1014 2227 diceas,
1047 2142 1113 2218 Vi·
1136 2152 1250 2218 netad
1269 2148 1432 2236 primam,
1463 2147 1572 2222 honor
1595 2154 1829 2237 parentumad
1848 2147 1963 2225 secor-

252 2243 338 2316 '-vit
353 2237 542 2324 Dominus,
572 2238 645 2316 ssa.
696 2244 799 2314 Unde
828 2240 994 2314 Lutherus
1021 2248 1112 2317 rethe
1135 2245 1212 2316 dam
1236 2244 1389 2335 decalogi
1411 2244 1568 2317 tabulam.
1620 2251 1711 2338 Ergo
1735 2274 1865 2336 equum
1887 2253 1959 2338 est,
1988 2269 1991 2278 ’

274 2339 404 2414 ·r'ertits
420 2339 464 2437 fo
482 2338 653 2414 mauram
672 2336 789 2413 HErr
814 2337 908 2412 lebet.
957 2340 1040 2412 Talc
1059 2343 1112 2433 ju.
1136 2363 1173 2412 ut
1188 2365 1394 2432 praeceptum
1413 2348 1455 2415 de
1476 2342 1676 2416 honorandis
1697 2347 1889 2431 parentibus
1906 2372 1962 2424 ee·
2087 2389 2089 2396 s

280 2461 471 2514 ramentum
485 2441 655 2530 interponi
683 2436 783 2524 solet,
819 2438 872 2509 uel
889 2437 931 2510 ab
944 2437 1019 2527 ipsas
1033 2464 1111 2513 con·
1134 2444 1191 2512 dat
1212 2462 1385 2529 praecepto.
1398 2445 1448 2513 ele
1474 2448 1663 2528 juramento
1690 2438 1860 2517 servando.
1912 2455 1961 2537 3.)

271 2536 502 2626 trahentibus,
524 2533 775 2636 solempnia,
802 2537 921 2616 idest,
955 2535 1039 2622 illis,
1074 2542 1109 2611 in
1138 2532 1426 2634 Conscientiarum
1444 2537 1739 2634 perturbationem.
1803 2546 1835 2615 si
1862 2537 1976 2634 spon:
2065 2557 2081 2614 .’

275 2660 425 2726 quorum
445 2639 661 2728 potestateell
678 2633 814 2724 sponsa,
848 2643 916 2708 &a
933 2628 1039 2724 spousi
1053 2660 1111 2726 pa·
1133 2621 1208 2709 salia
1230 2636 1413 2710 liberorum
1434 2644 1542 2723 iurata
1557 2635 1796 2721 oiffolvuntor,
1821 2635 1960 2730 scrupo-

279 2755 387 2808 rente.
438 2742 492 2809 De
520 2736 634 2824 juratis
664 2728 868 2823 sponhlibus
894 2730 964 2804 hae
992 2736 1110 2824 regula
1132 2733 1183 2805 lus
1205 2730 1411 2810 conscientiis
1431 2737 1578 2822 injicitur
1598 2759 1810 2828 perpetuus,
1848 2762 1959 2827 neque

280 2831 486 2925 generaliter
500 2836 658 2917 traditur,
692 2832 780 2928 quod
809 2828 950 2904 arsinoi
975 2831 1109 2905 viuculo
1133 2835 1221 2905 euim
1238 2855 1332 2905 certo
1351 2836 1489 2905 statuere
1508 2831 1657 2923 potsunt,
1687 2837 1818 2925 paterni
1840 2833 1960 2909 dissen-

283 2931 513 3005 raatraltentet
534 2932 780 3032 constringant,
800 2941 900 3024 quara
921 2929 956 3000 in
966 2933 1107 3025 jurata,-
1132 2925 1183 3001 sus
1204 2948 1329 3003 tantam
1343 2929 1406 3002 elle
1428 2934 1517 3011 vim,
1544 2952 1581 3002 ut
1598 2957 1616 3004 a
1634 2936 1776 3021 perjurii
1790 2932 1888 3023 culpa
1901 2958 1959 3006 co·
2105 2991 2115 2998 ..

281 3025 370 3102 unde
389 3031 472 3103 olim
491 3034 526 3104 in
539 3033 656 3120 jnratis
673 3026 875 3119 sponsalibus
886 3052 953 3098 non
966 3028 1109 3103 debeam
1133 3053 1207 3100 ram
1222 3032 1289 3101 Dei
1304 3030 1428 3117 juditio
1443 3025 1577 3100 liberari
1600 3025 1733 3118 pulsant.
1779 3033 1838 3123 4.)
1868 3029 1957 3103 Ma·
2045 3037 2047 3042 '

279 3125 425 3216 amplios
444 3132 585 3218 repudio
604 3126 714 3210 lucus,
738 3148 777 3198 nt
795 3124 954 3214 exenrplis
979 3152 998 3198 a
1028 3150 1108 3214 pro-
1132 3127 1287 3199 trimonr'i
1304 3123 1538 3200 conditionem.
1585 3129 1838 3202 Matrimonium
1854 3130 1987 3211 enim·

279 3220 366 3296 sanir
383 3222 599 3318 scriptoribus
614 3226 762 3298 addnttis
778 3228 938 3315 Cypraeus
951 3226 995 3296 de
1008 3219 1108 3314 spon-
1130 3226 1184 3297 coi
1203 3232 1311 3311 jorata
1328 3222 1499 3315 promissio
1526 3227 1726 3315 coponium,
1757 3228 1804 3298 est
1821 3250 1873 3298 ree
1892 3250 1957 3315 pec
1982 3211 1995 3240 ⁴

275 3314 401 3395 salibus
414 3348 487 3416 cap.
506 3321 609 3400 VIII.
630 3339 657 3413 §.
683 3330 734 3400 16.
761 3332 796 3396 δι
814 3347 886 3412 cap.
913 3318 993 3395 XII.
1018 3333 1046 3415 ς.
1072 3334 1103 3407 8.
1129 3317 1161 3396 se
1181 3322 1315 3414 honesta
1330 3347 1369 3395 oc
1382 3324 1463 3411 juris
1480 3323 1606 3410 divini,
1634 3326 1775 3411 ideoque
1789 3333 1957 3412 juramen·

278 3440 407 3495 mouet.
456 3421 704 3498 Movetnrhoc
730 3421 805 3493 loco
825 3422 926 3492 ardua
948 3422 1105 3508 quaestio:
1131 3443 1201 3495 tom
1217 3419 1299 3493 illud
1314 3423 1361 3492 esi
1378 3418 1524 3491 validum
1546 3445 1583 3492 ac
1605 3417 1790 3494 insolubile.

537 3517 601 3592 Aa
624 3522 745 3615 jurata
774 3515 956 3614 sponsalia
984 3515 1106 3592 libero·
1173 3528 1206 3612 5.
1232 3522 1417 3615 CXlVlll.
1443 3515 1955 3615 Quidamrespondcntadque·

299 3633 357 3698 Au
377 3620 490 3721 jorata
537 3617 765 3716 runr,insciis‚
782 3618 835 3689 uel
848 3616 969 3690 inuitis
980 3638 1104 3713 paren·
1127 3619 1265 3691 stionem
1287 3641 1349 3707 per
1368 3616 1640 3697 dissinttionem‚
1667 3639 1809 3703 eamque
1838 3614 1956 3687 multi.

277 3715 450 3809 liberarunt·
521 3715 629 3791 tibur
653 3715 850 3799 contrusa,
879 3720 956 3811 jure
977 3716 1260 3810 patria-pliccm.
1310 3713 1454 3787 Beusllus
1473 3716 1505 3785 d.
1524 3713 1546 3786 l.
1566 3709 1737 3787 metrosus
1753 3717 1787 3784 in
1809 3738 1847 3785 ea
1872 3736 1954 3786 con-

271 3792 486 3886 sP⁰²²s⁰l¹ss¹⁴‘
529 3827 609 3914 pote
637 3818 707 3890 atis
742 3811 880 3911 diffolvi
914 3810 957 3885 ab
984 3814 1101 3887 iisdem
1125 3809 1388 3887 fidesandosesle
1404 3811 1501 3883 dicit:
1531 3816 1578 3904 1.)
1599 3814 1747 3905 Quando
1763 3809 1879 3896 liberi,
1900 3812 1952 3882 iu·

274 3881 463 4032 aumas
529 3938 577 4011 po
602 3916 685 3990 anet
721 3915 865 3988 Beollins
886 3931 972 4003 part.
995 3909 1039 3984 11.
1059 3916 1101 3985 de
1125 3906 1197 3984 sciis
1217 3908 1435 4002 parentibus,
1473 3911 1640 3982 mediante
1663 3907 1830 4000 corporali
1859 3916 1951 3997 jura-

273 4029 310 4096 ai
332 4032 393 4093 atui
413 4031 481 4118 pos.
533 4014 678 4085 matrim.
708 4037 782 4102 cap.
807 4005 974 4084 XLVIII.
1004 4032 1102 4082 votat
1126 4031 1240 4082 mento
1256 4003 1494 4100 sponhlia,.vel
1518 4009 1729 4081 matrimonia
1758 4006 1845 4079 clam
1870 4029 1952 4078 con·

306 4107 442 4198 finti,
535 4109 622 4183 hanc
641 4111 851 4199 questionem
880 4128 944 4205 pro
965 4108 1102 4194 amico,
1126 4104 1310 4188 traritl'ent,
1337 4103 1378 4180 tt
1394 4106 1577 4202 poeniteret
1609 4128 1664 4180 eur
1688 4102 1797 4215 sassi,
1830 4127 1872 4176 ac
1892 4104 1950 4177 dt·

495 4234 672 4295 ··eamque
698 4212 733 4280 in
768 4230 943 4294 utramque
971 4227 1101 4294 partem
1122 4218 1337 4303 precarentur
1351 4206 1482 4276 ueniam
1500 4206 1590 4295 apud
1605 4223 1777 4293 parentes,
1806 4225 1950 4289 quorum

273 4301 441 4396 ospitari.
454 4301 544 4398 polle
561 4303 690 4379 adserit.
741 4306 928 4380 Canoniilae
945 4300 1100 4393 simplici.
1124 4299 1280 4377 consensu
1299 4313 1333 4376 δι
1345 4300 1478 4373 consilio
1493 4303 1604 4389 pollen
1619 4327 1696 4372 cum
1712 4299 1774 4371 alia
1789 4294 1949 4389 sponsalis
2060 4337 2062 4342 ·

274 4426 328 4478 ter
343 4429 482 4498 negant,
513 4405 590 4478 talia
611 4401 769 4493 sponsalia
783 4400 911 4476 dissolui
928 4396 1031 4489 polle,
1043 4426 1097 4471 nr·
1122 4402 1257 4491 publica
1278 4397 1512 4472 contraherent
1538 4397 1601 4469 hoc
1625 4394 1718 4478 caso,
1744 4401 1876 4486 quando
1903 4398 1949 4468 ita
2018 4416 2020 4420 ·

272 4515 408 4596 gentes:
453 4503 502 4601 1.)
532 4495 740 4602 Juraurenti
770 4501 978 4598 religionem.
1045 4501 1100 4570 au
1123 4501 1321 4572 clandestina
1337 4506 1371 4569 dt
1393 4494 1527 4584 publica
1542 4491 1702 4583 sponsalia
1717 4512 1948 4574 concurrunt.
2070 4523 2076 4532 ·

270 4602 363 4674 enim
395 4597 622 4689 juramentum
651 4599 803 4691 religiosa
826 4599 967 4671 nominis
994 4598 1100 4668 diuini
1124 4621 1202 4670 tunc
1223 4593 1453 4667 nonobstante
1474 4599 1661 4679 juramento
1683 4596 1717 4664 in
1740 4590 1948 4665 clandestinis

271 4699 462 4781 huncario,
488 4699 562 4775 ideo
573 4698 782 4795 quodcunque
793 4701 1019 4793 jurameutum
1033 4717 1098 4766 nun
1122 4687 1323 4785 sponsalibus
1342 4690 1487 4781 prellito
1503 4688 1636 4777 publica
1654 4686 1807 4778 preferri
1821 4686 1946 4761 dehent

270 4798 385 4893 uergit
401 4800 440 4871 in
454 4798 687 4872 detrimentum
695 4797 825 4894 salutis
843 4808 990 4880 aterna,
1014 4792 1098 4867 illud
1120 4795 1269 4884 privatis.
1305 4793 1375 4886 ιι.)
1405 4789 1550 4885 Quando
1566 4780 1724 4875 sponsalia
1745 4787 1944 4860 clandestina

270 4921 288 4969 e
322 4897 537 4993 seruandum.
566 4894 638 4987 cap.
653 4899 817 4991 Quamvis
835 4902 876 4966 de
897 4898 983 4983 past.
1004 4895 1040 4963 iu
1063 4896 1094 4962 6.
1122 4894 1286 4962 mediante
1300 4896 1487 4975 juramento
1501 4889 1670 4957 contrabit
1692 4880 1767 4956 sunt
1786 4880 1862 4969 sola,
1877 4905 1946 4955 nau
2031 4891 2034 4896 '

312 4998 412 5078 ullum
433 4997 600 5070 uinculum
632 5001 678 5068 ad
698 4994 967 5092 obstringendam
990 4991 1095 5089 fidem
1122 4983 1413 5061 r'rrterucuieutihur
1440 4981 1618 5080 puhlicis,
1647 4993 1682 5055 &
1715 4980 1812 5052 liberi
1841 5005 1946 5074 agno·
2087 5064 2089 5067 .

261 5094 662 5272 jurlblsranllollaffim’
683 5098 827 5192 majores
848 5092 951 5194 nostri
968 5087 1027 5191 affl
1040 5112 1097 5164 vo·
1119 5085 1214 5259 scopi
1232 5105 1379 5216 erratum
1394 5092 1428 5159 ot
1445 5103 1620 5175 peccatam
1635 5076 1751 5162 surm,
1774 5087 1809 5155 aa
1823 5076 1948 5252 impla
