4884 5984
423 495 497 574 412
969 478 1118 552 locvs
1138 479 1261 549 xxvi.
1309 479 1461 552 cunin
1484 482 1558 552 nn.
1657 559 1659 564 ,

433 683 481 750 tel
492 671 575 776 fieri
584 698 597 754 ‚·
624 671 691 743 hoe
712 673 780 758 eli,
805 668 1104 759 lienimoduereit,
1125 669 1228 762 ipsam
1253 697 1330 746 naen
1347 671 1500 769 effugere.
1528 678 1618 747 idem
1642 678 1676 748 in
1700 675 1793 762 enin.
1809 679 1849 746 nd
1865 674 2013 766 Philipp.
2029 680 2094 752 Ε

433 769 678 848 nnoeffedono
698 770 1229 867 continentlaeinstrudtsmthd
1252 763 1395 862 ilicone
1427 777 1672 871 mandendus,
1703 771 1794 870 ὅξεςτ
1819 776 1877 852 ool
1914 775 2094 871 pandr-

432 872 529 957 uult,
554 869 696 962 saciat,
728 866 795 939 hoc
814 869 883 948 cll,
906 869 1013 941 cloect
1039 893 1137 952 enm,
1162 892 1229 941 non
1255 877 1291 940 ln
1313 871 1388 943 libr.
1409 876 1449 941 de
1467 879 1554 961 virg.
1574 863 1682 950 eleni
1712 872 1772 957 seir
1792 872 1810 950 ὁ
1828 880 1968 970 pape&
1991 877 2094 952 uz

428 980 592 1068 peccant,
608 969 641 1066 s
658 963 787 1039 mebant
804 965 910 1047 tales,
937 962 1057 1038 scilicet
1071 969 1227 1058 virginer.
1250 960 1477 1053 morianulae
1491 966 1592 1044 irenes
1602 960 1767 1046 ninnibe*
1778 964 1887 1048 nnio·
1903 971 1991 1060 ὑπὲρ
2004 971 2094 1048 ez

432 1075 502 1154 Syr.
524 1064 606 1138 Vll.
623 1089 680 1161 27.
735 1060 842 1136 Trade
856 1065 997 1162 filiam,
1027 1059 1068 1136 fb
1086 1066 1230 1160 persece-
1250 1060 1375 1142 otuu
1396 1064 1465 1140 slei
1485 1068 1544 1152 nris
1564 1060 1704 1159 Φύσεως
1721 1060 1884 1157 πύρωσιν.
1901 1073 1941 1139 Et
1960 1073 2051 1152 poll.

433 1170 484 1243 ris
505 1188 587 1262 opus
604 1187 788 1259 magnum,
820 1165 896 1248 quic
918 1160 1041 1234 scilicet
1060 1187 1100 1234 ex
1119 1161 1229 1235 libidi-
1251 1187 1305 1235 eo:
1330 1163 1443 1239 noun
1465 1163 1483 1238 ὁ
1508 1157 1676 1261 γέμω,
1708 1161 1758 1237 ὅτι
1788 1164 1820 1238 c'r
1849 1163 2077 1270 σωφροσύνῃ

434 1268 485 1338 nis
505 1264 658 1336 incendio
673 1273 706 1336 δι
725 1257 926 1333 scortationis
944 1260 1068 1349 laqueis
1088 1285 1163 1333 cnm
1189 1260 1229 1332 li·
1249 1259 1305 1337 abr
1321 1253 1435 1355 elipe
1460 1253 1613 1361 isannes?
1624 1313 1635 1344 ,
1673 1255 1734 1332 nal
1766 1260 1809 1335 ἐκ
1834 1262 1970 1355 dninasr
2003 1265 2075 1351 sic

432 1362 562 1438 berani.
588 1365 656 1445 syr.
678 1351 806 1430 XXlll.
827 1383 886 1433 22.
935 1353 1068 1431 Anima
1089 1357 1227 1445 calida,
1249 1355 1404 1454 πορνείαν
1428 1351 1713 1432 meminisse
1737 1356 1959 1450 enisum,
1994 1361 2069 1452 nse*

432 1462 524 1560 picas
545 1459 638 1553 ignis
653 1456 788 1540 ardens,
812 1479 879 1528 non
901 1458 1143 1555 exstinguetur,
1168 1455 1229 1528 do·
1250 1460 1355 1533 rolenr
1382 1453 1487 1531 αὐτὰ
1516 1447 1707 1549 duisme,
1742 1455 1814 1545 ἔχει
1840 1461 1914 1560 'peip
1942 1453 2082 1536 nanu?

433 1581 497 1634 nec
513 1556 723 1653 deglutiatur
742 1551 839 1627 bomo
857 1552 1074 1647 fornicarias
1100 1557 1136 1628 in
1156 1578 1229 1627 cor·
1250 1550 1292 1628 sl
1316 1547 1449 1648 elil&
1473 1552 1518 1628 ein
1532 1550 1591 1627 ieie
1604 1547 1656 1622 ‘sd
1673 1552 1767 1644 penu
1790 1552 1838 1625 rei
1854 1555 1967 1653 χριςὲ
1980 1551 2071 1652 μί.-

430 1681 515 1758 pore
533 1656 645 1727 carnis
655 1651 751 1749 sseae,
773 1673 840 1724 non
854 1651 974 1752 desnet
991 1653 1094 1727 donee
1115 1677 1228 1726 accen·
1251 1662 1297 1728 λη
1320 1649 1462 1746 plessicii
1484 1650 1650 1744 nosulae.
1703 1652 1901 1738 Augustinus
1924 1651 1985 1724 lio.
2002 1652 2070 1728 ll.

434 1757 498 1831 dat
511 1755 648 1850 ignens
674 1751 737 1824 hoc
757 1752 829 1830 eli,
853 1755 909 1840 qni
930 1752 1083 1844 indulget
1102 1750 1229 1823 lsscirae
1251 1752 1294 1819 dc
1315 1770 1441 1835 necent.
1463 1752 1571 1834 meris,
1596 1756 1630 1820 oe
1652 1745 1772 1818 remilll
1790 1771 1865 1836 cip.
1879 1747 2062 1826 XXXIV.

432 1856 539 1930 menis
551 1844 834 1940 concupiscentiae,
843 1851 1002 1922 interiore
1017 1853 1096 1941 igne
1108 1851 1228 1932 anun,
1253 1842 1388 1920 Bonum
1420 1844 1571 1940 conjugii
1598 1865 1663 1914 non
1689 1847 1731 1943 esi
1749 1844 1872 1936 servor
1894 1850 2072 1948 concupi..

431 1975 496 2025 neo
515 1949 650 2028 definit,
674 1944 734 2018 nifi
755 1942 788 2017 se
805 1941 913 2033 ipsum
933 1945 1141 2039 inflammes,
1165 1946 1229 2017 hoc
1245 1941 1397 2040 scentiae,
1409 1940 1626 2037 ,sedquidam
1639 1943 1752 2014 licitus
1772 1940 1812 2014 fl
1827 1943 1977 2047 leoneflus
1989 1947 2065 2023 illo

432 2052 498 2128 est,
517 2070 654 2122 externa
684 2040 879 2115 scortatione
909 2041 1106 2116 defiderium
1134 2040 1228 2115 sunm
1246 2042 1384 2137 fervore
1405 2040 1518 2113 utendi
1534 2040 1668 2119 modus,
1697 2045 1929 2136 propagandae
1937 2046 2063 2141 proli,

433 2143 589 2236 implent,
615 2163 727 2213 utetur
746 2143 850 2231 igitur
872 2138 1056 2236 conjugio,
1080 2145 1229 2214 remedio
1252 2165 1319 2213 non
1364 2138 1536 2236 explendae
1587 2135 1728 2209 libidini
1758 2141 2055 2220 adcommodatur.

354 2299 358 2306 .
433 2242 494 2316 illo
517 2242 674 2314 divinitus
694 2233 887 2330 prescripto
911 2250 946 2312 ilc
970 2242 1134 2311 ordinato.
1159 2243 1228 2332 Syr.
1252 2237 1348 2310 Libr.
1373 2244 1398 2309 l.
1419 2257 1535 2308 contro
1552 2237 1631 2306 cluss
1652 2239 1743 2321 epist.
1766 2238 1875 2333 Pelng.
1895 2265 1926 2314 c.
1943 2241 2057 2318 XVI.

436 2337 600 2413 XXXVl.
621 2354 675 2422 τε.
701 2385 704 2392 -
733 2331 819 2431 Quis
838 2335 981 2434 confidet
998 2338 1154 2432 expedito
1177 2334 1230 2407 la·
1252 2332 1353 2407 Malo
1373 2334 1526 2407 libidinis
1534 2345 1673 2429 propter
1686 2332 1806 2426 bonum
1821 2341 2060 2436 generationis

435 2436 529 2512 troni
548 2434 677 2509 erranti
692 2432 732 2504 de
754 2433 892 2504 civitate
912 2434 949 2504 in
972 2435 1162 2518 ciuitatem,
1180 2436 1231 2532 fic
1246 2434 1399 2531 filiorum
1428 2433 1505 2504 bene
1529 2441 1668 2503 utuntur
1696 2430 1820 2526 pudiea
1854 2437 2019 2535 eonjugia
2037 2495 2060 2528 ,

436 2533 566 2610 lenmini
592 2555 658 2603 non
686 2529 820 2603 labenti
845 2531 961 2603 nidum
985 2529 1027 2606 8
1046 2532 1231 2629 hospitanti
1246 2530 1359 2627 salius
1373 2542 1482 2604 autem
1500 2527 1648 2601 earnalis
1668 2529 1855 2626 uoluptatis
1878 2536 1983 2632 causa
1998 2537 2057 2616 li·

436 2633 617 2727 nbieunque
636 2623 928 2725 advesperauerit?
954 2631 1017 2702 hoc
1031 2634 1099 2712 cll‚·
1118 2633 1175 2720 qui
1195 2633 1231 2701 in
1254 2629 1365 2703 bidini
1393 2627 1574 2724 consentire
1596 2639 1765 2722 peccatum
1793 2636 1858 2733 esl,
1892 2640 2056 2730 momnis

437 2729 595 2804 soelibatn
622 2731 759 2811 vivunt,
782 2750 855 2806 non
876 2729 1026 2799 inllrnlli
1044 2733 1131 2800 dono
1152 2751 1232 2800 eon·
1255 2728 1447 2822 conjugalis
1470 2725 1649 2821 seeundum
1680 2729 1812 2801 ueniam
1835 2736 2056 2828 coneedaltsr.

411 2829 601 2908 'tinentiae,
618 2829 651 2897 in
668 2821 883 2913 suspicionem
897 2847 1093 2916 expugnata:
1107 2849 1230 2897 metro·
1255 2825 1345 2899 libr.
1368 2824 1427 2896 lll.
1450 2847 1564 2897 contm
1583 2825 1704 2915 Julian.
1724 2851 1753 2896 c.
1775 2827 1874 2902 XVl.
1934 2829 2061 2932 Qua„-

433 2949 554 3002 nssnnn
579 2924 744 3013 pudicitie
765 2926 853 3008 apud
879 2946 992 2994 omnes
1018 2923 1229 2995 inducuntur.
1255 2923 1299 3016 do
1322 2926 1476 3019 conjuges
1501 2945 1567 2993 non
1594 2919 1705 3017 prolis
1706 2919 1970 3092 fflp'm’
1987 2931 2057 3026 scd

436 3023 546 3098 Hebe.
560 3022 653 3095 Xlll.
668 3044 704 3110 4.
752 3017 962 3093 Honorabile
978 3021 1230 3095 matrimonium
1250 3021 1405 3117 ,earnalis
1421 3019 1605 3113 voluptatis
1625 3019 1707 3115 expl
1769 3045 1797 3095 ae
1819 3025 1899 3099 vicii
1919 3031 2057 3125 cupidi·

436 3122 474 3198 in
492 3118 642 3193 oscinibus
660 3115 729 3190 &a
748 3118 980 3212 fornicatores
992 3129 1101 3191 annm
1115 3115 1154 3191 ὅ
1170 3119 1232 3191 ad·
1256 3130 1325 3191 tote
1347 3116 1583 3200 concumbunt,
1611 3117 1673 3190 loc
1693 3142 1758 3190 non
1780 3119 1943 3200 laudatum
1960 3184 1972 3213 ,
1986 3128 2053 3225 sed

436 3219 563 3294 ulteros
575 3216 746 3313 judicabit
764 3213 878 3294 Dente
904 3216 969 3288 hnc
986 3219 1052 3295 cll,
1076 3217 1133 3302 qni
1153 3240 1232 3288 con·
1256 3214 1443 3313 ignoscitur
1466 3217 1501 3287 in
1526 3218 1774 3311 comparatione
1796 3225 1923 3316 pejoris
1947 3227 2051 3304 incer.

435 3340 589 3393 temnunt
610 3318 791 3388 remedium
811 3315 954 3385 libidinis
973 3316 1129 3383 divinitus
1144 3317 1233 3384 inlli·
1256 3314 1459 3387 uenientibus
1479 3311 1520 3386 δ’
1542 3315 1795 3408 deprecantibus
1815 3325 1954 3414 nuptiis.
1973 3328 2046 3400 Lib.

437 3438 567 3496 tusum,
593 3424 627 3487 lle
648 3415 754 3484 cornis
775 3407 1043 3495 cuncupiscentiis
1065 3435 1126 3496 per
1147 3409 1230 3482 leot·
1255 3418 1296 3485 de
1313 3412 1402 3484 bono
1423 3420 1557 3501 conjug.
1580 3438 1652 3500 cop.
1674 3412 1736 3486 lll.
1789 3416 1928 3510 Habent
1946 3425 2047 3498 ctiam

437 3518 596 3589 sotionem
618 3510 815 3599 indulgent,
842 3511 947 3595 poenis
968 3505 998 3578 le
1016 3503 1101 3595 ipsos
1126 3507 1232 3579 invol.
1257 3511 1293 3582 id
1308 3506 1425 3583 bonum
1443 3510 1620 3605 eorssregia,
1642 3513 1728 3606 quad
1749 3518 1899 3592 carnalis
1919 3523 1973 3593 uel
1991 3527 2047 3618 su·

438 3634 533 3689 nunt.
586 3610 637 3704 2.)
660 3606 802 3680 Patrnm
824 3602 934 3677 dicia:
960 3603 1090 3674 Basilius
1110 3603 1168 3678 lib.
1189 3613 1231 3676 de
1255 3608 1375 3679 venilis
1399 3609 1658 3688 incontinentia,
1684 3613 1813 3713 etiamst
1834 3618 1962 3708 vitiosa
1981 3624 2047 3721 esl,

435 3736 515 3785 vern
552 3709 671 3796 virgin.
713 3696 823 3788 sibonis
857 3697 935 3778 ‘inor
963 3702 1158 3796 Φάρμακον
1180 3699 1238 3795 rpl’
1255 3705 1301 3776 ad
1319 3707 1549 3801 propaganda
1568 3707 1676 3799 prolis
1692 3711 1818 3805 redigit
1839 3716 2045 3817 honestatim.

439 3803 544 3903 cilina
570 3807 612 3877 ri
629 3803 741 3879 Sina.
804 3805 874 3870 be:
908 3798 1101 3895 ,cenapum
1123 3793 1231 3884 sidonis
1255 3814 1293 3874 ut
1310 3828 1354 3875 ex
1374 3806 1464 3876 niolo
1495 3802 1650 3877 libidinis
1676 3807 1809 3902 aliquid
1832 3811 1911 3888 boni
1929 3817 2046 3910 saciat

437 3898 614 4002 espigneul
640 3898 681 3975 rei
706 3903 818 3977 &netu
865 3897 1112 3981 chrysostomus
1138 3897 1230 3967 hom.
1256 3901 1424 3995 copulatio
1454 3902 1654 3995 con'ugalis.
1681 3908 1765 3997 Cap.
1792 3909 1890 3986 Vlll.
1962 3912 2058 3993 Corn,

437 4006 525 4073 ux.
548 4003 580 4066 in
604 4023 678 4083 cop,
693 3994 842 4068 XXXV.
865 3990 981 4065 cenes.
1033 3991 1125 4065 Nares
1154 4018 1231 4089 pro·
1245 3998 1389 4074 *cubllus
1406 3928 1599 4095 ncecfflclre'ur
1619 4001 1718 4095 causa
1738 4010 1922 4100 generandi
1940 4013 2050 4088 incul-

378 4163 381 4168 .
433 4110 511 4197 pter
532 4096 597 4167 loc
624 4089 666 4167 ὅ
694 4091 875 4166 communis
903 4088 1070 4195 Dominus
1099 4096 1229 4194 noslec,
1253 4094 1380 4194 pabilis
1399 4102 1462 4194 esi,
1491 4094 1532 4171 8
1550 4096 1647 4192 salus
1671 4099 1739 4197 lpse
1759 4108 1939 4199 nuptialis,
1988 4111 2050 4188 lue

430 4196 542 4295 sciens
560 4193 711 4266 lumnnae
735 4190 948 4288 infirmitatis
965 4202 1146 4275 naturam,
1171 4215 1230 4262 nu·
1253 4206 1391 4277 autem,
1414 4199 1472 4291 qui
1497 4196 1591 4268 ultra
1612 4199 1707 4296 isam
1729 4203 1941 4301 neceffltatem
1970 4223 2050 4306 pro-

434 4296 530 4394 ptiar
543 4293 635 4365 dedit
659 4287 699 4362 fb
716 4289 883 4376 sancivit,
909 4287 1133 4361 stabilierit
1155 4313 1230 4359 coa·
1253 4293 1427 4387 greditur,
1452 4297 1527 4389 jam
1555 4319 1621 4366 non
1643 4300 1790 4387 cationi,
1820 4302 1884 4397 sed
1906 4306 2050 4384 libidini

435 4393 549 4469 cubtu
564 4390 787 4490 abstineretur.
828 4382 881 4458 Ne
898 4386 1230 4483 igiturnegligamur
1253 4388 1449 4488 obsequitur.
1503 4392 1554 4466 Et
1574 4395 1661 4466 lunc
1684 4408 1792 4471 tamen
1814 4425 1879 4475 non
1894 4408 2047 4501 exigere,

432 4500 589 4591 juvenes,
613 4487 674 4586 sed
693 4485 830 4566 laicales
845 4484 1001 4578 sornaeis
1022 4486 1228 4571 incendium,
1245 4487 1310 4583 sed
1330 4490 1463 4564 reddere
1490 4494 1653 4589 conjugi,
1692 4520 1731 4569 nc
1748 4499 1962 4591 fornicando
1986 4508 2050 4579 da·

431 4593 630 4693 priusquam
664 4582 865 4658 libidinibus
890 4583 1133 4672 involvantur,
1161 4588 1229 4682 siu·
1254 4588 1447 4663 nmobiliter
1469 4604 1606 4687 peccet,
1641 4593 1687 4663 ad
1706 4596 1877 4692 personam
1905 4607 2051 4700 pertinet

433 4691 569 4765 deantur
590 4710 645 4758 eos
661 4689 766 4780 snecta
791 4682 894 4776 legem
934 4678 999 4754 Dei
1025 4686 1154 4780 nuptiis
1176 4706 1229 4755 co·
1253 4689 1471 4782 conjugalem.
1524 4685 1567 4762 Si
1584 4703 1693 4762 autem
1719 4696 1818 4769 ambo
1842 4701 1910 4774 tali
1931 4727 2052 4779 consu·

429 4789 567 4890 pulnre,
594 4795 631 4857 ut
666 4781 706 4856 El
727 4782 962 4858 continentiam
999 4777 1093 4872 fisum
1124 4784 1227 4880 susio-
1251 4780 1419 4879 piscentiae
1440 4786 1702 4884 subjunguntur,
1736 4819 1803 4866 rem
1818 4799 1961 4891 faciunt
1983 4827 2051 4878 m

391 4961 395 4970 ,
432 4887 555 4967 diunt,
589 4881 772 4976 nullumque
798 4878 954 4951 damnum
981 4878 1130 4968 lascinie
1151 4878 1225 4975 fiee
1248 4884 1342 4976 plene
1362 4887 1566 4976 nuptiarum.
1634 4891 1823 4979 dirigendus
1844 4902 1887 4970 de
1909 4911 2050 4995 conjug.

430 4983 595 5066 la'nane,
622 4983 763 5054 secundia
790 4977 883 5051 illinc
902 4974 1024 5062 sumto,
1050 4990 1088 5050 ut
1109 4978 1224 5064 posint
1247 4981 1346 5053 debit.
1366 4985 1460 5062 eniit.
1484 4992 1508 5057 l.
1565 4984 1704 5057 Retenta
1725 4991 1816 5065 tlori
1833 4995 1917 5086 sdes
1935 5023 2047 5074 mnas·

426 5087 539 5163 arnis
559 5080 740 5160 indomitos
760 5087 869 5162 natus
889 5078 1066 5178 reprimere
1085 5075 1126 5156 65
1141 5067 1222 5181 poc·
1246 5078 1452 5175 landini,
1477 5105 1575 5182 quan
1589 5088 1760 5170 centralis
1772 5083 2049 5215 infirmitascaps

1978 5222 2059 5293 mr
