4884 5984
727 525 797 603 arr
846 529 916 602 srr
965 522 1249 601 urvonrrtmt
1300 523 1369 596 ιιι·
1400 523 1514 649 Nov.
1565 527 1689 602 rost.
1756 617 1760 621 ,
1984 534 2057 602 ἰιι
2172 514 2179 539 '

336 752 344 762 ·
398 711 612 807 euangelica,
629 716 757 790 rtortde
776 717 848 814 Iege
867 717 979 794 ueteri.
1030 715 1130 808 Resp.
1148 721 1214 790 imo
1238 717 1320 791 daeis
1333 717 1445 812 fuerit
1463 716 1666 820 permissum.
1716 720 1806 815 Ergo
1840 744 1907 794 non
1944 723 2054 812 potest

341 806 360 831 “
400 813 643 903 verolo'quitur
657 821 699 889 de
717 815 775 888 tali
790 817 887 909 lege,
914 844 986 907 que
1001 818 1214 905 peculiariter
1238 840 1298 888 net
1312 817 1411 891 debet
1430 819 1533 893 verba
1553 818 1693 910 aposloli
1719 841 1785 892 tam
1807 820 1872 893 late
1894 828 1929 895 dc
1950 843 2054 912 geue-

396 931 479 981 nota
498 914 880 1005 eratJudaicopopulo‚
905 939 942 987 ιιι
957 915 1118 1004 emphafis
1139 941 1213 988 ver·
1237 912 1350 987 taliter
1362 917 1530 1006 accipere,
1555 921 1644 1008 quod
1667 917 1758 991 nulla
1778 920 1878 1009 plane
1898 920 2049 1006 ratione,

396 1004 522 1079 borum
535 1012 685 1085 ostendit.
737 1021 774 1084 ln
792 1037 866 1087 toto
880 1012 941 1086 illo
956 1039 1028 1103 cap.
1049 1021 1129 1087 Vll.
1153 1038 1212 1086 no·
1236 1039 1273 1083 oc
1286 1039 1327 1086 ne
1344 1018 1478 1100 quidem
1490 1018 1525 1087 in
1540 1012 1614 1089 casu
1635 1013 1862 1088 fornicationis
1879 1014 2051 1089 vinculum

357 1150 361 1159 ·
392 1104 575 1200 meulegis
588 1107 735 1184 absolute
754 1110 894 1201 poituro
916 1138 981 1185 non
1001 1112 1058 1183 nist
1076 1116 1117 1185 de
1141 1136 1213 1184 mo·
1236 1111 2051 1207 coniugiiinterconjugesadlruc'viventeadilsol.

393 1198 483 1276 stica
496 1205 571 1297 lege
588 1210 769 1296 accipitur,
795 1236 855 1281 nec
869 1209 936 1282 ulla
954 1214 1080 1282 ratione
1090 1209 1209 1298 proba·
1236 1210 1342 1282 vatur.
1392 1216 1534 1285 Certum
1563 1215 1699 1284 omnino
1726 1214 1792 1297 est,
1813 1215 1901 1303 apud
1925 1215 2070 1286 ludaeos'
2129 1244 2134 1263 =

393 1297 467 1373 bile
482 1306 547 1386 est,
568 1307 758 1392 apostolum·
775 1311 809 1380 iu
827 1311 993 1398 principio
1011 1310 1118 1379 statim
1138 1306 1210 1398 cap.
1237 1305 1348 1380 usitata
1367 1306 1458 1381 fuille
1469 1313 1612 1383 divortia
1629 1336 1700 1382 non
1718 1307 1822 1385 solum
1851 1313 1959 1400 quoad
1976 1309 2050 1383 tiro·

392 1403 711 1487 aequivocationibus
728 1404 842 1478 ludere
862 1403 1007 1479 voluilie.
1051 1409 1212 1478 Praeterea
1235 1427 1327 1489 rum,
1357 1403 1516 1480 sedetiam
1533 1410 1641 1495 quoad
1657 1407 1849 1489 uinculum,
1875 1427 1912 1479 ut
1924 1430 1964 1481 ert
1980 1407 2050 1481 sor·

391 1494 614 1572 insolubilitas
641 1500 698 1575 illa
720 1506 940 1583 matrimonii,
965 1506 1063 1591 quani
1089 1501 1213 1575 Bellar·
1235 1528 1288 1575 ma
1304 1502 1406 1575 libelli
1429 1507 1561 1595 repudii
1584 1507 1641 1578 suo
1661 1506 1736 1601 loco
1756 1503 1947 1598 adporebit‚
1977 1531 2050 1597 *nec-

391 1597 565 1671 minu'tex
584 1597 659 1670 loco
681 1601 858 1687 apostolico
878 1603 1031 1673 evincere
1051 1621 1214 1682 conatur,
1234 1604 1341 1691 potest
1363 1601 1578 1675 bellarminus
1608 1603 1671 1676 hoc
1693 1607 1833 1676 reddere
1849 1600 1988 1676 dubium
2013 1614 2049 1679 dc

390 1716 464 1765 non
485 1692 650 1768 descendit
674 1699 808 1790 exlege
836 1705 977 1779 nature,
1003 1695 1056 1769 sed
1070 1724 1109 1771 ex
1135 1699 1210 1792 lege
1233 1697 1484 1774 controversum
1502 1699 1691 1772 confusione
1714 1705 1939 1774 distindlarum
1959 1727 2052 1793 ιιιιε·1

389 1793 587 1884 evangelica
602 1798 644 1868 de
662 1794 873 1867 indissolubili
886 1798 1087 1869 matrimonii
1107 1793 1210 1870 sacra·
1235 1799 1394 1881 itionum,
1419 1798 1603 1871 aliudenim
1616 1801 1663 1870 ιιι
1679 1824 1825 1886 querere
1833 1800 1873 1871 de
1880 1798 1964 1891 foro
1972 1823 2047 1872 corr·
2139 1798 2145 1811 '

388 1912 528 1972 mento,
560 1895 603 1964 ita
624 1897 712 1965 eninr
736 1898 833 1966 docet
858 1920 929 1983 cop.
957 1919 1010 1967 12.
1032 1894 1208 1982 §.penult
1225 1890 1396 1991 scientie,
1420 1897 1508 1970 aliud
1528 1895 1811 1992 deconsueludine
1831 1898 1964 1994 politice
1985 1897 2046 1972 Ju-

386 1990 574 2082 Quomodo
586 1995 689 2082 igitur
697 1993 798 2075 verba
811 1993 947 2080 aposloli
966 1996 1008 2064 de
1028 1990 1099 2088 lege
1112 2004 1210 2067 nutu-
1234 1995 1349 2067 daicae.
1401 2000 1454 2067 nd
1474 1993 1661 2066 Bellarmini
1687 1998 1790 2086 igitur
1809 2019 2045 2087 argumentum

387 2107 441 2164 rae
457 2090 621 2177 explicare
645 2093 767 2179 potest,
790 2113 826 2161 ut
839 2090 898 2161 sibi
916 2116 981 2162 nou
1001 2113 1114 2181 aperte
1131 2118 1210 2164 coo·
1233 2089 1486 2182 respondemus,
1511 2092 1586 2180 plut
1598 2090 1741 2164 subsumi
1756 2096 1789 2165 in
1807 2090 2045 2181 consequente,
2117 2168 2119 2183 ,

388 2186 557 2258 tradicat‘i
589 2191 651 2259 Sed
686 2188 747 2261 n'ec
773 2211 895 2259 novam
919 2188 1068 2281 ,aliquam
1097 2187 1208 2282 legem
1232 2215 1330 2278 quam
1357 2194 1553 2263 antecedens
1576 2192 1748 2281 permittit.
1778 2197 1846 2285 ‘Et
1865 2217 1906 2279 eo
1928 2194 2043 2282 enim,

387 2284 619 2374 evangelicam
642 2288 684 2357 de
711 2288 916 2356 matrimonii
932 2283 1086 2359 firmitate
1107 2311 1206 2378 atque
1230 2291 1320 2375 quod
1341 2289 1374 2358 in
1395 2287 1470 2380 lege
1494 2289 1600 2360 veteri
1623 2286 1667 2359 ob
1692 2291 1887 2381 repudium.
1897 2272 2042 2381 solutam
2134 2321 2137 2325 ·

383 2380 669 2456 indissolubilitate
684 2384 834 2457 Christus
864 2383 958 2464 tulit,
984 2389 1026 2456 de
1041 2409 1105 2474 qua
1130 2410 1205 2458 rer·
1230 2382 1293 2455 suit
1307 2387 1508 2457 matrimonii
1526 2384 1714 2467 vinculum,
1739 2411 1805 2457 non
1820 2385 2044 2477 potestinser·
2150 2448 2152 2453 .

380 2478 433 2551 ba
449 2481 585 2569 apossoli
609 2481 750 2572 intelligi
769 2479 911 2570 poffint,
937 2479 990 2553 sed
1011 2486 1051 2555 ad
1074 2484 1205 2571 primae·
1229 2485 1277 2562 ri,
1300 2487 1387 2570 quod
1406 2484 1495 2554 Pauli
1511 2482 1603 2553 locus
1619 2508 1685 2554 nou
1698 2480 1799 2573 possit
1815 2489 1856 2556 de
1875 2484 1950 2575 lege
1969 2508 2043 2557 mo·

382 2600 465 2650 vam
479 2581 633 2651 duntaxat
655 2584 803 2671 conjugii
822 2581 1057 2652 institutionem
1081 2605 1139 2650 nos
1151 2605 1202 2654 re·
1229 2575 1308 2651 saica
1333 2579 1494 2670 intelligi3
1518 2576 1571 2651 sed
1604 2580 1686 2650 illud
1713 2602 1841 2652 tantum
1871 2579 2037 2669 sequitur,
2081 2592 2085 2615 ¹

381 2679 546 2756 vocavit,
576 2699 613 2750 ut
645 2703 683 2749 ex
700 2677 821 2748 Mattb.
844 2685 935 2748 xix.
959 2689 989 2746 6.
1016 2673 1081 2748 sole
1108 2678 1203 2749 clati.
1227 2681 1317 2764 qood
1336 2675 1428 2749 Pauli
1441 2678 1531 2749 locus
1548 2690 1616 2748 'non
1630 2674 1728 2766 pellit
1744 2702 1811 2750 tam
1840 2677 2042 2770 generaliter

379 2797 427 2846 trs
448 2778 582 2849 constat.
634 2829 658 2861 ,‚
672 2783 734 2855 nt,
759 2777 865 2861 inquit
886 2773 1121 2863 bellarminus,
1146 2797 1203 2846 rut
1227 2784 1261 2847 dt
1283 2776 1347 2846 late
1362 2775 1522 2866 intelligi,
1546 2797 1583 2845 ut
1598 2774 1752 2863 loquatur
1769 2779 1810 2847 de
1829 2779 2041 2851 matrimonio

375 2894 409 2955 ·„
418 2875 596 2961 repudium
622 2876 656 2943 in
680 2872 756 2963 lege
779 2875 884 2945 veteri
912 2869 1058 2943 solvebat
1083 2896 1200 2946 revera
1224 2897 1285 2960 per
1300 2876 1480 2944 divortium
1499 2869 1625 2952 soluto,
1652 2868 1707 2945 sed
1731 2894 1858 2944 tantum
1873 2878 1914 2946 de
1927 2877 2043 2968 matri·

344 3049 346 3053 ,
378 2971 590 3065 ',‚vinculum
612 2973 785 3063 conjugii,
809 2992 866 3043 aut
882 2994 948 3041 non
963 2968 1119 3042 solvebat.
1172 2973 1203 3042 si
1228 2972 1340 3042 monio
1357 2968 1671 3043 adhuc-constante.
1745 2974 1785 3062 ς)
1813 2968 1949 3046 Mulier
1974 2994 2042 3046 nort

378 3117 408 3157 „
422 3094 492 3141 uon
500 3065 665 3149 solvebat,
676 3081 710 3143 δι
724 3093 852 3141 tantum
870 3066 1143 3157 permittebatur,
1166 3090 1203 3139 ut
1227 3067 1338 3141 minus
1353 3070 1426 3164 poli
1443 3066 1627 3161 diuortium
1642 3090 1740 3164 quum
1755 3080 1833 3143 unte
1855 3069 2043 3146 divortium
2089 3076 2093 3083 '

377 3168 525 3256 „minus
548 3168 690 3253 malum,
714 3193 780 3238 non
806 3188 969 3261 autemut
992 3165 1141 3245 licitum,
1164 3187 1202 3237 ut
1226 3169 1268 3264 est
1294 3154 1478 3260 ὕπανδρος,
1497 3168 1531 3264 st
1548 3165 1733 3239 divortium
1748 3174 1812 3241 non
1831 3167 1944 3263 solvit
1961 3193 2041 3242 con·

374 3262 516 3351 „habet
543 3266 751 3338 communior
779 3266 892 3353 opinio
914 3268 1091 3335 doliorum
1105 3313 1117 3343 ,
1131 3285 1201 3334 turn
1220 3266 1315 3360 jrrgii
1330 3264 1521 3343 vinculum,
1543 3264 1627 3335 rimie
1650 3268 1785 3338 etiamn
1811 3267 2040 3364 ostolusgerre-

375 3419 403 3454 ‚‚
412 3388 534 3454 parum
548 3363 672 3442 refert,
688 3369 729 3435 de
747 3389 811 3449 qua
824 3364 898 3454 lege
908 3359 1071 3449 apostolus
1085 3360 1198 3449 loqoa·
1226 3364 1330 3435 rolem
1349 3360 1582 3458 conclufiortrm
1598 3362 1721 3455 insert,
1751 3292 1808 3436 ss
1811 3385 1823 3433 ι
1847 3360 1925 3436 Cor.
1945 3362 2037 3438 VH.

381 3483 490 3554 ‚,tur.
540 3466 572 3533 Si
594 3488 673 3534 vcro
697 3459 841 3532 solvebat
862 3458 1051 3543 vinculum,
1075 3457 1201 3548 &per-
1225 3462 1408 3556 generatim
1436 3460 1536 3532 dicit:
1563 3463 1688 3532 Mulier
1713 3459 1855 3551 adligata
1885 3464 1930 3532 eit
1956 3461 2043 3553 legi,
2154 3538 2160 3544 ,

378 3557 614 3645 ,ζιιιὶιιιιιιιιιι
650 3581 686 3630 ut
712 3559 860 3637 licitum,
895 3581 965 3628 tum
1001 3583 1068 3628 non
1094 3560 1201 3646 potest
1225 3582 1346 3649 quanto
1359 3583 1509 3645 tempore
1523 3560 1574 3628 vir
1592 3565 1661 3643 ejus
1682 3560 1774 3628 vivit.
1827 3556 1903 3655 Res
1917 3614 1925 3630 .
1949 3560 2038 3648 peti·

374 3656 511 3745 „Pauli
534 3656 623 3730 locus
644 3661 685 3730 de
712 3655 786 3749 lege
817 3654 918 3727 Mofis
940 3655 1100 3745 intelligi,
1125 3657 1200 3742 quia
1225 3679 1279 3729 tur
1298 3658 1510 3746 principium.
1561 3653 1624 3725 Etsi
1645 3657 1732 3726 enim
1750 3654 1857 3728 adhuc
1888 3658 2037 3751 uperlles

376 3753 535 3847 '„.fallirm
562 3753 666 3835 ell'et,¹
684 3761 772 3842 qood
796 3755 911 3824 l’aulus'
942 3757 1039 3836 dicit,
1067 3755 1199 3826 vivente
1223 3757 1325 3839 estis,
1348 3758 1404 3842 qui
1430 3777 1506 3837 ente
1522 3755 1702 3825 divortium
1721 3750 1783 3824 fuit
1806 3756 1858 3825 vir
1873 3761 1959 3841 ejus,
1985 3777 2037 3826 ta·
2140 3774 2143 3781 '

376 3905 406 3941 ‚,
420 3855 494 3925 viro
516 3853 688 3924 vocabitur
709 3852 878 3931 adultera,
904 3851 925 3921 li
942 3850 1042 3922 suerit
1055 3877 1131 3920 cum
1152 3851 1197 3921 al·
1223 3879 1299 3923 men
1313 3858 1385 3941 poll
1402 3853 1582 3923 divortium
1613 3852 1647 3920 in
1662 3848 1734 3921 casu
1750 3850 1973 3945 fornicationis
1987 3850 2038 3943 fg·

377 3964 491 4044 „tero
507 3954 599 4029 viro,
638 3976 744 4038 neque
773 3953 861 4022 enim
882 3945 1199 4020 vocabaturadulte-
1225 3954 1314 4022 dium
1341 3975 1406 4020 nou
1430 3948 1571 4036 amplius
1593 3950 1639 4018 est
1660 3949 1727 4035 ejus
1752 3951 1821 4027 vir,
1848 3973 1909 4019 nec
1928 3952 2037 4035 potest

376 4078 472 4145 „rm
496 4075 566 4138 quae
592 4038 722 4120 vivente
745 4052 816 4119 viro
837 4069 907 4118 erat
926 4072 1001 4117 cum
1029 4046 1132 4116 altero
1151 4046 1198 4116 vi·
1223 4049 1371 4118 adultera
1396 4045 1490 4119 finiul
1515 4043 1578 4117 elie
1593 4070 1669 4143 caro
1687 4046 1796 4115 mariti
1822 4055 1856 4119 dt
1882 4044 2034 4120 adulteri.

377 4176 405 4240 ,3
421 4175 480 4227 ro,
502 4150 522 4220 st
541 4149 716 4237 repudium
732 4145 858 4217 licitum
881 4166 971 4224 erat,
998 4155 1031 4217 dc
1052 4145 1199 4234 conjugii
1225 4145 1393 4216 Generalis
1403 4141 1567 4215 conclusio
1585 4139 1758 4228 apollolita
1773 4166 1813 4214 ex
1828 4140 1895 4230 ipsa
1911 4166 2038 4235 propo-

352 4293 405 4338 „‚
415 4247 584 4319 vinculum
613 4241 845 4327 dissolvebat„
899 4240 999 4338 Resp.
1021 4268 1061 4312 an
1078 4234 1117 4311 in¹
1133 4263 1198 4313 vet.
1225 4242 1355 4323 sitione,
1380 4268 1419 4312 ex
1439 4237 1536 4328 stopo
1561 4251 1594 4315 δι
1618 4239 1763 4328 emphasi
1791 4240 1971 4315 verborum
1988 4245 2035 4314 est
2099 4300 2105 4308 ,

376 4349 454 4424 test.
481 4342 567 4418 fallo
585 4344 727 4414 divortio
743 4366 868 4413 novum
884 4343 1075 4432 conjugium
1099 4337 1198 4410 suerit
1222 4340 1424 4428 explicanda.
1483 4339 1664 4431 Quomodo
1692 4340 1780 4410 enitn
1804 4338 2034 4431 ¹universalior

375 4441 574 4539 permissum
597 4444 764 4525 utmiuus
785 4438 929 4516 malum,
950 4466 992 4510 au
1008 4461 1088 4508 veto
1109 4459 1144 4506 ut
1158 4438 1195 4507 li·
1221 4440 1327 4526 potest
1345 4434 1407 4510 elie
1423 4434 1585 4508 conclusio
1609 4460 1707 4521 quam
1727 4435 1926 4525 propositio,
1954 4458 2032 4510 cum

378 4545 506 4619 eitum,
528 4527 637 4630 posted
659 4539 862 4620 videbimus,
890 4536 956 4607 hoc
984 4537 1056 4605 loco
1071 4536 1195 4604 utimur
1220 4539 1342 4606 denno
1357 4546 1390 4608 δι
1406 4539 1523 4606 eodem
1539 4531 1685 4620 subjecto
1701 4534 1879 4620 utrobique
1895 4544 2038 4625 agutur,¹

376 4648 416 4722 in
448 4639 608 4712 versione.
662 4637 874 4709 Bellorntinus
901 4658 972 4721 cap.
998 4638 1106 4702 XVll.
1129 4627 1194 4719 seq.
1218 4632 1334 4703 detali
1354 4630 1473 4704 scilicet
1500 4630 1655 4711 muliere,
1684 4655 1754 4715 quae
1776 4632 1810 4700 in
1831 4630 2030 4719 propositio·
2118 4726 2120 4731 ³

377 4745 416 4815 in
439 4735 521 4824 resp.
537 4743 577 4808 ad
599 4735 720 4822 objedi.
744 4757 796 4828 ¹4·
819 4728 1116 4828 probabiliffimom
1134 4733 1194 4800 sta·
1220 4756 1262 4809 ne
1275 4727 1436 4820 descripta
1451 4743 1483 4802 dr
1499 4724 1744 4815 circumscripta
1758 4725 1820 4798 fuit
1834 4752 1895 4815 per
1911 4754 2030 4803 vocem

377 4841 446 4914 ruit
459 4838 645 4928 opinionem
668 4857 760 4914 eunt,
784 4830 869 4927 quod
890 4832 925 4900 in
940 4829 1126 4925 legeucleri
1139 4853 1196 4923 prr
1220 4822 1412 4928 drrovdpoe?
1439 4834 1480 4913 6)
1499 4823 1640 4900 Similia
1651 4849 1715 4896 non
1725 4827 1852 4921 quidem
1871 4827 1905 4899 in
1924 4830 2031 4901 omni·

375 4939 552 5036 repudium
572 4934 738 5007 uinculum
755 4929 903 5026 conjugii
917 4926 1085 5022 itusuerit
1100 4925 1194 5022 solu·
1219 4924 1279 4998 bus
1297 4926 1532 5026 suntstmilia,
1556 4935 1664 4996 rumen
1688 4922 1802 4996 debent
1818 4927 1958 5022 ſsmilid
1972 4923 2031 5024 effe
2104 4932 2110 4956 ‘

377 5034 471 5123 ium,
497 5051 535 5112 ιιι
556 5058 676 5105 nouum
699 5029 949 5104 matrimonium
976 5049 1043 5098 non
1064 5037 1192 5098 tuntum
1219 5027 1254 5096 in
1274 5048 1327 5111 ro,
1354 5027 1389 5098 in
1401 5047 1464 5122 quo
1475 5026 1517 5127 est
1532 5024 1583 5096 uis
1600 5024 1790 5123 argumenti
1801 5048 1844 5096 ex
1857 5023 1922 5096 iliu
1931 5026 2029 5122 fimi·

336 5118 343 5137 ⁹
377 5149 419 5212 ιιι
443 5136 551 5210 minus
576 5131 723 5213 rivolum,
738 5127 802 5228 sed
818 5130 920 5202 etiam
937 5135 974 5202 ιιι
989 5126 1119 5200 licitum
1134 5122 1193 5198 Iu-
1217 5122 1359 5197 litudirir
1371 5123 1470 5199 durii.
1498 5122 1653 5220 Requirid
1665 5132 1773 5197 autem
1788 5123 1842 5196 uir
1858 5126 2034 5219 argumen-

439 5233 543 5340 Τιιιιι.Ι
560 5229 672 5306 XVI.
1042 5292 1046 5303 ,
1280 5230 1312 5295 Χ
1880 5302 1883 5309 ,
2012 5222 2044 5296 ti
2096 5251 2104 5266 ·
