4884 5984
420 467 503 592 '2³4
551 491 702 568 rocus
725 490 857 568 ιιιιιιι.
884 486 983 568 cnr.
1007 490 1053 566 ιι.
1080 489 1209 567 sect.
1226 489 1287 570 111.
1314 463 1937 576 murmurarem

429 675 556 750 tectis·
569 671 811 771 praeferenda,
838 672 958 764 idest,
985 691 1060 746 rata
1076 693 1236 768 pronun·
1270 691 1355 762 tut,
1384 673 1446 746 ille
1470 673 1533 768 qui
1556 676 1658 767 prius
1677 674 1871 767 pecuniam
1889 669 1962 748 selo

433 777 582 860 cienda,
607 773 782 868 &priora
804 768 1101 845 dissolvendaesse
1125 794 1235 858 ,uno
1271 770 1396 846 nasius
1426 769 1474 842 est
1496 772 1661 869 pignus,
1688 772 1778 843 illud
1805 773 1962 844 retinet.

429 895 495 945 ote
504 873 578 945 sere
589 893 714 944 omnes
726 868 1041 944 matrimonialistae
1050 868 1235 957 adserunt,
1273 891 1358 944 cum
1377 871 1447 942 alio
1474 870 1518 940 de
1540 872 1694 965 pignore
1709 889 1813 944 antea
1838 871 1957 966 egerit

428 972 469 1045 id
498 993 544 1042 ue
567 993 609 1042 eo
635 969 865 1058 extendunt,
893 970 1124 1066 quodetiam
1144 967 1239 1044 clan-
1273 969 1354 1040 tior.
1383 961 1422 1042 C.
1452 966 1524 1054 Qui
1546 968 1667 1065 potior
1695 970 1735 1038 in
1763 969 1867 1062 pign.
1896 968 1962 1041 illu

432 1071 477 1142 de
509 1069 566 1140 'na
578 1066 748 1164 sponsalia
757 1089 822 1163 per
837 1069 1005 1164 copulam
1017 1066 1239 1140 consumma·
1272 1083 1390 1162 praeus
1421 1066 1455 1138 d.
1482 1065 1507 1138 l.
1536 1068 1581 1141 ad
1610 1065 1819 1161 presentem
1847 1063 1962 1160 quaest

429 1189 470 1242 ta
484 1165 962 1262 publicissrntpraeserenda,
987 1168 1165 1240 rationem
1180 1167 1239 1237 de·
1273 1165 1446 1258 adplicati
1478 1161 1576 1258 posse¹
1606 1166 1720 1236 docet.
1772 1168 1817 1236 sn
1847 1166 1962 1235 metrii

434 1265 575 1338 cisionis
587 1263 775 1360 proferunt
782 1266 911 1352 talem,
937 1267 1036 1360 quod
1050 1285 1116 1360 per
1130 1285 1238 1361 copu-
1273 1261 1392 1357 inquit
1407 1310 1420 1348 ,
1444 1265 1527 1332 idem
1542 1263 1800 1357 iusseruandem
1812 1260 1869 1358 effe
1879 1266 1962 1334 ratio

432 1367 509 1439 lam
523 1361 692 1459 sponsalia
701 1360 876 1435 transeant
891 1365 927 1434 in
943 1363 1238 1450 matrimonium,
1273 1372 1312 1430 et
1329 1365 1377 1440 is,
1402 1363 1460 1455 qui
1477 1384 1613 1432 exorem
1625 1363 1692 1459 fibi
1712 1360 1936 1455 despronfirtam
1955 1378 1962 1433 ι

437 1469 472 1535 δι
501 1463 599 1556 quod
627 1462 680 1531 illi
706 1458 864 1554 sponsae,
887 1463 946 1533 cui
972 1481 1101 1554 practer
1120 1462 1240 1533 datam
1274 1461 1376 1530 ditem
1393 1463 1512 1554 accepit
1529 1460 1577 1536 θ’
1589 1461 1740 1558 ptffdet,
1760 1465 1876 1553 potior
1878 1464 1962 1558 sti

435 1557 1117 1750 assalliret?‘titillat
1136 1560 1244 1729 llll·
1269 1558 1717 1752 pisteusis:
1737 1560 1962 1753 “delas

436 1758 558 1844 iuria,
584 1775 696 1852 quam
717 1753 796 1842 illi,
826 1704 885 1826 c'ui
911 1753 1001 1827 fides
1020 1754 1244 1827 matrimonii
1275 1737 1472 1853 cmgrq'ffcm
1485 1759 1600 1849 accipit
1615 1685 1962 1849 ptmmtraatrissnem

352 1865 356 1876 '
441 1858 645 1941 duntaxat,
666 1852 750 1925 licet
765 1852 909 1947 publice
930 1852 1087 1940 stt-data,
1104 1873 1148 1926 ac
1161 1872 1244 1947 pro·
1277 1856 1325 1926 ris
1341 1857 1484 1935 uxorin
1502 1854 1557 1929 ’δ’
1577 1859 1612 1926 in
1634 1859 1729 1926 dolio
1743 1860 1857 1949 potior
1882 1856 1925 1946 est
1948 1881 1962 1928 r

439 1953 526 2025 inde
541 1952 721 2048 potiorem
732 1952 833 2022 illius
846 1948 1048 2022 habendam
1058 1947 1123 2024 elle
1136 1951 1244 2024 ratio·
1271 1952 1463 2045 poffidentis.
1489 1952 1694 2028 Bartolinue
1705 1955 1730 2026 l.
1750 1953 1872 2025 stduo.
1886 1953 1926 2027 ff.
1940 1977 1962 2026 u

440 2072 538 2124 nem
586 2051 687 2121 Idem
702 2047 819 2120 statuit
833 2050 1011 2121 Lutlrerus
1035 2046 1130 2122 ditio
1154 2068 1243 2121 totu.
1278 2049 1405 2123 fidetis.
1457 2052 1507 2145 3.)
1532 2053 1587 2123 Ex
1607 2052 1962 2146 multipliciabserdite.

436 2147 485 2220 V.
515 2147 542 2220 f.
570 2164 655 2240 244
682 2147 856 2244 ojsmtliclte
884 2146 1064 2241 Vertobniss
1083 2147 1149 2242 soll
1172 2152 1243 2218 dem
1277 2149 1426 2220 trariam
1458 2151 1668 2245 opinionem
1702 2150 1955 2246 consequente.

439 2245 618 2319 heinrlklreo
633 2292 650 2323 ,
681 2244 724 2339 so
750 2247 810 2314 mit
841 2243 1105 2342 Bepsclrlaffuag·
1125 2247 1244 2319 vollzo-
1261 2263 1353 2316 'mec
1378 2245 1401 2318 si
1421 2248 1484 2336 is,
1510 2250 1576 2341 qui
1603 2247 1679 2343 post
1708 2247 1878 2343 sponsalia
1906 2271 1962 2322 cor

437 2368 531 2443 ger,
557 2343 700 2415 neuter.
723 2342 787 2415 sol.
801 2353 886 2435 248.
912 2343 1099 2440 Wrnnfitl
1108 2346 1245 2445 jemand
1277 2345 1376 2416 ducit
1393 2347 1524 2432 aliam,
1549 2367 1596 2418 etc
1607 2349 1744 2418 maritae
1759 2347 1962 2422 sinuavelle

373 2497 376 2502 Α
438 2440 718 2537 mittiml’erson
730 2441 1243 2538 offentlicsrorrlo'letuedsclttori-
1276 2464 1318 2514 ac
1335 2440 1492 2536 sponsae,
1521 2446 1692 2540 cuiprius
1708 2444 1818 2516 fidem
1839 2449 1962 2520 matria

435 2555 495 2642 get
509 2541 647 2625 dictaeis,
668 2540 737 2635 dess
753 2563 794 2610 er·
808 2561 915 2613 zuuor
925 2541 995 2638 first
1009 2541 1070 2611 mit
1082 2543 1169 2611 einer
1182 2566 1243 2611 an·
1276 2541 1351 2612 lem
1368 2540 1769 2629 dederat,.traderetur,
1786 2564 1871 2615 tunc
1890 2547 1962 2625 eiut

438 2638 669 2712 deroleimliclt
685 2639 845 2717 verlobet,
869 2644 936 2709 end
957 2637 1243 2737 dazabffclloffeu
1278 2638 1459 2708 minorem
1481 2637 1575 2734 palla
1599 2640 1647 2711 est
1665 2641 1866 2729 iniuriam,
1892 2643 1962 2715 hair

438 2737 610 2810 oderouclr
620 2733 854 2834 gesrltomgcrt
877 2736 934 2807 sat
950 2737 1023 2811 &a
1039 2735 1106 2830 solt
1120 2742 1177 2810 das
1194 2739 1242 2834 ef·
1277 2737 1367 2806 ratio
1385 2737 1526 2825 maior,
1552 2747 1586 2810 δι
1606 2740 1753 2810 viciffim
1770 2740 1849 2812 eius
1871 2789 1885 2829 ,
1914 2765 1962 2835 qu

428 2835 583 2936 seniliclre
604 2836 784 2930 Versdbrtifl
806 2834 876 2927 ,fh
903 2836 981 2906 norst
1015 2835 1242 2932 eubescltlcffee
1277 2834 1394 2904 iorem
1417 2835 1589 2913 iniuriam
1618 2832 1711 2930 passa
1749 2857 1856 2925 erat,
1896 2840 1962 2912 hah

438 2933 505 3028 ist,
532 2938 602 3005 dem
619 2933 797 3004 heimlicsten
815 2934 1019 3028 Verldlnist,
1036 2933 1243 3030 strbrscstlaf·
1278 2932 1368 3002 ratio
1399 2934 1530 3006 minor.¹
1582 2936 1650 3006 Sed
1674 2934 1897 3028 consequens
1929 2961 1958 3009 ae

430 3030 572 3204 iiiii
592 3030 1244 3226 “lllllllllsalsslatll
1277 3028 1962 3226 {lissinis}“nisitsl

439 3251 482 3301 ra
509 3229 617 3301 etiam
640 3227 851 3300 clandestina
878 3250 943 3322 per
972 3230 1138 3321 copulam
1161 3251 1243 3299 con·
1278 3225 1346 3310 rit,
1367 3227 1962 3328 prioriquidemfidemconiugali

300 3346 305 3352 '
438 3327 615 3402 summata
639 3325 821 3421 prioribus
854 3328 962 3397 etiam
991 3325 1144 3418 puhlicis
1174 3327 1242 3396 srne
1278 3340 1352 3392 tant
1373 3324 1562 3412 violando,
1590 3327 1775 3420 posteriori
1797 3332 1834 3400 id
1851 3336 1953 3423 quod

441 3428 570 3520 copula
586 3424 775 3496 contrariis
788 3423 1032 3515 praeferenda,
1052 3426 1177 3516 utique
1195 3443 1243 3494 et·
1279 3420 1395 3491 testate
1418 3420 1479 3494 sua
1502 3449 1573 3495 non
1599 3448 1702 3510 erat,
1729 3430 1932 3515 trudendo,

437 3526 513 3595 iam
528 3522 799 3592 matrimonium
812 3543 877 3613 per
893 3523 1059 3614 copulam
1083 3522 1243 3592 consum-
1277 3537 1377 3612 parte
1397 3525 1572 3613 aequalem
1592 3520 1691 3616 palla:
1717 3524 1794 3596 sunt
1812 3528 1962 3599 iniuriat

440 3619 853 3713 matumptaeferendum
869 3617 1242 3711 estsponsalibusprio-
1278 3640 1361 3687 men
1387 3621 1431 3690 ad
1452 3623 1612 3713 priorem
1635 3624 1755 3694 minus
1782 3625 1962 3698 incommt

440 3716 759 3809 ribusstnecopula
768 3714 970 3801 contraitis,
984 3717 1242 3810 cuiargumen-
1278 3716 1355 3798 dit,
1383 3716 1405 3786 li
1424 3717 1690 3812 sponsocarere
1710 3744 1961 3818 cogatur,aqu

437 3812 1241 3909 toquomodesolideresponderipossrt,probe
1277 3811 1540 3905 posteriorem,
1575 3819 1770 3891 stmaritus
1802 3822 1855 3891 illi
1885 3825 1962 3917 erip

442 3913 713 4007 dispiciendum.
752 3912 882 3981 Tertio:
905 3910 1243 4005 quisponsamsuam
1278 3911 1392 4004 priori
1413 3915 1510 3985 enim
1529 3920 1691 3987 nondum
1713 3938 1833 4012 erepta
1862 3919 1911 3991 est
1934 3947 1960 3990 v

440 4013 484 4086 ab
496 4012 566 4081 alio
584 4005 815 4103 compressam
829 4011 1073 4103 deprehendit,
1086 4013 1167 4102 cogi
1182 4034 1242 4081 ne·
1279 4028 1354 4096 raa,
1381 4014 1534 4106 ideoque
1551 4015 1691 4086 facilius
1712 4017 1820 4087 aliam
1838 4022 1962 4091 condit

440 4108 997 4202 quit,utmatrimoniumcumea
1008 4107 1241 4193 consummet,
1279 4128 1437 4198 quaerere
1456 4117 1489 4181 δι
1504 4115 1666 4184 invenire
1682 4113 1814 4207 potest,
1840 4115 1900 4186 sed
1920 4143 1962 4213 pt

439 4226 480 4277 ut
490 4204 650 4296 superius
661 4207 783 4278 multis
794 4205 1123 4301 ostendimus.Ergo
1134 4208 1242 4276 etiam
1277 4206 1308 4276 ti
1325 4208 1439 4292 illud,
1471 4213 1567 4302 quod
1584 4213 1622 4281 in
1637 4212 1804 4282 foemineo
1820 4213 1907 4285 sexu
1926 4242 1962 4309 pr

442 4302 506 4397 qui
516 4299 674 4395 sponsam
683 4302 780 4374 suam
796 4303 897 4375 alteri
915 4302 1108 4390 elocutam,
1130 4310 1243 4397 &per
1277 4303 1444 4376 tissimum
1461 4309 1648 4396 censetur,
1675 4331 1838 4402 creptum
1857 4361 1869 4399 ,
1894 4317 1962 4403 vir,

438 4401 1242 4496 coniugalemcopulamipsradhaerentemde-
1277 4398 1406 4474 scilicet
1438 4406 1636 4501 integritas.
1686 4407 1788 4480 Hanc
1817 4414 1962 4484 ratione

436 4500 639 4596 prehendit,
649 4502 731 4594 cogi
741 4501 920 4593 nequit,ut
933 4520 1012 4571 eam
1021 4501 1063 4570 ad
1072 4498 1105 4570 se
1115 4500 1241 4593 recipi·
1277 4520 1338 4592 get
1350 4504 1526 4574 Lutherus
1546 4504 1639 4577 dicio
1655 4509 1734 4577 loco
1756 4509 1799 4578 de
1817 4510 1915 4582 caus.
1930 4536 1962 4586 tr

437 4599 719 4686 at,&intltorum
730 4599 1242 4691 maritalemcollocethorto:
1276 4596 1302 4667 f.
1332 4609 1416 4690 248.
1471 4605 1611 4674 Secundo
1632 4629 1644 4677 .·
1669 4604 1693 4676 st
1722 4609 1871 4680 mulieri
1902 4611 1957 4681 int

435 4698 517 4767 iure
529 4697 626 4765 civili
642 4695 666 4766 st
683 4698 764 4789 quis
783 4695 922 4767 duobus
939 4717 1017 4766 rem
1035 4698 1071 4765 in
1089 4696 1241 4768 solidum
1277 4697 1493 4790 relinquitur
1509 4726 1530 4773 a
1548 4706 1698 4788 marito,
1725 4706 1784 4775 cui
1808 4704 1962 4780 solennit

435 4793 659 4877 vendiderit,
688 4793 919 4888 &posteriori
937 4796 1145 4882 tradiderit,
1164 4815 1239 4867 rata
1275 4816 1335 4885 pta
1352 4795 1440 4871 est&
1460 4803 1636 4894 copulata,
1660 4803 1704 4871 ob
1722 4801 1894 4893 sponsalia
1916 4830 1962 4878 cu

436 4891 484 4963 est
497 4892 606 4961 etutio
626 4912 709 4964 cum
725 4892 902 4986 postremo
917 4894 1027 4979 inita,
1054 4893 1136 4964 licet
1155 4915 1239 4963 cum
1273 4895 1373 4987 prius
1396 4899 1574 4970 contraria
1598 4900 1802 4988 discedere,
1831 4903 1942 4976 sacile

436 4990 552 5084 priori
573 4991 681 5060 etiam
701 4988 922 5062 contrasium
941 4992 1016 5062 sul.
1035 4993 1181 5077 Quoties
1196 4987 1236 5062 C.
1273 5013 1356 5062 nare
1371 5000 1500 5087 poterit
1522 5000 1655 5086 alium,
1685 5002 1748 5092 qui
1763 5023 1844 5071 earn
1858 5001 1961 5076 srbid

434 5089 478 5163 de
500 5088 555 5168 rei
571 5088 740 5164 vindicat.
792 5089 831 5161 ln
847 5092 1000 5188 pignore
1013 5091 1108 5164 idem
1122 5090 1236 5163 serva·
1272 5088 1380 5166 satam
1397 5092 1496 5168 suill'e
1521 5119 1716 5196 pretexat,
1741 5118 1781 5171 ut
1805 5103 1874 5176 hac
1898 5108 1962 5176 rat}
