4884 5984
1004 533 1353 621 PRAEFATIO
1402 533 1729 614 EDITORIS.

527 779 609 841 rnes
631 748 690 836 ad
715 769 880 838 textum
916 747 1219 848 illustrandum,
1264 769 1388 867 atque
1423 749 1726 837 emendandum
1758 749 1964 845 a·ddendi;
2007 745 2074 834 sed
2112 745 2166 829 ob

537 883 665 1001 ipsam
694 884 806 974 illam
828 884 1106 972 addendorum
1129 888 1318 1001 copiam,
1346 907 1438 971 tum
1460 890 1557 1000 quia
1584 887 1845 990 verebamur,
1876 916 1929 974 ne
1944 886 2088 971 nostris
2105 882 2166 968 la-

541 1021 709 1107 boribus
736 1023 1133 1146 ‘intervenientibuffi
1167 1020 1339 1107 editioni
1372 1023 1508 1136 operis
1542 1027 1661 1108 mora
1692 1023 1950 1134 injiceretur,
1995 1020 2059 1104 vel
2089 1045 2168 1107 nos

540 1156 610 1270 ipsi
642 1161 760 1242 nimis
791 1158 965 1273 angustis
995 1159 1192 1271 temporis
1231 1151 1426 1242 limitibus
1461 1156 1787 1259 coardaremur,
1829 1181 1939 1258 tum,
1981 1162 2076 1274 quia
2103 1163 2169 1244 in-

458 1299 470 1354 *2
543 1291 711 1404 terjedlo
741 1290 878 1410 aliquo
913 1289 1123 1378 intervallo
1160 1288 1252 1406 plus
1289 1294 1363 1377 otii
1399 1298 1446 1381 dt
1480 1292 1876 1380 commoditatis-ad
1915 1290 2172 1380 scribendum

383 1489 397 1510 .
543 1454 621 1511 nos
642 1426 831 1513 nadluros
855 1423 931 1510 elle
952 1423 1235 1543 sperabamus3
1264 1422 1434 1541 placuit,
1463 1446 1626 1511 textum
1650 1429 1935 1510 Garhardr'anum
1955 1426 2053 1517 serie
2067 1462 2170 1516 con.

543 1563 656 1646 tinua
689 1566 795 1677 typis
829 1559 1134 1648 exscribendum
1161 1588 1321 1659 curare,
1347 1555 1648 1646 obseruationes
1681 1592 1779 1649 vero
1811 1565 1966 1655 nostras
1995 1562 2172 1653 reserva-

543 1726 587 1781 re
616 1702 657 1782 in
669 1697 837 1805 juppam
832 1727 863 1778 ι
865 1716 903 1777 ιιι
911 1702 1051 1815 ‚parti
1070 1694 1279 1794 secundae,
1302 1690 1375 1779 suo
1391 1716 1579 1812 tempore
1591 1693 1881 1813 subjungenda

713 1900 849 1988 Hoc
839 1933 879 1986 m
883 1900 997 2016 uper
1020 1922 1061 1986 te
1083 1871 1181 2011 scire
1211 1897 1422 2022 volumus,
1459 1888 1513 1988 Β.
1545 1899 1594 2002 L.
1619 1893 1695 1989 nos
1725 1909 1768 1989 in
1790 1905 1950 1991 edendo
1975 1905 2054 1991 hoc
2076 1906 2171 1993 loco

548 2034 644 2148 Jnir
597 2044 752 2140 ιιριιιι
755 2066 793 2117 ιι
796 2067 851 2117 ron
892 2067 1016 2152 quoq
1012 2066 1060 2120 ae
1091 2040 1290 2121 rationem
1319 2032 1508 2122 habuille
1576 2036 1686 2123 Cum
1702 2046 1813 2126 enim
1828 2040 2171 2156 intelligeremus,

547 2171 744 2259 GFILH·
741 2172 862 2258 RD}
883 2201 1068 2287 operam,
1100 2174 1142 2255 in
1158 2158 1397 2286 explicanda
1419 2176 1588 2257 materia
1607 2172 1659 2258 de
1685 2179 1880 2290 coniugio
1901 2182 2061 2292 egregie
2083 2178 2172 2264 col-

388 2365 395 2393 ι
529 2304 723 2393 locatam
759 2339 842 2392 non
876 2303 1365 2420 Tlreologordm‘modo,
1409 2282 1477 2389 sed
1509 2305 1563 2393 dt·
1584 2304 1909 2416 Jtrrrcoulr'dtorum
1939 2314 2075 2398 usibus
2107 2319 2171 2399 in·

549 2441 696 2530 servire
720 2441 854 2558 polle,
890 2442 1039 2526 horum
1066 2462 1206 2527 autem
1231 2439 1426 2556 plurimos
1454 2472 1504 2527 ea
1529 2472 1685 2544 carere,
1715 2444 1834 2529 facile
1855 2441 2173 2561 suspicaremur„

481 2662 489 2670 .
548 2580 579 2667 fi
605 2580 771 2696 quidem
798 2573 1021 2695 exspediari
1052 2607 1134 2662 non
1164 2577 1313 2692 poffit,
1355 2597 1403 2663 ut
1425 2583 1644 2694 quisquam
1671 2583 1791 2665 unius
1814 2576 1896 2670 loci
1927 2578 2047 2666 causa
2067 2588 2173 2670 inte-

411 2827 417 2836 ·
551 2739 671 2834 grum
689 2731 794 2834 ¹opus
812 2707 884 2802 fibi
910 2736 1142 2830 comparem
1171 2710 1400 2798 consultum
1430 2717 1650 2810 duximus,
1675 2714 1903 2800 eorundem
1933 2718 1975 2798 in
2004 2721 2177 2828 gratiam

551 2873 710 2939 certum
728 2851 1012 2969 exemplorum
1030 2878 1247 2936 numerum
1268 2852 1325 2933 ita
1340 2849 1556 2948 adornare,
1589 2873 1634 2936 ut
1656 2847 1842 2938 tradi-atio
1858 2849 2175 2940 GERHARDI

550 2987 593 3069 de
609 2991 779 3096 (oningin,
809 2988 952 3074 nostris
968 2984 1085 3073 audin
1102 2981 1465 3085 observationibus,
1493 3006 1691 3101 tanquam
1704 2985 2016 3101 opus-singulare
2030 2992 2112 3073 emi
2128 3020 2177 3078 ac

552 3107 732 3241 usurpari
746 3125 876 3242 pollrt.
908 3120 1006 3210 Hoc
1020 3144 1158 3209 autem
1173 3118 1383 3207 confilimn
1399 3121 1591 3222 nostrum,
1600 3124 1660 3210 uti
1674 3126 1878 3206 munitum
1887 3124 1943 3215 est
1960 3122 2177 3222 audierim·

554 3281 596 3343 te
625 3255 879 3369 Jarirccnfidti
905 3260 1084 3368 rrp'asdam
1110 3257 1342 3350 celeberrimi,
1388 3258 1580 3371 qui-jam
1598 3254 1776 3352 'dudum
1792 3256 1911 3352 nobis
1925 3252 2072 3356 ‚suasor
2100 3257 2179 3362 suit

553 3390 829 3510 impulsorque
857 3394 1049 3480 editionis
1075 3423 1144 3493 eo,
1176 3393 1263 3508 qud
1303 3393 1500 3489 diximus,
1535 3389 1680 3480 modo·
1699 3389 1960 3504 repetendae,
1997 3395 2055 3488 ita
2088 3414 2178 3479 tum

552 3529 687 3634 eidem
702 3558 807 3616 v1no
824 3528 963 3639 illustri,
992 3531 1021 3616 fi
1049 3559 1127 3615 nos
1143 3529 1212 3644 ipfi
1237 3522 1404 3644 paruille
1419 3526 1674 3639 cognoverit,
1704 3544 1795 3609 tum
1814 3524 1955 3611 multis
1977 3524 2083 3630 aliis,
2107 3533 2179 3643 qui

552 3662 732 3782 aliquam
745 3663 839 3750 inde
852 3657 1069 3752 utilitatem
1084 3693 1230 3782 ¹capere·
1254 3658 1435 3781 pollunt,
1466 3655 1581 3775 valde
1604 3659 1829 3776 ¹probatum
1848 3661 1898 3746 iri
1920 3660 2179 3755 confidimus

550 3871 558 3888 '
637 3901 640 3910 ·
724 3871 918 3987 Denique
943 3887 1021 3957 ne'c
1044 3870 1124 3956 hoc
1139 3895 1161 3968 ,·
1184 3869 1397 3955 occafioue
1415 3868 1502 3980 jam
1521 3862 2059 3982 subnatarpraetcnnittere
2086 3867 2179 3986 pos-

550 4007 719 4109 fumus,
757 4006 907 4116 historica
931 4004 1059 4113 nostra
1085 4001 1308 4112 ecclesrassicae
1322 4066 1344 4106 ,.
1374 4005 1493 4115 cujus
1523 4005 1819 4118 continuationi
1844 4006 1992 4117 partim
2017 4002 2179 4093 labores

551 4143 836 4243 concatenati,
861 4147 1016 4260 partim·
1027 4139 1270 4229 valetudinis
1291 4135 1471 4225 rationes
1492 4137 1758 4238 obstiterunt,
1789 4167 1971 4241 novum,
2000 4168 2180 4259 eumque

553 4275 665 4389 'quart
665 4306 723 4360 ιιιιι
741 4299 902 4364 tomum
914 4278 1027 4365 brevr
1050 4298 1260 4395 tempore,
1290 4273 1451 4361 volente
1474 4272 1600 4377 Deo,
1631 4269 1711 4360 elle
1734 4273 2006 4392 proditurum.

673 4481 886 4570 Caeterum
905 4482 1045 4572 Deum
1061 4483 1118 4571 0.
1141 4479 1200 4572 llll.
1219 4509 1433 4599 precamur
1448 4473 1664 4598 supplices,
1694 4474 1789 4565 velit
1811 4498 1900 4594 grat
1901 4509 1938 4565 ra
1883 4467 2021 4567 sua
2027 4469 2183 4566 susten

560 4638 673 4710 e
694 4648 819 4734 porro
843 4619 960 4706 nobis
991 4616 1137 4718 adelle,
1168 4638 1483 4733 conatusque
1447 4616 1641 4701 no'stros
1631 4647 1674 4704 m
1703 4619 1880 4704 nominis
1906 4611 1968 4701 sui
1961 4605 2184 4774 gloriam,

551 4701 626 4850 ιιι
598 4751 798 4898 ulusqued
821 4751 1031 4847 leilorum
1033 4754 1268 4884 uberrimos
1292 4750 1467 4866 benigne
1490 4745 1720 4839 secundare.

700 4958 943 5077 Stripfimus
974 4959 1176 5076 Tubingae
1205 4955 1398 5046 Calendis
1427 4954 1527 5068 Maji
1556 4986 1666 5042 anno
1694 4955 1785 5072 post
1812 4879 2041 5072 reparatam

556 5115 560 5119 ’
1028 5091 1263 5183 salutern
1291 5090 1666 5182 MDCCLXXVI.
1777 5169 1781 5180 .

1140 5291 2042 5397 ἒ--ῐῆῖίὒιι
