4884 5984
355 481 364 508 '·
446 490 1269 606 .„.nr‚rrtrovrs‚otvotru
1317 457 1559 579 classis.
1760 435 1764 440 ⁵
1844 505 1964 596 etc.

348 680 462 754 eriora
486 677 647 769 marito,
669 682 772 754 cuiue
796 679 900 753 tedio
927 687 962 754 dc
976 678 1075 756 satie·
1109 699 1241 776 prater·¹
1260 703 1407 755 omnem
1433 683 1577 778 culpam
1598 678 1839 781 gravissimam
1862 680 1916 754 su-

359 779 518 884 laborat,
540 779 776 853 abstrabatur.
808 779 961 851 ¹Tertio:
987 781 1075 854 stex
1109 779 1210 854 stinet
1234 785 1379 877 poenam
1401 776 1417 869 ,3
1439 786 1586 876 quando
1612 805 1633 854 a
1660 781 1789 852 marito
1815 829 1827 868 ,
1856 781 1917 853 cui

349 880 465 960 eriora
483 877 720 951 matrimonio
744 881 819 951 nati
840 877 977 966 liberi,
1000 880 1073 954 illis
1109 879 1202 952 forte
1221 903 1287 974 per
1306 882 1445 977 aliquot
1470 901 1582 953 annos
1611 878 1853 968 cohabitavit,
1881 887 1916 952 ὅ(

348 1000 405 1072 pta
424 979 648 1074 irrogaretur
668 979 829 1065 iniuria,
856 976 882 1048 st
902 999 1074 1075 cogeren·
1105 977 1241 1052 liberos
1266 1001 1311 1050 ex
1327 1002 1369 1050 eo
1394 978 1568 1074 suscepit,
1594 978 1791 1066 avellitur,
1814 987 1854 1060 ¹de
1874 981 1913 1050 in
2007 1017 2010 1024 ·

355 1096 470 1147 matre
492 1076 685 1149 dulcissima
706 1098 857 1165 carere,
881 1098 1074 1172 propterea
1106 1078 1290 1150 viduitatis
1308 1076 1436 1151 statum
1458 1101 1542 1150 cum
1563 1078 1686 1153 liberis
1712 1076 1781 1148 suis
1802 1079 1914 1149 conii·

348 1175 445 1246 dilla
464 1195 544 1248 anre
565 1175 780 1270 coniugium
792 1174 964 1270 sponsalia
978 1176 1072 1247 forte
1107 1177 1225 1263 citur,
1251 1178 1325 1248 imo
1334 1178 1500 1251 adulterii
1514 1175 1707 1274 suspicione
1726 1195 1911 1270 gravatim,
2011 1191 2013 1196 '

348 1334 352 1344 .
372 1274 443 1344 alio
465 1269 714 1359 contraxisset,
738 1274 812 1345 iam
827 1296 917 1346 vero
935 1275 1070 1346 intuitu
1107 1276 1214 1367 quale
1233 1275 1508 1348 incommodum
1527 1277 1563 1348 in
1581 1277 1798 1371 separatione
1814 1293 1910 1346 ante-

348 1394 434 1441 nont
450 1372 621 1466 coniugia
636 1394 709 1441 non
725 1372 813 1443 adeo
829 1371 874 1444 ab
889 1369 993 1470 initio
1009 1371 1069 1444 fir·
1103 1367 1306 1467 gressorum
1316 1373 1571 1468 sponsaliorum
1579 1375 1730 1446 minime
1745 1374 1912 1450 omnium

348 1495 369 1558 ,·
384 1468 531 1541 fironmt
564 1467 609 1540 ab
633 1469 912 1564 imperatoribus
940 1469 1068 1562 constr-
1084 1473 1350 1544 metuendum.
1399 1474 1453 1565 4)
1476 1472 1533 1545 Ab
1554 1472 1771 1565 exemplorum
1785 1475 1912 1540 rarite-

348 1568 409 1640 tl·¹
435 1568 508 1655 Qui
534 1569 574 1641 in
594 1568 783 1662 provincia
810 1589 869 1661 57e
890 1569 928 1640 ff.
947 1570 1066 1641 derit.
1099 1580 1139 1637 rc.
1190 1565 1359 1663 Cypraeur
1391 1563 1484 1643 didio
1513 1573 1593 1644 loco
1622 1571 1737 1642 multa
1765 1569 1911 1642 adducit

348 1685 367 1739 t.
405 1671 583 1741 Honemr
606 1665 654 1740 ἔθ’
684 1670 838 1760 temporis
862 1665 1067 1745 diurnitate,
1102 1668 1268 1761 exempla
1282 1666 1544 1755 foeminarum,
1569 1668 1649 1765 quae
1675 1664 1751 1762 post
1772 1665 1909 1761 sponsa·

348 1768 463 1865 ignara
480 1769 562 1836 iteris
581 1768 616 1836 t'n
627 1768 834 1838 matrimonio
849 1768 1000 1837 mentali
1018 1769 1068 1837 teci
1100 1767 1151 1837 lia
1166 1764 1346 1838 contraua
1362 1767 1442 1839 aliis
1464 1769 1554 1839 viris
1579 1769 1617 1839 in
1633 1766 1907 1837 matrimonium

348 1867 378 1943 l,
403 1863 452 1939 &s
473 1867 562 1961 qnod
587 1866 628 1935 ab
651 1866 728 1935 onia
759 1877 821 1935 teca
845 1867 993 1936 collocata
1013 1888 1078 1954 es„
1101 1862 1180 1935 sunt
1209 1862 1386 1953 elocatae,
1412 1864 1470 1937 sed
1486 1867 1550 1937 vix
1578 1882 1742 1937 occurret
1758 1864 1907 1955 aliquod

348 1966 637 2035 temerosiberortent
652 1961 850 2057 vcslroeteen,
872 1968 1066 2035 idcircoetent
1101 1961 1312 2054 exemplum
1339 2009 1352 2049 ,
1378 1964 1476 2057 quod
1501 1963 1640 2035 maritis
1672 1962 1747 2033 illis
1772 1960 1907 2032 suerint

360 2066 466 2133 onemo
486 2065 521 2132 in
539 2075 873 2149 cenomanorum,
898 2061 1067 2154 confirma-
1103 2079 1258 2154 ereptae,
1286 2067 1320 2130 δι
1339 2059 1469 2154 sponsis
1496 2059 1565 2134 suis
1594 2063 1729 2132 iterum
1756 2058 1905 2138 traditae.

348 2160 474 2257 stertunt
496 2161 669 2232 liberorum
688 2161 864 2257 vejirortcm
885 2162 921 2231 in
939 2183 979 2232 eo·
993 2185 1067 2232 ena-
1101 2158 1219 2250 Judic.
1240 2156 1320 2230 XV.
1342 2174 1377 2232 2.
1429 2157 1599 2252 Simsonis
1626 2154 1753 2253 sponsa·
1765 2157 1826 2230 vel
1841 2178 1906 2251 po·
1974 2217 1976 2219 .

348 2261 638 2357 mioqncefitorttcn
651 2308 667 2338 ,
679 2264 766 2356 qnod
784 2273 973 2331 anteannos
989 2283 1067 2356 qua·
1101 2260 1173 2331 rius
1193 2276 1290 2330 uxor
1305 2256 1457 2328 traditur
1480 2257 1624 2331 atridam
1634 2253 1829 2340 Philistaeo,
1847 2251 1906 2326 sed

348 2362 419 2432 itote
446 2358 647 2431 mercantem
673 2356 904 2454 est,peoinde
928 2360 1069 2456 nequest
1101 2353 1240 2427 Simson
1257 2375 1423 2425 eamnon
1437 2356 1593 2449 repetit,
1621 2356 1711 2449 quin
1723 2353 1844 2449 potius
1861 2373 1904 2423 eo
2047 2397 2049 2402 -

348 2462 401 2528 fme
428 2459 568 2551 concepti
582 2455 730 2553 sciffena
780 2459 934 2551 Quarto:
958 2460 1066 2529 mari·
1100 2453 1248 2524 nomine
1263 2449 1441 2522 Philistaeis
1461 2454 1556 2524 mala
1572 2452 1708 2539 insert,
1734 2473 1775 2523 ac
1798 2450 1906 2523 Phili-

357 2558 438 2628 viro
456 2604 468 2643 ,
496 2557 560 2650 qui
579 2557 682 2626 alteri
696 2555 825 2650 sponsae
839 2557 941 2649 prius
957 2551 1066 2627 fidem
1099 2548 1170 2622 staei
1178 2552 1363 2621 audientes
1376 2597 1388 2636 ,
1402 2550 1500 2641 quod
1515 2550 1692 2624 Samsonis
1704 2546 1801 2621 socer
1813 2571 1905 2622 uxo·

348 2654 568 2728 :imonialem
585 2655 707 2739 dedit,
725 2650 894 2725 abslradia
904 2654 1000 2725 haud
1015 2653 1065 2725 fa·
1101 2669 1180 2721 rem
1203 2648 1281 2718 eius
1302 2648 1406 2719 alteri
1426 2648 1611 2719 tradiderit
1631 2696 1644 2736 ,
1671 2656 1704 2719 &
1724 2648 1769 2719 ad
1785 2648 1903 2736 vindi<

355 2753 489 2825 iterum
507 2752 666 2825 inveniet
685 2750 875 2844 sponsum,
903 2770 1064 2824 metuen·
1100 2744 1196 2819 uam
1220 2745 1322 2818 illam
1350 2757 1528 2842 generum
1557 2745 1660 2818 suum
1691 2745 1909 2840 impulerit,

348 2887 351 2922 t
373 2852 511 2947 igitur,
539 2873 584 2921 ne
607 2850 772 2922 animum
795 2848 901 2921 malis
924 2847 1062 2948 artibus
1099 2844 1329 2939 adscenderunt
1353 2893 1366 2934 ‚
1390 2842 1437 2917 87
1457 2840 1685 2940 conbefferttnt
1709 2856 1778 2913 tan
1795 2842 1905 2912 nolie-

348 2950 438 3035 icet,
463 2948 562 3044 quod
587 2949 626 3019 in
655 2943 781 3043 sponsa
809 2970 882 3019 non
902 2967 1063 3020 metuen-
1096 2969 1163 3014 ren
1178 2945 1518 3038 qnnnpatrctneites„
1543 2965 1623 3037 quae
1638 2939 1807 3014 fultiu-sta
1822 2961 1902 3035 per·
1977 2985 2010 3009 -.
2072 2957 2075 2962 ·

348 3096 360 3126 ,.
412 3049 564 3143 Quinte:
590 3069 662 3118 non
683 3047 753 3119 stne
779 3048 940 3118 maximo
968 3045 1063 3117 sean-
1097 3041 1190 3115 fidiae
1209 3064 1327 3136 poena.
1344 3064 1389 3114 21.
1403 3041 1498 3111 Sam.
1511 3040 1640 3118 XVlll.
1659 3061 1716 3132 17.
1766 3036 1900 3110 Merob

364 3145 401 3216 in
422 3168 497 3217 una
512 3139 662 3217 ¹civitate
680 3146 798 3217 videri
815 3144 926 3239 potesl
946 3144 1062 3215 soemi-
1096 3138 1463 3216 Saulis'filiaDanidi
1482 3137 1685 3233 desponsata
1705 3140 1809 3209 datur
1828 3136 1902 3207 Ha·

364 3264 444 3336 quae
467 3244 557 3316 duos
585 3241 691 3314 habet
712 3244 890 3328 maritos,
915 3264 1061 3327 unum,
1096 3240 1201 3312 dricll
1221 3234 1450 3322 Molathitae,
1476 3238 1574 3328 quod
1592 3236 1805 3330 coniugium
1821 3256 1900 3327 per·

348 3339 462 3435 sponte
484 3342 599 3434 nupstt
619 3348 653 3412 δι
671 3339 714 3413 ab
737 3344 781 3411 eo
803 3337 974 3410 deflorata
987 3338 1057 3423 est,
1096 3359 1208 3431 quarn
1224 3335 1414 3406 infeliciter
1425 3335 1542 3421 celstt,
1570 3335 1657 3427 quia
1675 3333 1780 3403 liberi
1795 3354 1840 3401 ex
1857 3352 1898 3401 eo

348 3459 443 3526 um,
469 3442 513 3512 ad
528 3459 639 3534 quem
662 3440 791 3510 marito
819 3433 955 3511 dimisso
978 3458 1062 3532 pro:-
1095 3435 1210 3530 geniti
1234 3431 1449 3529 poll'annos
1468 3432 1609 3526 aliquot
1631 3428 1814 3524 suspendio
1837 3451 1899 3524 pe·
2046 3455 2049 3462 ·
2089 3517 2091 3522 Ι
2126 3452 2129 3464 “

359 3534 468 3609 fidem
495 3536 1061 3611 matrimonialemanteadatam
1094 3533 1234 3606 rietunt
1259 3579 1272 3618 ‚
1295 3549 1331 3607 2.
1348 3531 1443 3606 Sam.
1460 3529 1556 3602 XXI.
1584 3538 1618 3610 8.
1666 3527 1786 3602 David
1806 3549 1895 3600 vero
2008 3589 2010 3593 .

348 3637 375 3705 ’e'
400 3633 521 3722 coatia
545 3634 592 3707 cll
610 3684 622 3723 ,
643 3633 1058 3729 ,eidemquecohabitat
1095 3635 1186 3706 hanc
1201 3631 1374 3703 iniuriam
1401 3650 1423 3701 a
1450 3629 1555 3701 Saule
1570 3630 1662 3726 regi
1687 3625 1750 3700 stbi
1765 3622 1898 3701 sturm

348 3757 376 3804 t:
400 3733 503 3806 stvel
522 3736 681 3806 maxime
701 3734 870 3807 adultera
895 3734 974 3804 loco
999 3737 1059 3804 ha·
1095 3730 1334 3802 dissimulavit.
1390 3727 1438 3822 ς.)
1462 3727 1517 3799 Ex
1535 3728 1608 3799 inre
1622 3728 1782 3799 canonico.
1813 3727 1898 3797 Ale-

361 3833 518 3906 velimus
548 3854 629 3905 eam
653 3880 666 3919 ,
691 3853 773 3927 quae
792 3829 869 3927 post
890 3830 1060 3927 sponsalia
1093 3830 1232 3900 xander
1249 3827 1310 3898 lll.
1331 3846 1408 3920 cap.
1429 3826 1520 3901 Licet
1533 3839 1667 3919 praeter
1676 3825 1812 3919 stilicen
1831 3830 1896 3896 &o

348 3931 359 4101 l
370 3929 1061 4102 luutrrrlluruu‘uu
1092 3923 1214 4098 {ff
1245 3923 1582 4120 slt'lffbill‘lbl
1597 3922 1899 4115 albiensis

348 4149 378 4199 to
392 4134 554 4200 &mente
568 4127 730 4200 adultera
743 4126 830 4213 etit,
844 4049 1061 4224 quodbdem
1093 4070 1205 4196 sensit:
1222 4048 1500 4217 uqrtercprbpsebac
1514 4171 1529 4202 ,
1542 4101 1609 4194 ¹od·
1622 4047 1767 4217 priorem
1796 4121 1912 4195 redire.

348 4226 487 4324 tgalem
505 4223 678 4324 fregerit,
704 4223 761 4296 sed
777 4222 839 4296 sta
858 4219 1061 4296 marito-ab·
1094 4223 1229 4304 debean
1255 4220 1314 4294 sed
1335 4218 1460 4294 diserte
1472 4223 1571 4295 addit
1584 4257 1606 4310 ,·
1620 4246 1643 4293 a
1657 4217 1898 4316 praedecessori-

349 4344 453 4414 atur,
479 4332 513 4397 uc
531 4321 653 4419 sponso
669 4319 870 4395 cohabitare
888 4321 1059 4419 cogatur,
1097 4324 1161 4412 bns,
1177 4320 1252 4416 ficis
1272 4315 1373 4416 fniffi
1385 4385 1388 4394 .
1400 4320 1578 4417 'rimando
1598 4322 1693 4392 aliter
1710 4323 1909 4396 indicatum..

362 4423 511 4496 demum
523 4421 707 4517 publicam
716 4421 890 4493 adulterii
909 4419 1061 4515 speciem
1096 4419 1137 4492 ln
1152 4417 1352 4494 Mutinensi
1372 4417 1514 4492 ecclesia
1535 4422 1572 4492 iu
1595 4417 1900 4514 ipsumusttatum

348 4518 462 4608 tebit,
489 4520 513 4594 si
533 4521 678 4593 vivente
698 4520 853 4605 eo,·eui
876 4520 915 4590 in
939 4519 1061 4590 matri·
1096 4515 1196 4592 sitisse
1217 4517 1402 4614 colligitur
1424 4539 1469 4591 ert
1487 4541 1563 4613 cap.
1591 4520 1683 4588 Teos
1702 4519 1824 4587 dlcdntn
1835 4524 1900 4588 &a

348 4619 425 4691 ium
445 4619 525 4692 data
547 4624 581 4692 δι
600 4616 645 4689 ab
668 4635 709 4689 eo
731 4618 920 4690 carnaliter
940 4619 1062 4732 cogni·
1097 4619 1160 4689 tit..
1173 4619 1324 4700 eodem:
1353 4619 1409 4690 De
1426 4617 1672 4713 consuetudine,
1696 4639 1779 4713 petae
1793 4617 1850 4685 ut'te
1867 4619 1902 4683 ln

348 4709 444 4789 elteri
459 4717 539 4788 viro
556 4717 596 4787 in
617 4709 848 4788 matrimonio
873 4713 1062 4788 cohrbttet.
1098 4716 1278 4817 Metinenf
1297 4717 1436 4787 obtinete
1455 4719 1609 4796 noscare,
1643 4727 1757 4786 ntrnn
1777 4715 1807 4813 st
1829 4715 1902 4810 quic

350 4838 425 4885 mo:
451 4813 473 4886 st
490 4813 639 4887 foemina
654 4812 794 4886 nubens
820 4810 942 4910 sponso
959 4863 971 4905 ,
986 4816 1065 4908 -qui
1097 4819 1224 4887 iteraret
1232 4814 1452 4913 ,senipetam
1466 4815 1659 4894 desineant,
1677 4812 1725 4890 δ’
1736 4816 1903 4894 citracor-

351 4913 504 5009 ipuellae
521 4912 631 4984 fidem
646 4912 808 5008 coniugii
830 4913 952 5001 dedit,
981 4935 1064 5009 pto·
1094 4919 1150 4989 nir
1167 4917 1311 5011 copulent
1325 4911 1556 5010 desponseffet,
1575 4918 1604 5016 ſs
1619 4914 1838 5011 consequenter
1851 4916 1903 4983 dc·

348 5013 434 5086 ,onie
445 5012 543 5087 illius
559 5011 664 5085 alteri
679 5007 779 5082 saslae
792 5010 902 5084 suerit
918 5013 1065 5108 ignara,
1096 5010 1268 5112 sponsasse!
1280 5013 1407 5091 aliem.
1432 5009 1588 5088 &erran
1603 5009 1813 5114 cognovisset,
1828 5016 1903 5109 pri.

358 5112 457 5205 quod
492 5111 531 5184 in
553 5106 743 5205 quastione
775 5108 846 5187 suit
877 5111 1066 5208 additum)
1099 5139 1152 5191 nte
1180 5112 1309 5215 cognite
1339 5114 1582 5190 adsedieernetr
1606 5117 1678 5188 viro
1699 5157 1714 5208 ,
1733 5137 1805 5186 nott.
1822 5137 1905 5212 qnae

1246 5209 1320 5324 Gg
1341 5228 1367 5289 2
1807 5216 1904 5312 prins
2034 5321 2037 5328 ι
