4884 5984
539 513 609 590 172
767 491 916 572 uocvs
941 487 1070 567 xxvi
1100 489 1197 566 car.
1223 491 1268 565 x.
1295 484 1421 564 srcr.
1445 487 1505 562 111.
1530 484 1640 560 nur.
1667 483 1711 560 u.
1736 479 1898 560 maun.
1924 482 1968 555 11.
2005 443 2014 464 ‘

540 673 606 746 Tot
625 669 893 769 circumstantiis,
917 675 1036 769 inquit
1047 674 1177 768 Fagius
1199 669 1233 742 d.
1247 667 1273 740 1.
1288 693 1337 741 rr·
1366 679 1575 763 praeceptum
1589 670 1627 736 de
1637 664 1735 736 libello
1755 665 1908 759 repudii,
1932 681 1998 757 qua
2007 659 2176 752 permitte·

532 774 672 868 puditum
686 786 866 851 armatur,
890 785 928 843 ut
946 774 1085 842 maritus
1110 773 1246 868 alicujus
1262 767 1336 861 spei
1370 770 1468 839 latur
1493 768 1622 837 maritis
1636 786 1751 835 maret
1769 764 1942 858 repudiare
1964 805 1974 834 .
1998 781 2037 827 rte
2058 779 2114 826 eas
2129 779 2178 826 oc·

531 872 631 966 facilc
658 871 883 942 admoueretur
902 873 1034 966 primae
1064 867 1273 962 institutionis
1299 889 1342 935 ae
1370 868 1519 936 cidereat.
1570 865 1661 950 Quae
1676 864 1798 933 omnia
1812 858 2018 952 expendens
2047 852 2175 966 Chem-

538 971 714 1041 mutandae
727 973 765 1038 de
784 972 915 1063 repudia
931 970 1117 1040 uoluntatis.
1167 968 1207 1058 4)
1232 964 1339 1062 lpfius
1371 965 1482 1034 nitius
1497 962 1534 1030 in
1549 961 1663 1032 harm.
1676 981 1804 1053 evang.
1821 979 1852 1027 c.
1874 975 1980 1065 5129·
2000 970 2082 1064 557.
2095 949 2174 1022 serr·

540 1064 658 1163 Cltristi
671 1067 923 1141 declaratiouem.
974 1065 1098 1161 Moses,
1112 1063 1250 1157 inquit,
1261 1086 1340 1157 pro·
1371 1059 1423 1130 bit
1436 1083 1446 1128 t
1472 1059 1626 1129 Politicae
1645 1055 1876 1152 constitutiones
1892 1063 1992 1121 ettam
2006 1071 2042 1124 ut
2057 1049 2110 1118 clla
2125 1071 2177 1117 re·

538 1176 611 1259 pter
626 1166 777 1235 duritiem
802 1170 907 1237 cordis
921 1163 1015 1253 uestri
1027 1163 1172 1258 permisit
1192 1163 1278 1230 voltis
1290 1183 1338 1230 re·
1368 1158 1528 1252 publica,
1552 1179 1650 1251 quam
1679 1155 1774 1225 Deus
1797 1151 1862 1248 ipse
1884 1150 1960 1254 latis¹
1971 1147 2179 1241 peculiariter

533 1265 685 1358 pudiare.
735 1264 843 1356 Apud
878 1261 1050 1335 Marcum
1088 1257 1342 1331 concessionem
1369 1279 1433 1350 per
1448 1254 1563 1340 Molem
1575 1254 1760 1351 forensibus
1782 1251 1901 1348 legibus
1920 1246 2093 1338 instituit,
2115 1267 2177 1336 pra

540 1358 732 1432 mosaicam
750 1380 855 1432 vocat
874 1353 1024 1448 irradia,
1036 1369 1265 1452 praeceptum,
1283 1353 1340 1425 sed
1375 1350 1618 1444 circumstantiis
1632 1351 1772 1421 locorum
1784 1399 1798 1427 ,
1823 1359 2005 1436 temporum
2016 1340 2181 1435 &persae

541 1458 632 1529 illud
646 1479 778 1527 nomen
796 1459 1012 1552 generaliter
1027 1460 1085 1527 hic
1096 1453 1260 1546 usurpari
1276 1474 1340 1545 pro
1376 1474 1497 1536 aarum
1519 1441 1850 1525 cordatiorem
1876 1439 1924 1515 θ’
1951 1445 1996 1511 ad
2019 1443 2177 1511 ratium

569 1554 688 1625 olitica
703 1554 859 1646 quadarn
876 1554 1089 1646 concessione
1104 1551 1287 1645 colligitur
1296 1569 1343 1618 ex
1371 1550 1518 1642 politicae
1531 1545 1766 1641 consociationis
1778 1537 2127 1636 attemperataesrrrt‚
2145 1540 2177 1607 ir

541 1575 739 1738 llanbaeo,
754 1656 849 1744 apud
867 1673 977 1746 quem
989 1670 1138 1720 vocatur
1152 1643 1342 1740 permissio.
1378 1649 1492 1742 quitur
1515 1646 1647 1722 muta,
1673 1667 1758 1742 quac
1782 1663 1853 1714 cum
1876 1640 1943 1734 lege
1965 1637 2111 1733 decalogi
2135 1633 2178 1710 ld

542 1746 752 1819 Ambrofius
772 1749 835 1823 lib.
851 1750 946 1819 Vlll.
967 1750 1003 1818 in
1022 1752 1108 1817 Luc.
1131 1766 1162 1814 c.
1180 1743 1242 1812 Vl.
1270 1743 1344 1812 Mo·
1377 1767 1450 1814 crem
1464 1747 1601 1814 caritate
1615 1745 1759 1835 proximi
1780 1757 2101 1831 maurusququaque
2115 1755 2178 1804 cut·

477 1845 481 1852 ’
532 1844 590 1939 ser
600 1845 769 1939 permisit,
792 1847 935 1940 (inquit
958 1841 1137 1934 Christus)
1165 1863 1232 1910 mon
1252 1835 1345 1911 Deus
1378 1854 1538 1939 gruum,
1556 1844 1823 1934 permittamur,
1849 1831 2019 1926 aestates
2039 1831 2178 1925 publicu
2209 1867 2213 1950 ἱ

532 1943 634 2042 juffit.
683 1943 862 2037 Exprimit
887 1944 995 2014 etiam
1023 1937 1179 2011 Christus
1204 1934 1344 2007 causam
1377 1943 1610 2034 perturbetur,
1637 1951 1735 2033 utque
1755 1938 1881 2033 majora
1904 1931 1992 2002 mala
2012 1933 2176 2002 cuomtcr.

542 2040 641 2111 illius
689 2039 925 2126 ermissionis,
948 2038 1115 2122 videlicet
1133 2043 1344 2202 remmomp-
1459 2048 1489 2124 §.
1514 2033 1688 2107 DXCVll.
1715 2036 1908 2129 ll)Expo-
2067 2045 2071 2052 ·
2124 2127 2130 2139 Ι

543 2130 616 2213 liar
647 2061 864 2229 Jitdaicam3
889 2140 951 2209 illa
979 2137 1083 2205 cardis
1110 2135 1274 2215 durities,
1325 2153 1344 2200 e
1380 2135 1458 2207 litia
1482 2135 1614 2203 Iudaica
1638 2133 1828 2203 temeraria
1857 2130 1909 2200 di·
1957 2119 2084 2217 10⁸⁸,
2102 2121 2170 2200 lul*

544 2254 618 2326 qua
642 2233 747 2303 toties
764 2234 863 2305 Deus
887 2232 958 2328 ipse
993 2230 1259 2322 conqueritur,
1285 2249 1344 2298 ex·
1377 2230 1737 2302 vortiorumlicentia
1760 2229 1906 2300 adalim
1977 2221 2026 2265 '⁸⁴
2046 2202 2156 2296 mem

544 2328 640 2400 torfit
664 2326 759 2398 Most
787 2334 877 2401 hanc
902 2332 1060 2425 legem.
1089 2346 1160 2420 qua
1188 2324 1344 2396 evitandi
1380 2349 1527 2421 qunque
1556 2341 1668 2424 grater
1701 2326 1909 2398 dimanavit.

546 2424 693 2510 majoris
708 2426 794 2496 mali
807 2426 909 2497 causa
918 2425 1111 2520 repudium
1120 2421 1253 2510 judaeis
1262 2442 1344 2490 con·
1378 2426 1486 2514 Solon
1498 2423 1766 2495 Atheniensium
1780 2444 1905 2492 nomo-

545 2520 665 2608 ceffn,
692 2529 726 2592 &
741 2543 782 2594 ut
804 2520 1067 2616 chrysostomus
1084 2521 1266 2611 loquitur,
1290 2520 1343 2587 di-
1378 2523 1473 2593 theta
1488 2524 1568 2616 lege
1591 2520 1794 2606 constituit,
1819 2530 1878 2610 at,
1905 2521 1962 2614 qui
1980 2539 2115 2587 uxorem
2127 2536 2174 2584 er·

433 2640 440 2653 ·
542 2620 679 2690 midium
693 2621 771 2690 mali
781 2620 944 2718 permisti,
969 2641 1009 2687 me
1020 2628 1122 2686 totum
1138 2619 1257 2685 lartum
1268 2639 1344 2708 per-
1377 2616 1550 2714 turbasset,
1574 2623 1680 2688 dotem
1694 2618 1738 2687 illi
1754 2614 1954 2713 restitueret,
1978 2614 2175 2707 alioquinin·

543 2719 640 2786 daec.
688 2717 793 2810 Mrfis
819 2714 951 2807 (verba
964 2714 1042 2786 sunt
1059 2709 1220 2798 ejusdem
1235 2711 1343 2806 Chry·
1377 2729 1427 2786 ter
1442 2716 1589 2808 asariam
1598 2715 1891 2810 sesquidrarltmale
1912 2719 1951 2784 ob
1972 2735 2100 2784 moram
2110 2709 2174 2805 sal·

541 2812 681 2885 sostomi
707 2815 743 2884 in
778 2837 809 2884 1.
833 2811 1041 2902 convii.)
1074 2834 1140 2880 more
1190 2810 1343 2902 mpliciter
1377 2835 1453 2882 uere
1467 2816 1648 2910 cogebatur.
1700 2814 1906 2883 Alexander
1924 2811 1969 2882 ab
1991 2809 2098 2881 Alex.
2116 2806 2173 2880 lib.

424 2968 426 2973 ,
540 2911 622 2978 luat
636 2912 735 3007 legem
746 2910 842 2989 tulit,
857 2910 918 3002 sed
932 2907 1058 2980 ruallus
1063 2909 1136 3003 fuit
1162 2905 1343 3000 eseadtem·
1378 2910 1439 2980 lV.
1453 2911 1585 3010 genial.
1607 2912 1694 2981 dier.
1712 2932 1742 2979 c.
1759 2919 1793 2989 8.
1815 2912 1881 3003 qui
1899 2908 2038 2980 ibidem
2060 2905 2171 2978 addit:

540 3029 655 3094 pecare
674 3030 815 3084 earum.
843 3008 956 3101 quibus
979 3005 1077 3100 legem
1100 3009 1221 3080 dabat,
1250 3002 1343 3096 infir·
1377 3007 1481 3101 Apud
1499 3007 1705 3100 Atlremiemser
1726 3007 1824 3078 libello
1849 3009 1975 3100 repudii
1985 3001 2172 3099 perrefita

542 3106 661 3177 mitati.
713 3105 804 3176 Nam
823 3106 975 3199 quereiam
995 3106 1039 3172 ad
1057 3107 1164 3172 caedes
1176 3104 1299 3194 promti
1312 3125 1343 3171 e·
1378 3108 1448 3174 uiro
1476 3105 1527 3174 uel
1549 3128 1680 3193 uxore,
1705 3129 1749 3176 am
1775 3108 1895 3175 concedi
1914 3107 2054 3181 deleat,
2078 3105 2172 3200 roagi-

540 3213 641 3280 raat,
654 3201 703 3277 Εἴ
719 3206 831 3272 domtus
842 3212 977 3297 cognato
991 3200 1152 3292 replebant
1166 3199 1343 3296 languine,
1368 3201 1500 3297 stratus
1512 3203 1658 3273 decerent.
1698 3201 1892 3274 Charondae
1908 3204 1968 3272 lex
1984 3199 2091 3274 dabat
2102 3221 2171 3271 mu·

541 3297 590 3370 &⁹
612 3323 711 3395 meque
727 3300 797 3390 suis
823 3323 921 3393 meque
944 3300 1055 3367 alienis
1070 3299 1273 3388 parcebant,
1300 3321 1339 3365 nt
1378 3299 1526 3370 lienibus
1545 3299 1749 3371 facultatem
1771 3323 1961 3395 quacumque
1982 3304 2022 3368 cle
2041 3298 2134 3392 causta
2154 3318 2171 3367 a

539 3400 628 3467 imtus
641 3402 958 3470 occiderentuuorer,
972 3418 1051 3489 quae
1066 3400 1214 3490 ingratae
1226 3408 1336 3478 erant,
1377 3399 1466 3467 viris
1487 3398 1698 3467 divertendi.
1749 3398 1931 3468 Diodorus
1956 3398 2098 3468 Siculus
2117 3394 2170 3466 lib.

534 3497 1015 3685 ttt‘f‘tlltlttttttt
1023 3516 1340 3683 titillat&
1376 3493 1842 3683 i{}.i.¹b}‚¹2t¹¹ttr..itti
1862 3495 2075 3663 illini
2094 3516 2171 3679 {⁰3}

541 3700 610 3755 tur.
638 3685 700 3780 (³)
750 3685 1036 3782 Theopirylatius
1067 3688 1103 3755 in
1135 3683 1266 3757 Martii.
1296 3687 1340 3755 V.
1377 3688 1494 3756 neutri
1514 3688 2168 3782 curnjunioreresponlaautvirocon-

540 3783 645 3877 Moses
669 3788 852 3878 praecepit,
869 3787 903 3883 ſs
921 3787 994 3880 quir
1016 3787 1088 3855 adia
1108 3784 1235 3852 lederet
1258 3808 1342 3851 uxo·
1376 3783 1653 3876 jugiumpostea
1669 3787 1760 3856 inire
1787 3787 1938 3874 liceret,
1966 3810 2010 3857 ne
2030 3785 2168 3858 libidine

540 3905 635 3959 rem,
659 3885 818 3954 dimittere
833 3908 924 3959 eam,
950 3874 1005 3954 ἵνα
1029 3876 1077 3973 ai
1098 3879 1208 3980 χεῖρον
1227 3878 1263 3953 ai
1286 3875 1342 3975 ‘yl-
1377 3901 1437 3951 aut
1468 3880 1634 3951 illecebra
1666 3886 1860 3975 voluptatIs
1893 3886 2040 3982 magis,
2067 3901 2168 3976 quarn

541 4003 637 4054 mrac
656 3973 908 4078 atauulrupda
928 3981 1009 4063 laur
1029 3976 1142 4053 douai
1171 3977 1340 4072 taotoon.
1375 3980 1487 4070 prolis
1511 3976 1611 4049 causa
1635 3977 1808 4050 divertitle
1829 3984 2034 4053 videantur.
2090 3979 2170 4048 Tur·

541 4079 890 4149 Lutlrerustom.11.
913 4077 990 4166 Jen.
1009 4076 1132 4147 Germ.
1150 4076 1211 4147 lib.
1231 4080 1339 4148 devi·
1374 4098 1411 4143 ca
1436 4075 1599 4168 pluribus
1623 4079 1665 4146 de
1691 4077 1828 4156 causis.
1856 4101 1945 4171 quas
1971 4080 2063 4150 viris
2081 4098 2167 4150 com·

539 4194 573 4243 ta
592 4175 813 4264 conjugalis.
839 4195 918 4264 155.
969 4178 1011 4244 lm
1030 4174 1095 4269 lege
1117 4176 1216 4262 Mafir
1232 4174 1339 4268 dupli·
1375 4173 1512 4244 minisci
1529 4173 1631 4243 facile
1645 4173 1719 4259 eli,
1746 4177 1898 4246 divortia
1914 4176 2072 4265 faciunt,
2098 4197 2168 4247 mu·

537 4273 589 4342 cia
599 4282 829 4360 proponuntur
842 4284 1023 4364 praecepta.
1028 4273 1243 4365 spiritualia,
1257 4296 1337 4367 quae
1373 4270 1479 4340 lieres
1497 4292 1583 4341 vero
1606 4274 1737 4365 aegrius
1754 4294 1773 4341 a
1789 4274 1876 4342 viris
1898 4275 2093 4345 divertunt.
2134 4272 2169 4341 ln

532 4368 688 4459 pietatem
709 4366 920 4464 &justitiam
943 4393 1049 4437 raram
1072 4371 1143 4442 Dea
1164 4372 1336 4447 docebant,
1374 4366 1656 4460 caufis,quibus
1672 4372 1706 4438 id
1721 4370 1771 4438 eis
1784 4365 2169 4462 permilibm‚haecon-
2214 4431 2216 4458 ,

537 4469 594 4560 qui
611 4487 648 4533 ca
663 4465 870 4555 observabant
887 4515 899 4542 ‚
925 4491 989 4536 mou
1014 4470 1230 4558 repudiabant
1256 4492 1336 4537 uxo.
1372 4465 1530 4534 tinentur
1543 4512 1554 4550 ‚
1565 4466 1593 4561 ſs
1601 4471 1710 4535 mariti
1725 4470 1835 4536 debitis
1846 4468 2006 4538 alimentis
2017 4469 2171 4562 casfrau·

536 4584 611 4632 rer:
635 4566 740 4633 ciuilia
751 4579 888 4658 propter
907 4589 977 4642 eos,
1005 4569 1061 4658 qui
1077 4566 1262 4655 spiritualia
1274 4591 1338 4635 rcorr
1373 4563 1471 4638 detti.
1497 4564 1532 4659 st
1549 4576 1685 4653 praeter
1708 4579 1846 4633 maturae
1872 4566 2109 4658 praescriptum
2130 4568 2167 4634 cis

535 4661 772 4750 adfirmabant,
800 4676 839 4731 ut
863 4664 1020 4731 terruimus
1037 4664 1163 4732 illoram
1187 4667 1337 4757 improbi·
1371 4662 1461 4726 abuti
1483 4674 1644 4728 conentur.
1693 4663 1790 4755 Aug.
1817 4662 2051 4753 Busbequius
2077 4661 2167 4758 epil.
2215 4665 2216 4674 ’

533 4760 597 4827 lati
601 4756 813 4851 statueretur.
864 4761 921 4831 Aa
935 4758 1185 4853 leaecpolleriara
1193 4766 1337 4855 pertinet
1369 4755 1429 4826 ΙΙΙ.
1458 4757 1629 4844 Quinimo
1651 4760 1799 4852 quidam
1812 4760 1938 4853 populi
1956 4780 1998 4828 eo
2019 4761 2167 4927 levfitatis

1315 4883 1318 4888 ·
2089 4877 2171 4928 uere

573 4999 622 5077 (⁸)
644 4998 726 5061 ldetn
744 4998 827 5060 bem.
843 4997 968 5066 xxxid.
987 5023 1035 5078 op.
1056 4993 1173 5083 imperi.
1197 4999 1327 5084 Propter·
1461 5003 1607 5073 ualamus;
1627 5006 1700 5084 quael
1711 5001 1801 5062 auc'em
1818 5005 2030 5080 permiitimus,
2055 5001 2166 5060 rtalercr'cs

630 5098 661 5138 cc
674 5080 826 5149 heraditum
846 5087 918 5162 quenl
931 5085 1024 5162 Mases
1040 5086 1086 5143 ba:
1105 5081 1222 5160 pernam
1242 5125 1250 5149 ,
1273 5096 1328 5146 nort
1460 5087 1648 5164 omittamus,
1668 5092 1732 5163 quia
1751 5083 1847 5142 caulam
1884 5081 2054 5144 ualutttattm
2073 5082 2110 5143 ad
2118 5080 2169 5162 με·

627 5167 764 5243 pracepit.
809 5160 896 5247 Qud
914 5169 984 5228 cuim
1006 5162 1200 5246 pracipimar‘,
1223 5164 1328 5246 semper·
1461 5184 1526 5229 mm
1541 5162 1688 5245 probibere
1702 5162 1919 5243 rcatcpofficmuc.¹

1485 5503 1511 5552 9
