4884 5984
791 475 854 575 uu
904 473 1182 558 norvanum
1232 460 1511 564 svccesnvi.
1618 493 1621 506 ·
1731 563 1733 568 ,
1931 495 2009 577 121,

348 677 462 774 urgit)
479 680 616 779 rejiciat
628 669 693 753 ‘nos
710 676 752 752 de
778 701 882 775 regno
908 673 988 750 Dei.
1014 684 1147 771 Grego-
1172 677 1238 751 Vl.
1256 674 1407 755 secundis
1422 685 1548 774 nuptiis
1566 682 1679 757 itidem
1692 679 1825 754 videtur
1838 675 1998 774 iniquior.
2092 713 2095 720 ’

348 805 383 876 ur
402 785 637 878 Nazianzenus
665 782 701 850 in
730 802 814 852 orat.
849 783 883 850 in
909 781 989 851 dide.
1023 801 1144 869 evang.
1177 771 1273 874 Quid
1286 792 1356 853 tam
1375 781 1548 871 decorum,
1572 785 1698 873 inquit,
1723 802 1823 877 quam
1839 794 1878 855 at
1892 780 1999 856 uidua

348 879 441 951 lauh.
458 887 550 953 XlX.
611 875 758 957 Vitrea
785 877 871 951 milri
892 875 948 949 lic
962 873 1074 973 sermo
1092 874 1147 970 se·
1170 877 1325 973 desundo
1360 884 1487 957 promto
1512 882 1618 983 fidem
1648 875 1795 979 servet?
1838 884 1932 955 Idem
1963 884 1999 954 in

348 976 449 1051 endas
468 980 603 1076 rejicere
619 980 767 1075 nuptias.
821 972 865 1052 Si
884 978 972 1049 eninr
990 972 1148 1073 doosunt
1169 998 1263 1052 carm·
1281 977 1388 1068 rCar.
1404 981 1487 1056 Vll.
1512 980 1571 1055 sub
1591 978 1680 1054 line:
1717 978 1847 1070 Prima
1871 1005 1916 1054 nn
1940 981 2000 1055 tiae

348 1072 481 1179 lorifli,
518 1078 593 1178 duo·
609 1080 711 1151 etiam
739 1079 883 1161 mariti,
921 1075 996 1150 dvae
1021 1097 1145 1172 quaque
1171 1071 1291 1151 aDeo
1307 1078 1415 1177 sunt,
1433 1078 1594 1179 secunda
1613 1103 1690 1155 aero
1709 1004 1939 1178 permiffaef

348 1187 451 1251 tores.
505 1172 552 1251 Si
564 1189 675 1250 autem
694 1201 779 1250 anus
794 1179 837 1277 est
856 1171 942 1249 Clari
969 1200 1027 1259 vs,
1044 1199 1146 1250 unum
1166 1178 1290 1275 prima
1308 1181 1436 1277 nuptia
1437 1179 1505 1278 svb
1518 1179 1740 1256 benedidione
1751 1176 1822 1252 Dei
1831 1177 2001 1274 celebran-

348 1288 420 1376 put
436 1276 600 1367 ecclesa,
628 1272 670 1351 ss
692 1299 772 1350 caro
792 1298 887 1361 ana,
941 1273 1074 1349 rcnndae
1097 1299 1148 1377 re·
1172 1287 1229 1350 tor
1237 1275 1435 1374 sublimiter
1454 1336 1464 1367 ,
1481 1278 1636 1378 secumdae
1658 1287 1767 1355 autem
1792 1276 1833 1354 fis
1859 1280 1895 1353 in
1909 1301 2000 1380 μα·

348 1388 492 1451 urantur.
548 1371 862 1477 Qvodstsemndas
874 1372 1058 1473 prohibeo,
1075 1393 1148 1470 qua
1164 1372 1258 1474 senti
1284 1391 1400 1454 carent
1426 1380 1573 1475 gloria,
1610 1376 1762 1478 concessa
1788 1389 1898 1454 autem
1914 1377 1999 1479 sant

348 1477 411 1551 etia
428 1477 496 1552 erit
512 1473 719 1550 tertiarum?
747 1472 877 1550 Prima
895 1471 1083 1571 segissnnt,
1091 1470 1147 1570 se-
1167 1477 1309 1575 psopter
1344 1481 1633 1557 incontinentiam.
1705 1486 1759 1552 De
1790 1481 1998 1565 Hieronymo

348 1577 434 1651 mdae
459 1574 680 1672 indulgentia
695 1622 706 1655 ‚
724 1578 850 1648 ‘tertia
881 1597 958 1648 uero
979 1574 1147 1670 manari-
1171 1584 1245 1665 jnre
1265 1577 1378 1651 scribit
1392 1580 1559 1654 lutherus
1577 1585 1611 1655 iu
1626 1604 1748 1654 comm.
1765 1575 1883 1652 Genes.
1894 1585 1997 1653 XLV.
2023 1624 2036 1638 .

348 1676 481 1762 monis,
500 1673 594 1749 vltra
610 1675 684 1751 trac
694 1670 786 1769 suile
802 1677 925 1770 magis,
936 1696 1037 1770 paam
1049 1672 1148 1746 alind
1172 1699 1254 1748 rom.
1281 1677 1348 1752 Vl.
1370 1681 1500 1754 Witeb.
1521 1677 1546 1754 f.
1571 1702 1647 1774 ¹39·
1665 1681 1753 1770 quod
1766 1675 1924 1775 secandis
1937 1701 1999 1752 nrt-

348 1777 518 1874 ridquam,
545 1776 653 1874 multa
672 1776 829 1871 nequitia
843 1773 967 1847 babent
978 1773 1145 1870 exempla.
1166 1774 1256 1872 ptiis
1275 1775 1455 1852 admodum
1472 1777 1624 1875 infensus
1632 1779 1773 1874 sumite¹
1794 1803 1833 1851 ac
1851 1777 1999 1852 Ladoni-

348 1877 525 1967 piplranids
544 1872 620 1949 libr.
636 1881 678 1946 ll.
696 1893 776 1947 tom.
808 1879 832 1946 l.
859 1868 973 1945 lueres.
1002 1899 1055 1962 59.
1074 1896 1146 1959 quae
1171 1899 1229 1945 cas
1245 1877 1345 1948 Vives
1362 1879 1398 1947 iu
1412 1903 1535 1953 comm.
1556 1877 1632 1950 libr.
1647 1875 1747 1950 XVI.
1765 1877 1941 1969 Augustini
1955 1881 1997 1951 de
2019 1945 2022 1952 .

348 1978 362 2047 t
380 1971 628 2050 catharorum:
650 1971 782 2047 Revera
795 1994 862 2044 uon
870 1968 1018 2069 suscipit
1025 1969 1147 2069 santia
1170 1978 1236 2044 civ.
1252 1977 1318 2048 Dei
1336 1987 1409 2066 top.
1427 1976 1594 2050 XXXIV.
1614 1968 1703 2067 duod
1720 1998 1777 2051 eas
1787 1976 1902 2071 suerit
1917 1974 1998 2050 aba·
2031 1979 2045 2015 ·'
2083 2031 2085 2038 -

348 2070 395 2147 >ei
415 2069 620 2171 pradicatio
639 2074 716 2171 post
744 2068 870 2172 Clripl
891 2068 1071 2145 adventum
1085 2094 1149 2156 ros,
1174 2074 1342 2155 minatur,
1370 2078 1416 2146 uti
1444 2079 1569 2150 conslrt
1594 2102 1635 2148 ex
1661 2075 1806 2165 epistolis
1829 2078 1869 2148 ud
1893 2074 1998 2157 Salvi·

348 2175 411 2248 u'a
436 2172 579 2267 nuptiis,
590 2183 722 2244 mortua
742 2166 890 2267 ipsoram
904 2194 1021 2257 uxore,
1033 2168 1153 2267 serron·¹
1174 2198 1277 2254 nam,
1303 2177 1458 2261 Furium,
1485 2178 1680 2248 Gerontiam
1706 2197 1804 2248 tom..
1820 2172 1849 2248 l.
1878 2183 1913 2249 δι
1937 2174 1995 2249 lib.

348 2269 372 2350 ir
384 2272 518 2369 nuptiis
526 2268 612 2367 sont
632 2270 809 2367 conprendi,
829 2283 968 2368 propter
987 2270 1150 2346 excellen·
1172 2293 1288 2343 contre
1306 2272 1472 2365 Jovinian.
1490 2297 1570 2347 torn.
1587 2272 1651 2346 111.
1718 2275 1884 2368 Quamvis
1906 2277 1998 2347 euim

348 2368 589 2547 mpurerdoui
604 2370 760 2443 donarem
776 2371 817 2441 ai
829 2373 1044 2465 dignitatem.
1067 2377 1149 2442 Ana·
1171 2369 1294 2441 alicubi
1311 2374 1537 2463 protestetur,
1558 2370 1599 2470 se
1622 2386 1689 2446 nan
1714 2371 1875 2445 damnare
1895 2373 1998 2448 itera·

348 2497 380 2549 ro

1929 2592 1997 2647 m-

348 2775 395 2858 (⁶)
412 2743 527 2837 Exstat
547 2770 604 2838 iste
619 2774 728 2847 locus,
753 2774 791 2838 ad
813 2792 905 2857 quem
924 2774 1055 2856 digitum
1074 2775 1146 2840 heic

393 2855 542 2943 ‚intendit
566 2874 821 2929 ornarunvs,
853 2858 934 2935 apud
957 2872 1147 2923 uvavsrr-

375 2981 380 2988 .
400 2953 423 2996 Ν
433 2952 486 2996 vu
499 2956 535 2997 ae
547 2935 620 2997 boreo
631 2937 812 3013 uiduitatis,
826 2956 889 3012 cap.
916 2936 953 2996 sl
965 2938 983 2997 ¹.
1001 2946 1071 3000 tone.
1087 2938 1099 2994 i
1107 2933 1145 2997 V.

401 3035 513 3158 oppp.
532 3030 622 3156 (ripale
644 3013 718 3109 edit.
740 3012 1147 3157 Basrl.dllDLt⁴YlX.bLi-

400 3113 1051 3238 iidieaonssisi.’neislisiiussslsl
1069 3115 1147 3240 perp

402 3257 441 3320 ua
455 3258 497 3317 ita
518 3253 659 3317 habent:
692 3255 770 3329 „De
792 3255 893 3315 tertiis
914 3253 947 3316 dr
967 3256 1007 3317 de
1027 3254 1146 3337 quartis

402 3332 469 3412 „dr
490 3334 530 3397 de
549 3334 631 3418 ult-ra
654 3333 794 3413 pluribus
821 3333 940 3415 nuptiis
959 3332 1062 3398 solent
1085 3334 1147 3397 ho-

1250 2777 1320 2848 „de
1347 2772 1447 2856 ipsum
1490 2792 1600 2859 noque
1627 2768 1846 2857 apostolorum
1872 2790 1909 2833 ae
1935 2789 1997 2835 nu·

1250 2854 1374 2929 „strum
1385 2794 1608 2937 magisrum&
1620 2854 1784 2916 dominum
1804 2851 1901 2913 audio
1913 2849 1996 2915 Sod·
2057 2871 2059 2874 ·

1250 2975 1271 3005 ‚,
1281 2934 1401 2997 duratis
1419 2935 1680 3018 respondentem,
1704 2951 1803 3014 quum
1817 2951 1873 3013 pro
1897 2929 1997 3002 osuis·

1250 3055 1270 3086 „
1284 3012 1350 3076 sent
1371 3014 1534 3077 mulierem
1553 3032 1620 3080 non
1641 3011 1825 3082 univiram,
1912 3010 1997 3073 bivi-

1252 3112 1365 3167 ,‚ram‚
1386 3092 1456 3164 sed,
1480 3093 1501 3157 l'r
1519 3093 1581 3157 dici
1597 3090 1718 3175 potest,
1743 3089 1942 3173 septiviram,
1962 3089 1996 3152 sn

1250 3172 1508 3246 „resonatione
1529 3171 1622 3255 cujus
1653 3171 1759 3235 sutura
1782 3169 1859 3233 ess'et
1882 3165 2018 3234 uxors'

1251 3251 1451 3335 „Increpans
1481 3255 1565 3316 enim
1591 3253 1748 3325 eoaait,
1776 3256 1915 3327 erratis,
1932 3258 1997 3314 *ne-

1913 1091 1997 1167 nnt,
2093 1079 2096 1086 ’

407 2498 445 2546 us
463 2470 522 2544 lib.
539 2477 564 2546 l.
577 2468 669 2545 offic.
689 2491 764 2565 cap.
788 2476 826 2545 t.
854 2481 888 2545 δι
909 2469 986 2544 libr.
1009 2478 1051 2545 11.
1071 2495 1143 2563 cap.
1171 2480 1227 2545 tas
1239 2472 1379 2568 nuptias
1394 2474 1465 2568 (*),
1490 2491 1602 2549 tamen
1617 2497 1670 2549 res
1683 2467 1998 2564 ipsaollendircan·
2114 2517 2116 2527 ·

400 3414 532 3493 „mines
561 3431 694 3480 movere
716 3412 933 3495 quaestionem.
976 3412 1088 3486 Unde,
1111 3424 1148 3477 ut

401 3495 572 3572 „breviter
592 3492 815 3575 respondeam,
837 3513 896 3555 nec
912 3493 999 3556 ullas
1019 3496 1148 3575 nuptias

402 3575 536 3652 „audeo
558 3574 728 3645 damnare,
763 3592 823 3635 nec
850 3575 896 3635 eis
922 3574 1147 3636 verecundiam

403 3652 668 3732 „numerositatis
688 3652 822 3715 auferre.
865 3650 926 3715 Sed
947 3674 986 3715 ne
1000 3653 1148 3747 cuiquam

405 3731 575 3812 „brevitas
589 3732 685 3813 hujus
706 3730 921 3873 responsionis
938 3731 1023 3796 sorte
1042 3731 1158 3814 drsplis

406 3825 533 3890 „ceat,
559 3812 687 3875 uberius
712 3814 744 3874 di
760 3824 922 3893 putantem
942 3810 1148 3894 reprehenso·

403 3912 499 3973 „rem
520 3897 627 3955 meum
655 3893 763 3954 audire
787 3894 915 3974 paritas
939 3890 1015 3955 sum.
1071 3889 1148 3954 For-

395 3971 518 4052 .,‚tass1s
547 3973 632 4034 enim
659 3970 761 4034 adfert
795 3971 931 4053 aliquam
965 3973 1147 4045 rationem,

389 4055 531 4137 „quare
543 4050 695 4130 ¹secundae
714 4052 835 4133 nuptiae
851 4071 917 4113 non
939 4052 1147 4125 damnentur,

404 4134 538 4211 „tertiae
563 4131 781 4196 damnentur:
815 4150 888 4194 nam
918 4131 954 4193 de
986 4151 1050 4212 ego
1077 4152 1149 4193 non

407 4214 544 4292 „audeo
560 4211 632 4293 plus
647 4211 768 4293 sapere,
795 4230 889 4293 quam
911 4222 1043 4296 oportet
1063 4210 1148 4294 sape·

404 4313 477 4373 „re.
520 4290 602 4370 Quia
625 4292 709 4356 enim
736 4289 827 4364 sum,
859 4292 913 4373 qul
934 4304 1044 4372 putem
1070 4289 1148 4353 defi-

408 4373 604 4452 „nieudum,
659 4372 725 4433 uod
754 4391 814 4432 nec
842 4370 1022 4452 apostolum
1050 4370 1149 4432 video

351 4478 355 4482 ·
398 4449 616 4540 '„desrniiises
637 4392 805 4541 Xitleuim,
819 4453 928 4513 mulier
942 4441 1083 4530 adligata
1101 4452 1149 4534 est,

356 4573 361 4581 ·
408 4533 584 4617 ‚‚qaamdiu
603 4538 655 4596 vir
676 4551 741 4614 opus
762 4535 849 4594 vivit.
892 4530 967 4594 Non
988 4530 1076 4604 dixit,
1087 4531 1150 4612 pri·

405 4631 530 4692 „mua,
564 4624 620 4675 aut
644 4610 820 4683 secundus,
851 4623 906 4674 aut
927 4611 1065 4684 tertius,
1094 4619 1152 4673 ant

1253 3331 1402 3414 „scievvtes
1415 3332 1481 3416 scri
1503 3344 1614 3404 taras,
1641 3351 1733 3415 neque
1753 3335 1898 3395 uirtutem
1923 3330 1996 3396 Dei.

1252 3411 1323 3486 „In
1348 3355 1560 3493 resurreestone
1593 3416 1672 3475 enirn
1710 3431 1760 3482 net
1785 3410 1919 3492 naboan,
1948 3430 1998 3474 nro

1255 3511 1396 3566 „uxores
1412 3490 1525 3556 ducent.
1568 3489 1635 3555 Non
1657 3494 1735 3554 oraim
1752 3494 1895 3583 incipient
1905 3494 1996 3563 mori,

1254 3570 1433 3653 „sederunt
1453 3574 1590 3655 aequales
1612 3573 1729 3653 angelis
1751 3570 1821 3632 Der.
1875 3570 1998 3632 Eorum

1254 3651 1392 3731 ,‚itaque
1417 3650 1677 3715 resurrestionem
1701 3651 1997 3723 commemoravit,

1253 3731 1338 3871 „pul
1361 3729 1523 3813 resurgent
1542 3732 1580 3793 ad
1605 3732 1723 3804 vitam,
1746 3749 1814 3792 non
1840 3729 1927 3810 quod
1948 3749 1998 3791 re·

1252 3852 1274 3885 ‚,
1296 3822 1412 3891 urgent
1437 3813 1476 3873 ad
1501 3829 1637 3894 poenam.
1683 3810 1792 3877 Potuit
1817 3810 1925 3893 itaque
1949 3810 1999 3874 di·

1251 3932 1273 3965 „
1283 3909 1374 3963 cere,
1397 3892 1523 3964 erratis,
1554 3890 1730 3955 nescientes
1752 3888 1920 3985 scripturus
1939 3908 1998 3954 ne-

1253 4012 1273 4043 ,‚
1306 3990 1346 4032 ue
1369 3971 1522 4035 virtutem
1541 3971 1621 4046 Dei3
1644 3972 1674 4033 in
1692 3970 1743 4033 illa
1766 3967 1998 4034 eormresurre-

1253 4092 1274 4123 ‚,
1320 4049 1395 4113 ione
1419 4053 1607 4115 multinubae
1639 4049 1705 4114 istae
1733 4048 1883 4113 essenon
1926 4061 1999 4114 ote·

1254 4143 1375 4205 „mntz
1400 4133 1519 4195 'deinde
1543 4134 1681 4204 addere,
1714 4131 1794 4211 quia·
1811 4150 1870 4194 nee
1894 4071 2012 4215 asiqpa·

1255 4209 1328 4285 „ibi
1347 4213 1447 4277 nubit.
1489 4212 1551 4274 Sed
1569 4232 1628 4274 nec
1644 4209 1756 4294 ipsam,
1781 4222 1817 4274 ut
1837 4209 1997 4282 videmur,

1253 4301 1335 4362 „tot
1358 4293 1543 4354 maritorum
1570 4291 1734 4355 mulierem
1755 4290 1821 4372 ulla
1844 4286 1907 4352 suae
1930 4288 2000 4354 sen·

1253 4393 1274 4442 „·
1284 4373 1395 4433 tentiae
1421 4369 1655 4452 significatione
1682 4370 1854 4432 damnavit.
1910 4368 2000 4447 Qua-

1254 4462 1415 4592 „propter
1431 4471 1490 4512 nec
1508 4463 1621 4514 contra
1636 4451 1783 4519 humanae
1793 4450 1999 4513 verecundiae

1255 4570 1277 4602 „
1298 4549 1337 4591 en
1352 4550 1404 4593 um
1421 4531 1525 4592 audeo
1540 4531 1644 4593 dicere
1659 4575 1667 4602 ‚
1690 4542 1725 4593 ut
1738 4530 1867 4612 quoties
1882 4531 1999 4595 volue-

1255 4609 1347 4684 „rit,
1376 4610 1454 4674 viris
1477 4612 1613 4674 mortuis
1637 4612 1735 4674 nubat
1764 4610 1908 4686 femina,
1939 4630 1999 4674 nee
2093 4637 2096 4642 ·
2175 4679 2179 4690 ,

1240 4705 1272 4762 ‘,‚
1282 4709 1323 4752 ex
1346 4704 1420 4753 meo
1443 4691 1540 4753 corde
1563 4707 1676 4773 praeter
1702 4689 1862 4773 scripturae
1886 4688 2000 4756 ranna

389 4704 588 4778 ·„quartua:
620 4692 672 4756 sed
692 4693 820 4764 mulier,
851 4690 979 4783 inquit,
1008 4691 1151 4773 adligata

866 4775 871 4785 '
1253 4809 1275 4844 „
1285 4769 1508 4834 austoritatem
1520 4782 1653 4854 quantas
1669 4771 1883 4851 libetnuptias
1895 4771 1999 4833 audeo

407 4774 496 4860 μβ,
519 4790 611 4856 quum
625 4773 681 4837 dia
696 4775 749 4834 vir
761 4772 824 4855 rjus
839 4783 917 4833 umet
927 4772 1056 4853 :fi-oero
1067 4777 1151 4835 mo'r-
1195 4787 1204 4795 ¹

408 4852 620 4935 „messuerit
637 4858 688 4916 uir
704 4852 785 4933 ojrrs,
807 4853 937 4914 liberata
953 4851 1008 4936 est,
1031 4852 1153 4914 caivnlt
1255 4894 1277 4925 „
1285 4852 1509 4914 condemnare.
1553 4851 1651 4927 Quod
1669 4864 1774 4913 autem
1794 4852 1868 4912 dico
1891 4850 2000 4913 univi-

410 4936 548 5014 „nabat5
570 4943 688 5004 tantam
707 4938 739 4994 in
756 4933 894 4995 domino:
917 4933 1033 4994 beatior
1051 4941 1151 4995 autem
1255 4949 1330 5006 „rae
1348 4933 1472 5002 viduae,
1495 4931 1560 4994 hoc
1575 4929 1649 4993 dico
1664 4929 1754 4992 omni
1776 4930 1902 5002 viouae,
1924 4931 2000 4993 bea·

411 5019 516 5094 „errft,
531 5014 560 5096 st
569 5013 614 5097 fic
633 5010 842 5097 pertransiret.
885 5010 971 5088 Quid
990 5012 1064 5074 huic
1083 5011 1153 5075 sen·
1254 5012 1350 5087 „tior
1362 5013 1440 5085 eris,
1465 5009 1490 5074 sr
1509 5008 1550 5072 fic
1565 5008 1779 5092 permanseris.
1790 5051 1810 5080 „
1832 5007 1934 5099 ‘Satis
1949 5010 2000 5071 lu-

407 5094 565 5174 „teutiae‚
586 5105 741 5177 quantum
762 5093 799 5154 nd
824 5092 906 5153 hanc
929 5112 994 5154 rem
1016 5094 1149 5166 attinet,
1253 5091 1415 5163 colenter,
1439 5089 1647 5162 utarbitror,
1680 5109 1723 5150 ex
1743 5087 1807 5148 hoc
1831 5084 1897 5166 apso
1920 5089 1997 5150 lo'eo

348 5169 351 5176 ’
407 5175 519 5259 „adda
534 5173 590 5243 vet
606 5173 730 5242 detrahi
745 5171 857 5258 poffit,
879 5172 1009 5256 ignoro.
1037 5173 1151 5239 Dein·
1179 5211 1183 5215 -
1211 5183 1360 5318 zpotet,
1404 5185 1676 5258 avortrrtvru
1711 5166 1840 5234 iteratas
1875 5170 2004 5251 nuptiae

947 5279 951 5288 ’
1258 5266 1281 5338 31
1542 5299 1546 5306 ·
1942 5268 2003 5315 nec
