4884 5984
565 513 653 639 45⁶⁸
1087 545 1239 620 tocvs
1261 544 1385 617 xnvt.
1432 544 1584 619 cnrvr
1610 547 1671 620 nt

563 741 709 814 Ovidius
725 741 760 813 in
775 737 937 816 Follislib.
952 745 1010 814 rt.
1045 735 1136 815 Tura
1155 737 1198 814 Θ
1209 748 1366 813 oromate
1389 734 1574 828 quiffimam
1606 734 1725 816 suissi,
1764 745 1969 830 &emptu
1989 734 2182 812 &binum

565 838 810 915 cremabuntur.
861 841 1072 913 Postmodum
1098 863 1228 911 anovo
1244 839 1365 910 marito
1389 839 1520 910 initium
1539 832 1679 909 sumsisse
1695 832 1819 910 ibidem
1830 839 1983 911 ostendit.
2034 829 2182 908 rterei·
2206 913 2210 920 ,

568 927 693 1025 spons:
718 953 753 1014 ει
773 940 843 1030 ejus
870 939 1050 1010 comitibus
1070 937 1211 1010 dabatur
1235 957 1366 1015 coeno,
1389 960 1431 1007 ve
1455 932 1723 1030 conformatione
1752 937 2000 1007 matrimonium
2028 929 2205 1016 coniicit·¹

569 1059 643 1123 que
666 1036 844 1109 vocabatur
861 1034 1029 1131 nuptialis
1047 1033 1113 1107 stve
1130 1032 1304 1131 genialis,
1330 1037 1364 1104 in
1388 1034 1505 1116 batur,
1531 1032 1554 1105 si
1577 1037 1695 1106 eodem
1717 1031 1806 1105 farre
1830 1041 1990 1128 conjuges
2012 1028 2181 1106 vescerer·

570 1156 669 1220 quam
688 1137 789 1222 paulo
810 1146 950 1222 majores
976 1130 1100 1205 sumtus
1122 1158 1222 1220 qunm
1246 1133 1281 1202 in
1301 1130 1365 1202 alia
1388 1151 1462 1209 tur,
1485 1155 1551 1221 quo
1563 1134 1663 1204 etiam
1675 1132 1822 1205 vidimus
1833 1127 2084 1224 respergebent.
2103 1125 2181 1204 Fut·

571 1235 723 1305 convivia
746 1231 872 1312 fucere,
898 1231 1028 1322 legibus
1047 1228 1239 1321 permissum
1263 1250 1364 1313 erat,
1389 1251 1423 1300 re
1445 1223 1570 1320 [inquit
1586 1228 1770 1331 Ulpianus]
1790 1231 1984 1303 convenitur
2000 1229 2037 1302 in
2050 1251 2181 1302 monum

571 1329 848 1404 adclamabatur:
900 1323 1090 1401 dilici'ter!
1131 1330 1305 1400 Suetonius
1331 1328 1366 1396 in
1389 1328 1488 1401 certis
1506 1323 1615 1401 verbis
1633 1322 1674 1399 89
1687 1327 1820 1425 testibus
1838 1327 1945 1401 decem
1965 1323 2181 1426 prasentibm

571 1433 765 1502 Domitiano
784 1455 812 1501 e.
832 1426 923 1499 Xlll.
951 1426 1166 1500 invocabatur
1189 1419 1298 1496 lltolo
1323 1447 1365 1508 to,
1394 1420 1435 1497 si
1448 1421 1584 1521 solenni
1595 1422 1773 1524 sacrificio
1797 1419 1877 1517 [per
1898 1424 2090 1516 pontifices]
2114 1447 2181 1524 prr·

571 1524 813 1619 spergebantur
834 1549 947 1609 truces,
973 1524 1208 1597 accinebantur
1233 1517 1280 1594 Fe
1296 1546 1368 1594 cen-
1390 1522 1486 1612 otio,
1508 1526 1543 1597 in
1561 1547 1623 1620 quo
1644 1528 1743 1620 ponis
1761 1548 1884 1621 quoque
1900 1524 2035 1621 ferreus
2050 1521 2181 1600 uditibe·

571 1625 664 1704 nini,
691 1651 827 1699 acnuva
846 1647 949 1714 nupta
963 1626 1111 1713 primum
1127 1623 1161 1691 in
1180 1619 1295 1696 leiium
1309 1644 1367 1718 ge·
1389 1634 1455 1696 tur.
1506 1625 1665 1697 Co'emtio
1691 1628 1788 1696 certis
1812 1623 2061 1696 solennitatibus
2089 1647 2181 1716 pun·

570 1722 714 1809 nialem,
747 1751 765 1796 a
786 1725 982 1816 generandis
1008 1720 1121 1791 liberis
1148 1719 1190 1790 stc
1213 1723 1363 1799 diuum,
1390 1721 1532 1813 gebatur
1545 1731 1579 1795 δι
1595 1717 1660 1792 sese
1674 1724 1708 1792 in
1722 1725 1906 1794 cuiimendo
1926 1725 2072 1796 invicem
2085 1724 2183 1798 inter·
2213 1727 2215 1732 ’

571 1831 606 1895 δι
623 1821 926 1903 rofiaconteoum,
953 1819 1064 1908 postea
1089 1819 1188 1886 etiam
1212 1843 1231 1887 a
1256 1816 1366 1888 soetni·
1390 1819 1561 1908 rogabant.
1614 1823 1675 1889 Vir
1690 1822 1752 1891 ita:
1779 1841 1824 1892 on
1835 1819 1905 1918 fibi
1920 1819 2181 1915 materfamilias
2213 1883 2216 1898 .

570 1919 620 1989 nis
637 1921 799 2008 pronubis
820 1923 854 1989 in
874 1917 994 1990 mariti
1017 1912 1155 1998 teonis,
1180 1915 1366 1987 collocaba-
1389 1915 1447 2014 effi
1463 1912 1584 1990 uellet?
1613 1915 1668 1988 illa
1689 1914 1929 2006 respondebatt
1957 1919 2072 1993 uelle!
2105 1927 2182 2012 item
2213 1933 2216 1956 ¹

572 2035 645 2095 tur,
661 2014 788 2105 vesperi
803 2018 1017 2089 adcinebntur
1032 2010 1287 2109 epithalamium
1302 2039 1366 2088 nu·
1391 2014 1509 2087 tnnlier
1530 2015 1775 2104 interrogabat:
1799 2013 1861 2090 An
1880 2019 1936 2090 vir
1951 2017 2014 2114 fibi
2033 2017 2183 2116 paterfa-

506 2145 511 2154 ·
570 2121 852 2204 conoturiensis,
899 2137 995 2185 mane
1041 2134 1120 2184 vero
1160 2101 1367 2210 διεγερτικοὶ
1391 2112 1506 2187 milior
1528 2110 1587 2211 effe
1607 2110 1731 2186 uellet?
1756 2115 1812 2189 ille
1832 2112 2182 2206 respondebottuedr!

571 2213 729 2284 Postridie
745 2216 936 2301 nuptiarum
956 2211 1043 2298 apud
1067 2232 1191 2276 novum
1210 2213 1365 2282 maritum
1390 2216 1499 2301 itaque
1514 2211 1634 2284 mulier
1649 2215 1681 2282 in
1705 2214 1767 2283 viri
1782 2214 2005 2289 conveniebat
2020 2239 2166 2292 manum.

572 2304 934 2392 rursumctrnabatur,
959 2320 994 2382 dt
1018 2303 1367 2400 quastredintegrare·
1460 2320 1488 2403 ς.
1526 2314 1758 2384 ΕΕΕΕῌΙΙΙ,
1790 2317 1927 2385 pater.
1969 2383 1973 2388 Ι

572 2427 628 2477 tur
642 2410 881 2495 potatio,eum
895 2411 984 2477 diem
997 2402 1127 2498 repotia
1143 2402 1365 2490 adpellabant.
1390 2407 1489 2478 millts
1526 2411 1625 2479 variis
1658 2407 1776 2478 borum
1803 2413 1929 2483 rituum
1978 2484 2050 2526 rum
2077 2463 2100 2543 fi
2122 2465 2150 2524 m.

572 2507 679 2576 Novae
698 2526 807 2592 nuptu
823 2496 1217 2587 muneraaparentibns‚
1243 2525 1366 2591 cogna·
1382 2505 1716 2605 figneflcneionibum
1765 2532 1844 2597 quas
1876 2506 1929 2581 vel
2013 2479 2151 2607 mma&

574 2603 614 2673 tis
635 2606 881 2695 &propinquis
904 2598 1142 2680 mittebantur,
1168 2595 1293 2668 solenni
1313 2603 1365 2670 iti·
1392 2628 1517 2676 veteres
1541 2608 1762 2684 adnotarunt,
1793 2605 1845 2677 vel
1873 2630 1926 2680 re·
2143 2609 2146 2616 '
2173 2627 2175 2632 '

573 2703 650 2772 dem
667 2703 743 2772 ritu.
796 2697 1004 2774 precedebat
1016 2699 1103 2768 enim
1122 2719 1206 2784 puer
1220 2697 1366 2769 cotrdido
1390 2725 1551 2773 centtores
1567 2697 1741 2790 scriptores
1760 2708 2012 2796 excogitarunt,
2034 2727 2090 2778 ers
2103 2705 2176 2778 dan-

573 2807 656 2891 togo
668 2797 783 2891 focem
808 2801 939 2898 gestum
961 2795 1153 2876 ardentem,
1185 2818 1286 2881 quent
1315 2791 1364 2867 se·
1390 2823 1476 2872 taxat
1498 2795 1757 2884 recensebimus,
1785 2827 1856 2888 que
1878 2802 2038 2875 moralem
2058 2827 2098 2876 ac
2114 2819 2174 2876 mo·

572 2893 736 2984 quebutur
750 2899 848 2989 longa
866 2893 960 2968 series
973 2896 1220 2980 adportantium
1235 2918 1363 2980 aurum,
1389 2895 1615 2972 trintonioleen
1645 2903 1819 2986 qnamdam
1844 2899 2106 2974 admonitionem
2128 2922 2174 2974 et·

573 2992 712 3083 pelves,
731 2990 926 3085 smegmata,
951 2990 1097 3066 lecticas,
1129 2992 1295 3076 pectines,
1316 2992 1363 3063 le·
1390 2997 1514 3068 bibent.
1582 2992 1751 3091 Auspicio
1783 2992 1823 3069 &
1848 2996 2030 3096 sacrificiu
2062 2993 2172 3090 nuptiis

574 3094 643 3162 sios
656 3141 667 3174 ,
705 3091 902 3171 alabastros,
935 3086 1099 3164 sandalia,
1133 3083 1272 3168 scrinia.
1303 3117 1364 3161 un·
1389 3094 1702 3182 interponebantur,
1729 3116 1765 3164 ut
1788 3093 2045 3186 significaretur,
2069 3102 2171 3186 conju·

573 3191 768 3279 gnentaria,
794 3193 960 3261 interdum
987 3195 1022 3259 δι
1049 3187 1160 3254 dotem
1182 3182 1298 3276 ipsam.
1323 3195 1362 3260 Ε·
1389 3195 1482 3282 gium
1498 3187 1562 3262 elle
1579 3217 1649 3263 rem
1666 3187 1806 3272 metunt,
1833 3220 1871 3267 ae
1887 3197 2030 3284 proinde
2052 3219 2117 3280 nort
2132 3191 2184 3282 ui·¹

574 3282 697 3356 rastnus
715 3292 747 3358 in
765 3286 841 3359 cltil.
866 3294 922 3357 lV.
942 3307 1028 3360 cent.
1056 3283 1094 3351 ll.
1121 3283 1278 3368 proverb.
1309 3297 1365 3365 81.
1392 3290 1412 3360 st
1430 3296 1581 3360 invocato
1596 3291 1661 3360 Dei
1676 3288 1798 3361 anxilio
1816 3295 2010 3373 ineundum,
2024 3299 2111 3366 unde
2129 3307 2170 3360 tot
2194 3283 2215 3320 '·'

573 3386 672 3455 Nova
685 3394 827 3471 conJunx
840 3386 1028 3456 libertatem
1045 3376 1365 3466 auspicatauxoriam
1390 3392 1524 3458 numina
1545 3391 1667 3474 nuptiis
1691 3386 1934 3475 praeficiebant,
1959 3390 2074 3464 Iouem
2089 3384 2170 3462 odel·
2190 3455 2194 3464 .

572 3481 607 3550 in
623 3486 722 3551 domu
745 3487 854 3552 mariti
875 3508 945 3553 rem
961 3480 1105 3550 divinam
1120 3474 1269 3552 faciebat.
1294 3488 1366 3552 Ma·
1390 3498 1472 3568 tum,
1484 3479 1799 3578 deterstlugotinnm,
1812 3484 2051 3580 Domiducum,
2065 3484 2170 3561 Doni«
2212 3519 2215 3540 ¹

573 3578 705 3648 crobius
733 3579 790 3648 lib.
818 3584 843 3651 l.
865 3586 991 3649 Saturn.
1018 3600 1090 3662 cap.
1110 3582 1184 3651 XV.
1238 3583 1291 3649 De
1318 3581 1366 3650 his
1391 3586 1485 3669 tium,
1501 3583 1654 3656 lunonem
1665 3583 1864 3678 pronubum,
1882 3583 2169 3665 Unxiomocsiu·

574 3697 672 3760 atque
695 3674 765 3744 aliis
787 3682 1015 3747 Rornanorum
1046 3673 1163 3744 ritibus
1191 3680 1248 3764 qui
1271 3679 1366 3764 plura
1391 3685 1499 3767 xiorn,
1510 3681 1746 3765 llsnntnrnom,
1761 3682 1931 3774 Venerem,
1943 3685 2124 3762 Suadelum
2138 3703 2169 3758 ot

574 3767 1368 3858 seiredeliderat,attttoresmodocitatus,cuna·
1394 3779 1547 3854 Diouem
1572 3779 1830 3871 fiueLuciuom.
1889 3794 1925 3858 ln
1945 3786 2053 3875 ipsum
2074 3783 2170 3880 genie·
2206 3809 2215 3822 ·

573 3871 690 3957 primis
707 3870 919 3940 Plutarchum
936 3883 969 3943 de
987 3878 1016 3942 S.
1030 3874 1222 3959 Pompejum
1241 3877 1367 3946 Festum
1392 3879 1422 3951 le
1442 3871 1632 3952 cubiculum
1654 3879 1882 3952 inserebantur
1910 3882 2082 3959 simulacra
2106 3887 2169 3956 der-

573 3971 689 4050 adett,
729 3992 767 4038 ac
795 3968 879 4038 sitim
901 3974 1059 4040 Romrnae
1087 3972 1368 4056 antiquitatis-co·
1390 4004 1491 4062 rum,
1526 3978 1593 4050 deae
1630 3977 1866 4072 Virginrufir,
1894 3978 2067 4064 Premiae,
2101 3977 2170 4056 Per·

573 4060 766 4155 gnoscendae
786 4073 883 4137 etiam
912 4063 1126 4137 avidiffinnm
1148 4072 1279 4140 abunde
1311 4096 1365 4141 ex·
1391 4077 1519 4156 tundat,
1550 4077 1604 4149 dei
1621 4074 1765 4172 suijugi
1790 4071 1857 4152 &a
1906 4105 1942 4152 ut
1971 4083 2170 4155 memorat&
2204 4103 2214 4114 ·

573 4162 667 4250 plere
696 4167 828 4248 poterit.
897 4167 1078 4238 Raevatdus
1111 4165 1262 4334 iuriscon
1278 4169 1364 4241 ultus
1389 4178 1505 4244 irridet
1531 4179 1731 4265 lingnllinns
1758 4176 1832 4250 libr.
1855 4185 1912 4249 Vl.
1941 4182 1983 4252 de
2005 4184 2095 4270 civit.
2117 4169 2168 4252 Dtl
2204 4222 2215 4235 -

573 4257 649 4329 libr.
669 4257 732 4328 lV.
756 4264 924 4332 variorum
948 4287 1019 4349 cap.
1039 4260 1107 4330 XV
1128 4317 1137 4336 .
1155 4290 1290 4338 uxorem
1310 4266 1364 4363 ju·
1389 4299 1418 4344 c.
1446 4281 1501 4344 lX.
1527 4285 1559 4345 r<
1583 4275 1640 4343 lib.
1660 4280 1732 4347 Vll.
1750 4302 1821 4365 cap.
1840 4284 1964 4351 XXIV.
2013 4282 2098 4352 Vide
2117 4282 2168 4349 lu·

573 4359 654 4428 ilum
674 4355 778 4427 tribus
800 4363 908 4465 modis
919 4362 952 4429 in
968 4383 1101 4431 uranum
1121 4365 1183 4433 viri
1207 4369 1364 4437 conveni.
1388 4374 1543 4442 donicum
1569 4374 1688 4443 Vitem
1710 4375 1742 4442 in
1764 4400 1885 4447 comm.
1907 4375 1962 4448 lib.
1983 4381 2041 4448 lV.
2070 4384 2169 4468 Augu
2204 4369 2214 4376 ¹

574 4479 610 4524 re
630 4452 827 4527 consuevisse
846 4459 988 4562 adierit:
1027 4454 1109 4550 usu,
1143 4461 1268 4553 forre,
1305 4476 1365 4536 out
1390 4469 1661 4556 llinicap.XXl.
1713 4467 2083 4547 lnfalsornmdeorum
2100 4467 2170 4546 mul·

574 4554 760 4624 coi'nttr'one.
818 4560 889 4626 Utu
912 4556 1156 4629 matrimonium
1183 4561 1254 4633 fieri
1276 4567 1363 4634 dice·
1390 4570 1527 4637 titudine
1565 4571 1802 4640 introducenda
1841 4569 2016 4645 soediffime
2054 4565 2171 4645 aberro·
2209 4571 2214 4582 ’

574 4650 690 4735 batur,
716 4677 790 4722 cum
808 4654 971 4724 tutoribus
989 4657 1176 4728 tutioribus
1193 4660 1312 4732 mulier
1329 4666 1363 4733 in
1389 4667 1487 4742 bant,·
1527 4669 1659 4737 interim
1684 4670 1715 4734 in
1743 4670 1919 4755 anticipata
1945 4670 1999 4741 illa
2028 4661 2171 4750 notione,

574 4752 821 4853 mfltflsswsslllm
846 4752 1087 4833 conveniebat,
1119 4770 1154 4830 bc
1184 4783 1260 4828 eum
1291 4763 1363 4830 viro
1388 4768 1476 4849 quod
1504 4765 1536 4831 in
1567 4766 1724 4854 conjugio
1750 4767 1976 4838 contrahendo
2001 4773 2172 4862 Deiopea

571 4847 616 4915 ita
642 4843 896 4958 consuescebat,
934 4872 970 4919 ut
998 4875 1074 4922 cum
1103 4859 1189 4941 jullo
1217 4862 1362 4938 marito,
1388 4859 1565 4948 implorare
1583 4886 1751 4950 oporteat.
1776 4870 1955 4936 averitatis
1971 4873 2105 4945 tramite
2121 4869 2173 4946 mi·

572 4945 654 5015 odeo
673 4971 707 5014 ut
726 4955 746 5015 lt
768 4948 839 5016 usus
857 4949 911 5019 ille
933 4950 1017 5018 intra
1036 4977 1157 5024 annum
1173 4979 1237 5022 non
1259 4958 1363 5027 inter·
1388 4964 1476 5030 nime
1503 4964 1651 5030 omnium
1685 4958 1904 5037 discedebant.
1964 4967 2175 5042 ornabantur
2204 5027 2206 5032 .

570 5065 803 5155 rumperetur,
821 5067 882 5157 pro
897 5045 955 5159 ulit
971 5057 1072 5140 copta
1087 5059 1153 5137 jam
1172 5050 1361 5140 haberetur,
1388 5083 1480 5128 nove
1513 5083 1623 5146 nuptae
1651 5061 1744 5129 cnuir
1769 5059 1884 5154 senum
1911 5063 2062 5138 crinibus
2078 5125 2087 5153 ,
2126 5067 2177 5158 qui
2196 5095 2214 5118 ··

570 5163 670 5232 quum
695 5143 838 5236 legimur
861 5150 1062 5219 matrimonii
1083 5153 1252 5229 rationem
1278 5158 1364 5228 auti·
1389 5178 1459 5233 erut
1478 5161 1645 5251 virginum
1663 5159 1839 5234 Vestalium
1862 5186 2016 5247 ornatus,
2043 5189 2179 5257 quarum

2096 5269 2183 5340 qm.

1979 2382 2110 2448 Rituutn
2123 2383 2180 2444 ille·
