4884 5984
421 573 429 580 ο
538 481 608 580 17,
739 457 888 536 rocus
910 456 1040 533 xxva
1069 456 1168 535 car.
1191 454 1255 530 vr
1283 455 1412 536 saer.
1436 457 1496 530 tn.
1521 453 1632 530 aar.
1657 456 1703 531 u.
1729 449 1892 534 nanta
1918 456 1973 549 n„

524 660 623 739 Uerus,
648 637 984 738 iieetspeciaſsessoret
998 685 1011 722 ,
1025 640 1108 735 suos
1117 656 1277 735 premeret
1292 643 1340 714 di·
1374 650 1427 710 tae
1446 637 1612 738 insidiatur
1626 636 1771 728 suerit,
1799 638 1850 709 uei
1873 637 2019 734 insidiari
2046 631 2179 704 vosenht

531 740 632 836 gitos.
680 739 888 811 Plutarchus
905 741 940 811 in
954 740 1070 810 lEmil.
1079 739 1172 814 Vide
1184 741 1340 814 Alexan·
1364 737 1470 833 sciens
1488 762 1552 808 non
1570 739 1759 808 indicauerit
1779 786 1790 822 ,
1815 760 1869 806 ner
1891 733 1996 826 ascisci
2006 732 2184 828 sende·-

536 834 695 908 drumab
707 837 811 908 Alex.
827 837 888 909 lib.
904 837 964 907 IV.
974 859 1057 929 gen.
1068 840 1155 944 dierp
1167 860 1242 931 cap.
1260 848 1340 919 8.&
1374 834 1646 936 legeestutteerit,
1684 837 1755 930 ιι.)
1771 835 1807 934 ſs
1832 833 2013 905 uerberibus
2044 834 2076 900 in
2102 851 2180 898 enne

535 933 790 1029 Tiraquellum
811 936 849 1005 in
869 956 942 1005 not.
959 933 1045 1005 ibid.
1061 933 1215 1008 Coelium
1232 939 1339 1011 Rodi·
1376 931 1519 1034 indignis
1536 957 1670 1005 ueneni
1688 935 1850 1026 adfecerit.
1902 928 2064 1022 Justinus
2123 949 2176 996 ov.

536 1033 666 1130 ginum
682 1031 744 1102 lib.
761 1031 840 1104 XV.
862 1031 942 1106 lesi.
965 1033 1076 1127 antiq.
1098 1055 1173 1127 cap.
1197 1041 1252 1112 16.
1272 1036 1339 1107 Ar·
1380 1054 1461 1126 117.
1511 1031 1557 1105 Ut
1570 1033 1674 1104 liceat
1690 1033 1818 1118 matri,
1833 1037 1897 1102 &o
1912 1028 2012 1100 addit
2025 1029 2089 1098 has
2103 1045 2177 1095 cau·

536 1128 684 1201 nisaeum
706 1129 748 1199 de
768 1134 847 1215 jure
867 1129 1021 1202 connub.
1047 1151 1122 1225 cap.
1147 1137 1181 1204 6.
1203 1130 1283 1205 sesi.
1306 1155 1339 1217 3.
1376 1129 1452 1203 sas:
1484 1132 1555 1222 12.)
1576 1131 1604 1228 fi
1622 1131 1734 1200 uxoris
1757 1129 1894 1217 eastitati
1917 1126 2091 1226 insidiatus
2110 1122 2176 1192 aliis

535 1227 599 1300 ubi
620 1228 726 1322 plura
736 1229 944 1316 hujusmodi
967 1231 1131 1322 exempla
1147 1231 1340 1303 adducunt.
1376 1233 1516 1301 eandem
1544 1227 1791 1299 adulterandam
1820 1231 1950 1298 tradere
1985 1223 2174 1298 tentaverit·

533 1325 735 1398 Urebantur
750 1346 871 1406 autem
889 1329 927 1396 in
942 1327 1106 1397 divortiis
1121 1327 1187 1397 hac
1204 1327 1341 1400 formu
1381 1328 1452 1419 13.)
1454 1328 1491 1425 ſs
1501 1327 1651 1397 adulterii
1662 1329 1856 1397 intentatam
1868 1322 2027 1396 antonem
2040 1342 2176 1413 nonpre·

534 1426 593 1498 la:
624 1424 717 1493 Tuas
735 1448 785 1494 res
811 1427 868 1496 tibi
890 1428 1010 1520 agito,
1036 1434 1111 1494 raas
1133 1418 1186 1495 rer
1206 1427 1264 1496 tibi
1283 1419 1342 1496 ha'·
1376 1427 1510 1497 secuerit.
1562 1426 1651 1497 Viro
1675 1425 1824 1496 vicissim
1840 1422 2005 1496 tribuunt
2024 1421 2087 1492 has
2105 1439 2173 1488 cau·

535 1524 628 1603 beto;
655 1520 772 1593 sedin
801 1519 1016 1615 sponsalibus
1042 1517 1267 1594 dissolvendis
1292 1524 1343 1595 di·
1378 1521 1429 1593 sas
1445 1526 1571 1595 uxoris
1595 1523 1847 1618 repudiandae:
1880 1521 1931 1612 ι.)
1951 1519 2172 1590 Adulterium.
2216 1598 2217 1603 ,

538 1641 617 1692 cere
645 1617 825 1691 solebant:
862 1621 1051 1694 Conditione
1079 1631 1139 1689 tua
1165 1645 1232 1691 non
1255 1634 1342 1696 ntor.
1378 1622 1429 1714 2.)
1455 1621 1659 1714 ueneficium,
1697 1613 1746 1713 31)
1772 1621 2006 1710 honriridiunr.
2040 1616 2092 1709 4)
2114 1613 2175 1706 pla
2216 1631 2217 1636 ’

536 1717 616 1792 Nec
633 1718 929 1815 apermutatione
943 1739 1102 1789 uxorum
1125 1723 1159 1792 dc
1178 1721 1344 1813 repudia·
1376 1722 1495 1815 giam,
1527 1721 1574 1816 5.)
1593 1717 1816 1814 sepulcrorum
1834 1717 1981 1801 violatia,
2009 1715 2065 1806 6.)
2078 1711 2175 1807 sacri·
2216 1786 2218 1800 ‚

538 1836 658 1890 tarum
672 1818 716 1888 ad
731 1815 763 1887 se
777 1817 978 1910 receptione
991 1813 1239 1888 abhorrebant.
1256 1813 1342 1888 coet.
1378 1819 1516 1915 legium,
1540 1819 1592 1910 7.)
1615 1817 1818 1910 sslatronan
1820 1817 1982 1911 fautrix,
2010 1813 2063 1904 8.)
2073 1812 2174 1911 finire
2216 1820 2217 1829 ’

537 1916 779 2013 Rhodiginius
794 1915 827 1984 d.
843 1912 905 1983 lib.
925 1936 955 1984 c.
977 1932 1032 2005 17.
1065 1913 1106 1984 Ire
1121 1915 1344 1986 Rornanorum
1378 1917 1551 2013 ignorante
1572 1917 1623 1987 vel
1645 1914 1767 1985 nolente
1789 1915 1934 1984 conuiuia
1956 1922 2175 1982 extranearum

537 2017 680 2086 moribus
705 2014 784 2083 iilud
807 2010 1004 2104 perabsurde
1022 2010 1198 2102 seruatum
1219 2035 1345 2112 quoque
1378 2017 1568 2107 adpetierit,
1592 2013 1646 2107 9.)
1665 2013 1740 2109 fieo
1756 2015 1928 2110 ignorante
1930 2010 2005 2109 fine
2018 2005 2100 2103 iusta
2112 2029 2173 2077 rae·

538 2117 716 2203 novimus,
743 2114 828 2208 quod
848 2133 920 2179 enm
947 2110 1119 2180 liberorum
1139 2109 1227 2202 fiatis
1239 2110 1345 2206 susce
1369 2110 1416 2204 sa
1426 2112 1518 2208 soris
1528 2110 1757 2205 perneiiarit,
1784 2108 1905 2207 10.)‚ſs
1921 2121 2020 2180 extra
2042 2108 2106 2176 viri
2126 2129 2175 2176 vo·

532 2206 615 2305 piffe
634 2213 843 2284 viderentur,
870 2208 1034 2294 alterius,
1056 2209 1111 2303 qui
1117 2206 1204 2301 filiis
1226 2210 1346 2308 indige·
1378 2208 1536 2281 luntatenr
1549 2210 1631 2288 sudis
1640 2207 1876 2303 &spesiaeulir
1888 2206 2087 2301 inhaeserit,
2113 2202 2175 2294 ιι.)

539 2319 591 2382 rer
604 2356 618 2396 ,
631 2306 835 2403 frtaſsoniiur
857 2330 984 2390 uxore,
1004 2308 1096 2406 eujus
1115 2309 1272 2378 dedendae
1294 2332 1343 2378 re·
1367 2307 1507 2407 fluitat
1531 2309 1646 2378 mariti
1670 2307 1819 2406 infidiata
1832 2307 1898 2400 fit.
1921 2319 1982 2376 ant
2005 2307 2040 2373 in
2065 2305 2182 2395 dientes·

540 2409 761 2502 tipiendaeque
783 2405 840 2502 jur
866 2403 1021 2488 haberet,
1044 2406 1203 2476 cedebant.
1257 2404 1342 2481 Cato
1369 2405 1766 2500 sciturnonindicaverit,
1797 2405 2018 2498 12.)fiaalner
2035 2427 2073 2472 us
2088 2404 2178 2493 impr·

539 2525 695 2576 uxorem
714 2501 915 2588 Martiam,
942 2523 988 2571 ex
1007 2522 1080 2594 qua
1096 2498 1189 2574 filios
1209 2525 1345 2598 genue-
1377 2508 1464 2574 ritem
1474 2505 1594 2590 molita,
1613 2505 1683 2596 13·)
1695 2504 1921 2598 crimenfalfi,
1948 2502 2022 2595 14.)
2029 2501 2178 2600 finanus

541 2620 609 2689 rat,
625 2622 778 2695 eamque
786 2599 989 2696 gravidam,
1005 2595 1065 2670 sub
1081 2596 1243 2674 arslioris
1257 2603 1345 2672 ami-
1377 2605 1593 2675 audaeerniro
1603 2605 1730 2690 inierit,
1749 2602 1819 2694 15.)
1832 2597 2179 2697 fiahartnrnspontese·

543 2701 633 2772 citiae
651 2715 825 2794 ptaetextu
833 2693 1019 2768 Hortensio
1030 2695 1202 2782 concessit,
1217 2706 1347 2771 &cum
1378 2699 1485 2778 terit.
1518 2702 1588 2794 16.)
1603 2698 1638 2797 st
1661 2724 1731 2769 curn
1745 2703 1825 2770 viris
1847 2700 2024 2793 voluptatis
2038 2695 2179 2794 erenstein

540 2798 600 2870 hic
628 2796 790 2868 moriens
824 2794 925 2868 illam
948 2795 1117 2866 heredem
1142 2791 1345 2890 scripsisset,
1380 2799 1527 2878 lavetur,
1556 2800 1626 2891 17.)
1642 2799 1678 2896 st
1693 2791 2178 2882 vinemaritoeanraliisdesair

542 2897 660 2968 denuo
678 2894 842 2964 eamdem
858 2888 948 2962 adse
965 2893 1108 2984 recepit.
1136 2893 1346 2966 Plutarchus
1381 2899 1506 2990 nuptiis
1535 2897 1573 2986 fit
1597 2898 1712 2964 locuta.
1761 2900 1831 2965 Leo
1870 2896 2005 2967 novell.
2035 2914 2094 2977 30.
2128 2911 2178 2975 31.

414 2994 416 2998 ’
542 2995 580 3063 in
599 2991 675 3063 Cat.
694 2992 783 3059 min.
800 3010 910 3082 quent
925 2991 992 3058 hoc
1018 2990 1164 3059 nomine
1188 2992 1347 3084 graviter
1381 2996 1558 3088 quasdam
1573 2992 1660 3066 alias
1678 2991 1796 3065 causas
1806 2995 1923 3080 addit,
1936 2993 2107 3064 videlicet
2119 3013 2179 3060 ne·

542 3086 758 3162 infestantur
788 3083 1032 3178 Hieronymus
1059 3085 1122 3157 lib.
1148 3085 1192 3156 Il.
1224 3107 1348 3158 contra
1379 3095 1438 3161 riti
1454 3093 1744 3188 prodigalitatem,
1769 3092 1931 3188 religionis
1951 3090 2179 3188 dinerfitaten,

542 3181 894 3279 J⁰Viss·AUgUstissUS
904 3182 946 3253 de
957 3182 1040 3254 b0ss·
1052 3187 1196 3281 ⁶⁰ssiug·
1206 3193 1345 3278 cap-18·
1380 3189 1469 3288 &fi
1482 3214 1563 3286 quae
1572 3185 1726 3283 pramiffa
1735 3187 1840 3279 sient,
1866 3213 1931 3260 non
1943 3189 2121 3281 finirentur
2141 3195 2178 3256 et·

1381 3293 1447 3357 iarn
1462 3291 1499 3358 ob
1526 3290 1678 3379 inopiam.
1732 3286 1873 3358 Confer.
1896 3288 2030 3356 novell.
2050 3302 2109 3358 22.
2124 3282 2177 3372 Ju-

543 3378 594 3448 1V·
607 3384 626 3477 i,
644 3380 691 3478 E?
704 3384 766 3442 im
891 3375 1086 3463 §·DXCIX·
1113 3377 1176 3471 IV)
1191 3374 1346 3449 Effusam
1381 3385 1521 3457 stiniani
1542 3408 1617 3476 cap.
1649 3407 1703 3475 15.
1726 3386 1789 3456 ubi
1816 3387 1951 3456 coedent
1977 3384 2053 3453 sere
2079 3379 2176 3453 causat

603 3462 686 3526 Μ’·
818 3478 917 3547 illam
955 3478 1194 3548 divortIOrum
1239 3476 1346 3545 licen·
1383 3485 1617 3577 repudiorunt
1653 3502 1919 3553 enumerantur.
1974 3480 2069 3551 Cum
2100 3497 2176 3549 tero

814 3578 901 3645 tiam
922 3593 964 3645 ut
982 3573 1142 3668 christiani
1167 3579 1343 3667 tmperara.
1383 3579 1581 3652 constitutio
1608 3583 1666 3651 illa
1684 3578 1872 3649 Theodosii
1891 3589 1923 3651 te
1943 3573 2177 3650 Valentiniani

546 3700 596 3745 rer
625 3692 855 3757 coercerent,
882 3692 994 3742 certas
1023 3673 1199 3765 quasdam
1226 3668 1346 3741 causas
1383 3701 1456 3748 non
1472 3677 1584 3748 solunt
1601 3673 1845 3758 intercidisset,
1863 3675 1918 3746 sed
1937 3679 2047 3747 etiarn
2067 3674 2110 3746 ab
2120 3675 2176 3743 in·

546 3773 625 3843 latis
657 3773 691 3837 in
725 3774 815 3842 hanc
845 3790 922 3862 retu
947 3770 1188 3862 peculiaribus
1205 3767 1348 3864 legibus
1385 3795 1546 3869 peratore
1568 3773 1743 3844 Anallasto
1761 3774 1932 3865 abrogata
1946 3769 2074 3844 suisset.
2099 3772 2125 3841 l.
2146 3767 2176 3838 Si

547 3863 787 3962 expresserunt
817 3918 828 3953 ,
878 3885 999 3958 ropter
1032 3888 1120 3960 quas
1151 3867 1351 3938 divortium
1383 3870 1571 3943 constante.
1592 3894 1627 3960 9.
1652 3874 1803 3942 codem:
1833 3875 1871 3942 Si
1891 3869 2053 3968 constante
2075 3867 2176 3939 natr'n

547 3966 625 4038 lieri
651 3966 687 4039 stt
709 3892 928 4061 permilliim.
977 3963 1258 4037 Theodosius&
1278 3964 1348 4033 Va·
1383 3973 1487 4042 monio
1505 3972 1663 4039 ronenreeni
1681 3967 2103 4065 confinsutaneviriquanr
2117 3986 2177 4036 ntr-

545 4065 762 4166 lentinianus
786 4064 812 4133 l.
849 4058 1023 4133 Consensu
1057 4072 1089 4142 8.
1115 4059 1154 4132 C.
1178 4064 1220 4134 de
1246 4083 1349 4155 repu·
1383 4065 1870 4168 lierisrepudiunrsitnriffnnr,
1897 4093 1959 4164 qno
1982 4060 2177 4156 nullarasst

546 4166 626 4234 diis·
638 4169 678 4229 ·&
692 4159 718 4227 ¹·
740 4159 921 4230 lubemuss·
934 4141 1030 4240 bod.
1058 4180 1269 4232 enumerant
1286 4162 1349 4228 has
1385 4170 1593 4246 continetur,
1617 4191 1699 4261 quae
1719 4165 1957 4258 eonsultiffimae
1972 4160 2179 4251 tonstiiutioni

546 4256 691 4342 causas,
717 4277 863 4350 propter
891 4278 980 4348 quas
1001 4280 1094 4328 uxor
1109 4257 1232 4328 virum
1253 4255 1352 4352 poffit
1385 4268 1482 4335 divae
1508 4269 1678 4335 memoriae
1711 4264 1869 4360 Theodosii
1890 4263 1938 4338 ἔθ’
1962 4260 2181 4336 Valentiniani

546 4355 764 4448 repudiare:
809 4355 857 4445 ι.)
881 4355 1121 4440 Adulterium,
1153 4356 1203 4447 2.)
1224 4353 1350 4424 homiti·
1386 4361 1584 4455 insertaest,
1608 4362 2182 4459 licebitnnlierinonquinquennium
2216 4373 2217 4428 l

545 4456 665 4530 dium,
693 4453 743 4545 2.)
773 4451 953 4545 ventfiuum
966 4501 980 4529 i
1011 4455 1063 4547 4.)
1093 4452 1211 4521 molisio
1234 4466 1351 4523 contra
1385 4459 1579 4554 exspeiiore,
1597 4461 1658 4550 sed
1673 4459 1745 4554 post
1761 4484 1883 4530 annum
1899 4463 2113 4556 adfectandas
2131 4480 2183 4529 nu·

545 4556 715 4645 inperium
739 4576 802 4620 eron
822 4553 989 4627 indicata,
1021 4555 1067 4644 5.)
1080 4553 1116 4651 fi
1136 4549 1353 4648 rriminrfolſs
1381 4563 1474 4652 ptiar
1494 4559 1671 4632 convolare.
1717 4556 2182 4647 Juliinianusnovell..117·
2215 4581 2217 4588 ·

546 4658 747 4725 damnatus,
776 4652 826 4742 6.)
839 4649 1063 4742 sepulcrorum
1083 4647 1266 4744 dissolutio,
1298 4649 1350 4742 7.)
1388 4658 1541 4728 divortia
1572 4678 1617 4726 ex
1639 4677 1764 4730 mutuo
1794 4655 1961 4728 consensu
1975 4660 2121 4749 penitus
2139 4653 2156 4726 s
2172 4694 2183 4709 ·

537 4751 783 4845 firrrilegium.
811 4750 859 4839 8.)
882 4749 979 4843 ssfit
1003 4749 1088 4817 tarro
1116 4748 1166 4816 net
1185 4749 1351 4819 latronum
1386 4752 1491 4824 ssulit.
1543 4753 1662 4824 siebat
1676 4771 1796 4824 autem
1813 4754 2012 4825 divortium
2030 4756 2128 4828 aliud
2140 4754 2184 4821 ie·

537 4847 706 4941 susceptor
728 4846 779 4914 vel
791 4845 920 4915 altasar
945 4846 1210 4940 uelplagiarius,
1250 4848 1300 4936 9.)
1317 4845 1352 4939 fl
1386 4875 1429 4920 na
1445 4853 1585 4946 gratia.
1612 4853 1639 4921 l.
1663 4867 1721 4934 32.
1744 4861 1773 4934 §.
1800 4871 1855 4921 ιο.
1880 4852 1903 4919 l.
1922 4855 1983 4926 62.
2009 4855 2052 4924 de
2072 4855 2183 4922 donat.

535 4945 672 5041 j'amilio
694 4945 743 5013 vei
758 4968 857 5014 uxore
881 4943 1062 5037 inspiciente
1089 4966 1159 5012 cum
1184 4945 1352 5034 impudicis
1388 4948 1481 5017 inter
1497 4949 1566 5018 vir.
1585 4955 1618 5020 δι
1635 4968 1742 5024 uxor.
1767 4945 1888 5041 (quod
1910 4950 2109 5044 imperator
2129 4959 2182 5018 no·

546 5045 730 5115 etrulieribns
744 5056 857 5117 catam
877 5044 996 5123 inerit,
1030 5043 1100 5135 ιο.)
1113 5040 1150 5139 ſs
1167 5045 1279 5113 uxoris
1302 5042 1351 5110 vi·
1386 5048 1471 5116 vell.
1489 5060 1549 5120 22.
1565 5067 1644 5141 cap,
1660 5066 1716 5139 14,
1733 5065 1839 5130 vocat,
1856 5049 2013 5120 nitiorern
2028 5051 2184 5120 matrina·

2146 5162 2182 5211 an
