4884 5984
459 525 514 608 ⁸4
871 509 1020 584 locvs
1046 509 1170 586 xxtt.
1222 511 1376 584 entur
1397 515 1441 584 κ.
1487 509 1614 585 sect.
1641 516 1667 586 t.
1749 541 1760 554 ·

455 706 626 784 sotionem
643 697 831 791 suppeditat
845 699 915 794 ipse
934 705 1091 778 Petrusr.
1110 708 1209 797 Epist.
1230 707 1255 780 l.
1281 705 1330 776 lus
1362 710 1395 776 in
1422 703 1597 777 senstitaie.
1620 728 1688 777 non
1714 701 1819 776 solum
1841 700 2068 794 torporissel

465 831 502 892 7.
537 801 643 878 LXX.
658 822 797 872 utuntur
810 827 875 892 pto
889 820 958 907 ’1Ἱῖ
973 809 1060 892 quod
1077 807 1125 876 esi
1138 802 1255 878 meiol·
1281 815 1312 877 &
1336 797 1467 892 spiritus
1490 807 1668 877 conslituit.
1733 800 1813 875 Non
1834 805 1922 900 'ficut
1946 799 2065 886 inrito,

463 903 503 978 ia
526 903 602 998 igni
627 922 744 984 terere,
780 922 983 998 excoquere,
1016 901 1183 998 prostare,
1217 929 1254 973 ac
1281 903 1372 973 vitiet
1394 899 1507 984 Deus,
1540 926 1617 974 noui
1641 901 1738 973 ltomo
1764 901 1871 985 uidet,
1904 920 1978 997 quae
1991 897 2068 998 sont

459 999 691 1091 metaphorice
710 999 752 1069 ael
776 999 1038 1090 explorationem
1061 1026 1123 1089 per
1141 1024 1254 1072 cruces
1279 1023 1348 1096 pree
1366 1005 1489 1087 oensis,
1512 1001 1664 1073 dontinus
1682 1001 1894 1076 oideeoorem
1910 997 2066 1096 quaestml

322 1169 332 1174 -
459 1111 499 1177 δι
519 1100 721 1172 calamitates
743 1093 899 1171 refertur.
930 1095 1129 1172 PsXXVl.
1152 1125 1182 1172 r.
1201 1093 1253 1171 l's.
1279 1103 1315 1172 r'et
1343 1105 1440 1172 corde
1476 1107 1591 1174 isam.
1613 1099 1712 1169 xl't.
1732 1122 1767 1190 7.
1833 1095 1928 1195 Quid
1946 1099 2067 1201 prodess

463 1195 597 1274 LXVI.
620 1221 675 1271 ιο.
716 1200 779 1265 let.
798 1193 855 1266 lX.
876 1223 911 1286 7.
934 1206 999 1270 &n
1062 1193 1255 1285 Usurpatur
1279 1221 1358 1272 coro
1385 1204 1517 1292 integro
1539 1208 1642 1270 retente
1661 1199 1843 1292 competo?
1877 1199 1986 1286 inquit
2005 1207 2067 1270 Au·

457 1296 561 1370 etism
575 1293 744 1388 πυρέθας
760 1307 826 1378 pro
846 1319 909 1375 eo,
933 1297 1022 1382 quod
1037 1299 1095 1382 eli,
1116 1293 1255 1390 irosrtc·
1278 1299 1426 1390 goslinus
1447 1303 1479 1367 in
1508 1293 1556 1370 Ps.
1577 1301 1699 1370 xclx.
1730 1319 1768 1366 ac
1790 1299 1977 1386 Gregorius
2004 1301 2066 1368 Νι·

460 1394 558 1466 rendi
573 1387 771 1483 &flagrare
787 1392 1254 1483 rMace.lV.;8.eap.X.35.
1279 1398 1455 1467 zienzenus
1482 1417 1570 1466 vetat
1598 1394 1763 1488 uirginem
1793 1396 1945 1494 eostilnti
1975 1394 2066 1466 deuo-

311 1499 325 1504 “
459 1513 533 1581 oap.
550 1483 651 1560 xlv,
670 1508 730 1579 45.
755 1510 795 1558 ex
820 1489 940 1576 quibus
957 1490 1111 1562 omnibus
1128 1495 1254 1563 constat
1278 1505 1350 1567 tom
1378 1493 1649 1580 concupiscentie
1677 1490 1833 1567 seiam
1858 1484 1944 1570 iiior
1969 1491 2066 1584 ἔχεσι

459 1588 629 1693 metimur
653 1587 686 1655 in
709 1607 798 1656 textu
816 1586 995 1674 tpollolico
1013 1613 1079 1660 non
1099 1585 1163 1662 elle
1182 1587 1252 1660 for·
1277 1591 1434 1665 Clemens
1450 1592 1688 1662 Alexandrinus
1712 1588 1768 1658 lib.
1788 1589 1830 1672 ll.
1853 1591 2001 1662 stramen·
2019 1589 2064 1670 orl

318 1703 321 1708 ·
458 1689 564 1758 niceri
587 1681 640 1754 sed
669 1683 881 1755 interioribus
901 1685 1145 1774 impe'tuostoris
1171 1711 1253 1760 con·
1277 1690 1375 1785 iungi
1384 1689 1661 1761 neoteimoniovel
1670 1698 1769 1758 exiro
1779 1686 2065 1784 illudomninops·

458 1777 667 1873 cupiscentiae
687 1777 828 1854 flammis
848 1786 919 1862 uri,
949 1787 1036 1856 unde
1056 1790 1154 1868 Syrus
1175 1787 1248 1857 ted·
1275 1813 1349 1864 rum
1370 1799 1508 1860 mentem
1519 1787 1657 1884 seruare
1679 1796 1819 1881 oportet.
1857 1787 2063 1860 Pulerel’m·

456 1883 561 1964 elidit,
578 1883 705 1976 ⁸033?
717 1883 820 1969 'iptio
831 1883 886 1953 uri
901 1878 1182 1977 concupiscentia.
1196 1884 1251 1954 ln·
1274 1889 1422 1961 dentius:
1771 1905 1773 1910 ·
2005 1897 2017 1914 ’·

456 1994 553 2063 centii
569 1993 722 2081 igitur&
739 1994 791 2062 uri
808 1994 985 2072 dicuntur,
1008 1995 1064 2078 qui
1083 1995 1195 2064 ardori
1210 1991 1250 2064 li·
1352 1982 1514 2080 Corporis
1531 1982 1651 2057 inlabi?
1672 2003 1739 2055 m
1757 2003 1848 2052 mm
1867 1977 2062 2056 ἕῆίῦᾶῦιΐε·

455 2087 577 2160 bidinis
596 2087 859 2170 inflammantur,
887 2089 965 2159 licet
990 2113 1055 2160 non
1075 2093 1250 2162 vincantur
1417 2085 1421 2095 ’
1790 2090 1904 2164 ΜΨ,
2038 2119 2041 2126 ·

454 2184 499 2257 ab
519 2189 828 2271 intemperantia&
851 2188 884 2256 in
903 2184 1023 2257 delicia
1046 2209 1179 2258 externa
1201 2183 1249 2259 se·
1344 2175 1416 2252 Nec
1434 2181 1561 2276 requies
1587 2179 1696 2251 datur-
1713 2175 1782 2250 ulla
1806 2177 1918 2262 loris,
1948 2173 2061 2274 quibu

455 2277 489 2356 se
509 2284 741 2371 precipitent,
776 2281 856 2354 ficut
882 2281 1010 2354 fertum
1037 2287 1159 2355 dieitur
1177 2313 1249 2360 no·
1608 2285 1611 2292 '
1692 2274 1980 2362 inrubescentes,

455 2381 571 2486 piritio
586 2428 599 2462 ,
631 2382 761 2464 quando
784 2378 948 2469 ignescit,
978 2378 1055 2452 licet
1080 2383 1158 2472 igne
1179 2407 1247 2455 non
1347 2374 1481 2451 Vulnus
1509 2372 1551 2450 l&
1574 2371 1710 2472 uertifflts
1732 2373 1890 2472 suspirat
1918 2371 2061 2466 sternite

453 2475 674 2550 consumatur.
713 2479 764 2546 Sic
779 2475 876 2546 multi
890 2481 1026 2548 internis
1041 2477 1181 2568 flagrant
1195 2485 1246 2552 in·
1373 2491 1375 2496 '
1828 2471 1952 2570 endor..

451 2579 597 2652 eendiis,
630 2570 771 2650 licetub
793 2579 868 2644 asin
890 2572 1092 2646 scortationis
1114 2577 1166 2648 vel
1190 2602 1246 2647 ne.
1270 2571 1357 2637 unde
1374 2572 1604 2643 Nazianzenus
1623 2572 1656 2641 in
1676 2573 1813 2642 carmin.
1832 2567 1932 2642 literis
1953 2571 2061 2646 cosin

450 2670 580 2746 enfione
606 2671 661 2742 vel
688 2681 780 2740 metu
807 2671 1029 2742 retrahantur.
1094 2671 1154 2772 2.)
1181 2671 1247 2748 Ex
1269 2668 1363 2757 glum
1379 2667 1489 2742 exuuio
1511 2671 1711 2764 uirginitate
1732 2667 1891 2758 preferre
1910 2695 1981 2743 non
2000 2667 2061 2744 suit

449 2769 592 2940 :gisonis
615 2791 638 2838 u
654 2757 888 2860 soretictitioete
915 2767 1131 2865 dislinssione.
1190 2777 1244 2845 U·
1271 2765 1405 2842 veritus·
2027 2825 2032 2834 -
2069 2841 2071 2845 .

335 2891 339 2897 ·
480 2869 511 2940 io
521 2869 567 2938 eli
581 2869 708 2937 interna
722 2862 994 2952 concupiscentie
1012 2866 1155 2956 flamma,
1173 2868 1243 2940 sor-
1340 2856 1841 2964 ieoornorieeixmpopepsse'on
1856 2860 1909 2948 ἶςι
1926 2859 2057 2960 γάμοιο

450 2967 573 3040 nicetio
591 2963 637 3034 est
667 2961 753 3032 illius
778 2961 917 3034 flammae
942 2961 1062 3044 foetor,
1087 2972 1177 3038 osius
1199 2959 1253 3040 ab'
1339 2957 1462 3034 τόσσον
1482 2959 1657 3060 παρθενίης
1680 2964 1780 3057 optor
1795 2969 1938 3059 petre&
1953 2961 2058 3056 o'uepi·

450 3089 489 3137 ea
510 3085 676 3136 emanans.
722 3062 900 3146 Apostolus
923 3084 989 3131 non
1011 3083 1139 3135 tentum
1161 3079 1242 3153 pro'·
1821 3057 1908 3154 soto·
2000 3065 2007 3070 ”

448 3181 527 3251 pter
532 3157 808 3252 fornicationem,
821 3154 942 3229 scilicet
954 3167 1150 3243 cavendam,
1170 3162 1242 3234 vult
1272 3154 1493 3240 Assnffi'tfflnt
1528 3153 1591 3224 hoc
1619 3152 1678 3243 lpfi
1710 3156 1832 3226 ethnici
1861 3181 1900 3226 tx
1937 3179 2056 3230 untur!

447 3258 601 3346 quemvis
635 3249 753 3344 [dono
783 3258 991 3326 continentia
1023 3282 1089 3326 nnn
1122 3262 1239 3331 inslru.
1265 3246 1399 3319 lut-nine.
1458 3255 1578 3320 Senttss
1605 3253 1736 3338 intuiti
1776 3251 1902 3352 Incesta
1930 3259 1973 3353 est
1997 3255 2055 3344 fine

450 3360 569 3456 sium]
597 3351 715 3426 itaberr
740 3374 878 3424 uxorem
893 3350 1014 3446 sisnrnt
1046 3351 1102 3423 ubi
1125 3379 1237 3427 notan.
1257 3349 1390 3442 stupro,
1408 3351 1778 3448 quaefluprumquaeeit.
1807 3345 2053 3428 Ovtd.lib.lll.

447 3457 550 3536 dum,
582 3449 672 3539 loqui
691 3451 876 3540 apostolum
896 3452 931 3520 r'n
950 3448 1081 3544 telurose'
1098 3445 1156 3529 lte
1173 3455 1240 3543 mig
1263 3469 1366 3515 arnor.
1384 3449 1468 3534 eleg.
1489 3449 1553 3518 Ν.

447 3551 603 3646 πορνείας
632 3552 672 3618 sd
702 3554 926 3618 denotandum
953 3554 1093 3635 quosvis
1118 3553 1239 3624 illicite
1343 3539 1392 3615 Vi
1417 3544 1486 3613 iant
1498 3547 1651 3638 servaris
1674 3545 1918 3642 benecantur,
1956 3548 2050 3623 adul·
2090 3599 2095 3606 -

447 3648 690 3717 commixtionis
716 3670 822 3734 genus
849 3655 883 3718 ἃ
909 3650 1058 3733 quamvis
1085 3648 1239 3720 libidino·
1677 3657 1748 3718 iera
1771 3672 1859 3717 urens
1883 3649 1944 3742 est,

445 3740 512 3814 iam
531 3744 680 3828 corporis
701 3740 939 3827 pollutionem,
966 3738 1135 3814 sedetiam
1160 3771 1237 3834 pro·
1409 3732 1481 3807 Nec
1494 3739 1666 3836 mstodiri,
1690 3744 1727 3815 eti
1741 3747 1838 3828 uelit,
1858 3746 1926 3815 tillo
1938 3747 2048 3845 polest.

444 3864 523 3931 pter
559 3841 717 3937 ustionem
750 3837 816 3909 illis
845 3842 900 3925 qui
939 3863 1005 3908 non
1042 3846 1237 3923 continent,
1335 3828 1822 3938 Neomentemseruorepoles,
1844 3841 2051 3919 liceeontnie

442 3939 630 4013 remedium
658 3939 805 4026 coniugii
828 3933 1010 4022 prescribit
1036 3965 1066 4009 v.
1087 3965 1122 4028 9.
1146 3949 1237 4028 atqui
1805 3941 1966 4022 cletudar,

441 4035 655 4129 fimupiruief
670 4038 758 4106 idem
773 4037 860 4119 quod
883 4032 1054 4114 fornicori,
1082 4059 1234 4127 curnpo·
1411 4025 1574 4105 Omnibus
1607 4035 1750 4138 exclufis
1782 4041 1874 4113 intus
1918 4041 2049 4118 adulter

442 4139 543 4207 slolus
563 4127 749 4232 ettigeuotea
770 4133 911 4228 πορνείᾳ
933 4131 1147 4205 distinxill’et‘i
1187 4148 1231 4228 3.)
1832 4139 1908 4210 erit.

443 4257 489 4305 err
513 4230 677 4312 eastitatis
698 4230 883 4321 virginalis
906 4227 1107 4325 defiuitione.
1156 4237 1233 4304 Vir·
1258 4231 1337 4322 lV.)
1352 4232 1416 4307 En
1430 4237 1531 4332 ipfius
1544 4243 1688 4336 aposloli
1700 4246 1937 4345 explicatione.
1957 4255 2047 4346 Quid

442 4353 490 4421 go
510 4347 625 4405 curat,
652 4348 689 4396 ut
715 4327 752 4397 sit
772 4324 892 4421 fotino
915 4350 1050 4420 corpore
1073 4327 1113 4401 si
1123 4328 1232 4424 spiri·
1255 4355 1317 4419 per
1351 4329 1506 4435 eripuere
1537 4332 1748 4419 intelleslum
1773 4350 1854 4419 velit
1883 4357 2045 4436 aposlolus

439 4438 480 4499 iet
499 4455 530 4497 v.
556 4451 611 4519 34.
629 4447 714 4514 ergo
733 4449 800 4495 non
821 4422 925 4495 solum
950 4450 1070 4514 corpus
1090 4455 1107 4498 a
1128 4429 1231 4500 sorni·
1256 4426 1392 4517 ipsemet
1422 4431 1492 4504 satis
1519 4434 1692 4528 perspicue
1717 4444 1884 4532 exposuit,
1915 4455 2046 4534 quando

442 4529 588 4603 tatione,
617 4516 672 4594 sed
688 4525 786 4593 etiam
800 4518 949 4610 spiritum
964 4521 1008 4593 ab
1024 4527 1148 4598 usliotte
1168 4532 1230 4598 im·
1255 4531 1448 4624 premittit:
1494 4529 1577 4630 Quae
1600 4562 1665 4609 non
1694 4545 1880 4626 continens,
1907 4545 2044 4622 ,mm

440 4646 576 4697 munem
594 4615 659 4691 else
681 4643 831 4716 oportet,
863 4618 885 4690 st
911 4617 1057 4692 definitio
1083 4627 1228 4715 virgine.
1255 4627 1357 4713 Atqui
1376 4654 1441 4696 non
1465 4629 1569 4702 solum
1593 4636 1661 4707 haec
1679 4642 1726 4710 eli
1745 4640 1921 4736 deperio,
1943 4671 2043 4734 quin.

439 4722 480 4794 lis
501 4718 653 4790 castitatis
671 4717 783 4788 locum
804 4715 1072 4792 haberedebeat.
1124 4725 1157 4793 si
1174 4724 1228 4797 uel
1253 4725 1296 4791 do
1326 4728 1397 4810 quis
1424 4725 1615 4802 libidinibus
1648 4736 1801 4828 indulget
1832 4748 1977 4816 exterius
2005 4737 2048 4822 ae

437 4819 581 4892 maxime
615 4836 736 4902 eorpus
764 4814 808 4887 ab
838 4817 1001 4889 exteriote
1032 4812 1227 4895 scortatione
1251 4843 1313 4906 per
1332 4820 1521 4913 illegitimas
1545 4835 1795 4906 commixtiones
1820 4861 1858 4909 ae
1885 4842 2040 4927 pollutio-

404 4910 649 5005 ⁴'impollutum
676 4908 850 4993 servetur,
894 4933 1003 4985 umen
1034 4914 1057 4986 st
1091 4912 1226 5005 spiritus
1250 4942 1306 4987 nes
1330 4944 1452 5008 corpus
1478 4920 1570 5011 suum
1599 4936 1817 5017 contaminat,
1857 4930 1911 5008 sed
1940 4949 2039 5017 erim

432 5016 591 5088 interiore
613 5013 738 5083 ullione
757 5014 975 5098 inquinetur,
1010 5037 1081 5082 non
1101 5018 1222 5089 retine·
1248 5021 1380 5103 quantlo
1400 5024 1526 5093 animus
1546 5024 1690 5098 ltbtitms
1710 5037 1828 5103 ardore
1847 5031 1968 5126 flagrat
1991 5043 2040 5116 in·

316 5123 322 5138 '
430 5129 486 5194 tur
505 5135 582 5193 xtra
601 5106 749 5187 definitio
765 5110 997 5196 continentie,
1023 5134 1122 5200 quem
1138 5118 1220 5188 Pau·
1247 5118 1367 5200 terius,
1379 5123 1529 5212 adeoque
1541 5147 1577 5195 ut
1590 5121 1918 5221 Christusloquitur‚
1936 5161 2039 5228 quun.

1884 5243 2041 5318 ·se
