4884 5984
482 496 544 570 oa
595 492 824 571 onnoravs
871 489 1132 569 rnonrnrrs
1178 487 1231 564 1n
1280 493 1393 582 Jnta
1441 437 1744 606 nunicnntt',
1818 452 1908 597 'aee
1959 519 1963 525 ·
2017 571 2021 584 .

289 686 440 781 persistat
459 692 624 776 immota,
652 716 714 765 nee
734 712 797 777 per
819 710 962 764 mortem
984 687 1094 769 illius,
1119 686 1165 761 eiu
1187 686 1271 762 mibi
1291 694 1466 780 eonjuuslr
1486 696 1543 767 eli.
1594 694 1625 767 si
1648 679 1734 787 ergo
1753 691 1844 768 illam
1867 716 1922 770 re·

290 812 420 877 etqua
451 795 622 862 contrado
640 793 704 870 eli,
732 786 868 863 tollatur
887 786 943 860 vel
962 787 1093 861 abolea·
1118 788 1261 862 motiore
1300 794 1409 881 gradu
1447 790 1530 863 mihi
1557 795 1767 881 coniunctam
1797 796 1920 869 ducere

290 907 368 968 tur,
393 884 525 958 eumdit
542 913 581 960 ex
600 883 694 959 classe
716 886 851 961 illorum
869 886 1089 969 effeuorum,
1115 884 1321 974 prohibeor,
1345 886 1454 961 multo
1471 897 1578 983 tnagis
1593 889 1678 980 hene
1703 894 1842 981 propius
1860 917 1916 968 me

290 986 349 1073 qui
375 979 508 1057 sublatis
536 989 635 1058 etiam
657 984 758 1058 caufis
780 985 981 1075 perillum,
1009 982 1091 1056 ficut
1114 987 1355 1077 adtingentem.
1408 994 1492 1059 Item
1515 989 1677 1073 nonlicet
1693 994 1916 1065 ducerenxa·
2023 989 2029 996 ’

289 1079 468 1157 edificium
500 1107 633 1157 mortuo
659 1084 850 1159 architedio.
915 1087 1088 1180 Quemad·
1114 1108 1181 1157 rem
1196 1085 1340 1180 patrui,
1362 1111 1424 1158 nec
1436 1084 1556 1183 filiam
1575 1089 1747 1185 priuigni,
1770 1087 1824 1160 vel
1840 1090 1916 1186 pri·

289 1184 429 1255 modum
450 1183 554 1275 igitur
575 1180 627 1253 lex
642 1186 683 1255 de
707 1208 772 1254 non
802 1187 951 1257 dueenda
974 1181 1088 1256 fratria
1111 1183 1235 1278 aignae.
1285 1190 1375 1275 Ergo
1399 1183 1506 1257 multo
1525 1190 1634 1270 quinus
1658 1186 1770 1260 licebit
1792 1190 1915 1262 ducere

289 1280 438 1354 excludit
455 1283 647 1371 conjugium
678 1307 753 1353 curn
776 1308 877 1354 uxore
899 1281 1027 1368 fratris,
1049 1280 1089 1352 fi·
1112 1284 1220 1355 uxoris
1241 1281 1408 1369 sororem5
1434 1270 1510 1354 eutii
1529 1310 1613 1356 uror
1626 1287 1737 1373 patrui
1756 1281 1915 1381 instruo·

289 1405 333 1454 re
353 1378 457 1452 frater
474 1382 509 1449 in
531 1382 614 1452 vivis
634 1379 741 1450 adhuc
764 1377 998 1469 superserit,
1020 1379 1086 1452 stre
1111 1378 1164 1452 da.
1170 1380 1283 1477 gradu
1303 1381 1400 1455 linea
1414 1380 1625 1456 collateralis
1648 1382 1848 1479 inaquosis,
1871 1382 1911 1455 fi·

288 1474 468 1551 defunctus
492 1503 567 1549 enm
589 1475 762 1565 reliquerit
785 1483 941 1552 viduam:
968 1478 1011 1550 stc
1034 1476 1087 1549 lex
1110 1478 1154 1551 lia
1174 1481 1325 1572 privigni
1354 1477 1547 1649 insecundo
1569 1482 1683 1577 gradu
1703 1484 1801 1558 lineae
1819 1481 1913 1558 πᾶα

288 1580 332 1650 de
349 1601 418 1650 non
445 1580 594 1650 ducenda
620 1579 731 1648 uxoris
754 1572 869 1653 sorore
892 1579 1086 1668 conjugium
1110 1575 1148 1649 lit
1165 1578 1359 1668 conjuncta,
1398 1604 1476 1651 oror
1494 1602 1604 1654 auteur
1621 1584 1730 1655 uxoris
1746 1584 1781 1654 in
1796 1580 1910 1678 gradu

288 1701 366 1748 aum
381 1701 420 1749 ea
439 1678 570 1763 penitus
589 1674 756 1762 excludit,
783 1674 849 1750 srva
867 1674 976 1749 adhue
996 1676 1087 1748 vivat
1105 1675 1219 1772 prima
1237 1675 1333 1751 lineae
1353 1677 1564 1752 collateralis
1579 1680 1731 1777 aqualis.
1780 1683 1907 1774 vt.)n

289 1798 401 1860 uxor,
426 1771 492 1847 sive
517 1773 555 1850 stt
576 1772 743 1847 defruar.
795 1777 882 1874 Qua
903 1777 993 1847 enim
1010 1768 1086 1863 pos·
1108 1772 1299 1850 drausiione
1327 1775 1374 1848 ad
1396 1774 1588 1873 absurdum.
1650 1778 1844 1854 Ambrosius
1868 1778 1908 1850 li·

288 1869 428 1948 fet-dari
444 1876 547 1954 ratio,
573 1878 661 1959 quod
686 1873 927 1962 prohibitiones
951 1871 1085 1962 reliquae
1109 1873 1171 1946 bro
1185 1873 1284 1949 Vlll.
1297 1875 1432 1963 epistola
1451 1884 1508 1951 66.
1528 1901 1664 1965 monet,
1687 1878 1835 1952 cauenda
1850 1871 1910 1975 'ff‘
2013 1891 2021 1915 ⁸
2041 1947 2045 1956 .

289 1970 352 2046 sint
368 1971 557 2069 generales,
580 1972 647 2043 hoc
659 1976 721 2057 eil,
747 1975 934 2063 pertinetur
953 1996 1020 2043 non
1037 1968 1086 2043 so·
1110 1972 1200 2046 talia
1219 1975 1402 2069 conjugia,
1427 1999 1471 2047 ex
1488 1974 1829 2078 quibus-confirmes
1846 1974 1908 2050 ad·

289 2069 360 2142 lum
378 2076 420 2144 ad
443 2096 497 2143 eos
518 2067 633 2154 casus,
665 2076 797 2158 quando
817 2071 926 2145 adhuc
946 2072 982 2141 iu
1002 2072 1085 2143 vivis
1106 2072 1330 2168 pulsationurn
1352 2073 1516 2148 oriantur.
1580 2081 1656 2166 Jam
1682 2102 1764 2150 vero
1790 2075 1931 2167 negari—

288 2165 364 2240 sunt
380 2160 542 2259 petioni,
566 2193 626 2260 per
647 2196 725 2258 quas
738 2171 1012 2264 consanguinitas,
1030 2165 1086 2240 vel
1109 2173 1245 2262 nequit,
1269 2199 1309 2245 ex
1325 2176 1485 2264 conjugio
1502 2197 1578 2244 ruur
1595 2172 1721 2247 duabus
1741 2172 1909 2247 sororibus

288 2266 442 2342 rdfinitas
458 2266 522 2340 fuit
537 2272 725 2350 contraria,
751 2263 805 2341 sed
825 2273 923 2342 etium
943 2270 985 2340 ad
1004 2292 1085 2349 eor,
1109 2267 1285 2345 succeffive
1317 2272 1400 2346 inito
1431 2269 1654 2344 turbationem
1680 2277 1847 2366 graduum
1873 2282 1910 2349 &

288 2370 424 2455 quaudo
456 2366 602 2457 persone
629 2369 831 2440 intermedie
855 2372 891 2440 in
917 2368 1001 2439 vivis
1022 2362 1085 2439 effe
1109 2367 1369 2457 adpellationuur
1385 2371 1590 2461 cognationis
1601 2371 1699 2453 oriri;
1714 2373 1803 2445 ideur
1817 2373 1909 2446 eniur

288 2465 475 2552 desierunt,
498 2488 612 2537 contra
629 2491 708 2538 vero
728 2465 798 2538 haec
812 2465 1014 2556 prohibitio,
1044 2468 1086 2536 de
1110 2469 1174 2540 erit
1192 2464 1337 2540 liliorum
1352 2491 1451 2557 patet
1478 2476 1513 2540 de
1534 2490 1720 2542 mrterterae
1740 2472 1879 2543 maritus
1893 2465 1911 2560 ‚=

286 2563 356 2638 nau
373 2567 524 2637 ducenda
545 2565 655 2637 uxoris
683 2560 794 2637 sutore
805 2614 819 2648 ‚
841 2564 879 2638 stt
896 2561 1083 2661 specialis,
1110 2564 1220 2651 fitque
1240 2565 1394 2638 auunculi
1413 2563 1508 2639 loro:
1530 2570 1647 2640 erdem
1663 2564 1739 2639 filiis
1758 2594 1798 2643 ex
1820 2592 1909 2662 prae·

287 2688 369 2738 euut
384 2668 541 2735 duntaxat
567 2659 676 2734 rasum
695 2685 922 2743 concernens,
954 2664 1085 2750 quando
1110 2660 1266 2736 defuneto
1283 2688 1385 2735 uxore
1408 2666 1491 2736 natis
1505 2668 1570 2737 erit
1591 2687 1769 2740 matertere
1790 2676 1909 2756 &me

288 2788 374 2836 uxor
396 2759 505 2833 adhuc
518 2764 554 2834 in
575 2765 659 2835 vivis
677 2765 723 2832 est
739 2758 922 2851 superstes?
948 2769 1021 2847 lv.)
1038 2765 1086 2831 Ex
1111 2785 1227 2840 verca,
1251 2758 1325 2832 filiis
1342 2786 1381 2833 ex
1398 2759 1432 2835 se
1450 2766 1534 2835 natis
1552 2766 1616 2837 erit
1633 2787 1739 2838 mater
1751 2776 1786 2842 dt
1803 2789 1909 2838 avun-
1981 2837 1989 2853 ,

286 2860 445 2959 generali
460 2858 579 2955 regula
602 2861 709 2933 levit.
730 2857 912 2935 xviiia.
964 2857 1087 2933 Nullus
1110 2858 1176 2930 culi
1197 2884 1302 2939 uxor,
1324 2862 1425 2931 iidem
1445 2859 1505 2931 filii
1520 2884 1618 2933 erunt
1637 2860 1756 2936 fratres
1776 2874 1812 2938 dt
1825 2886 1910 2958 eou-

287 2959 429 3035 acreda
449 2959 497 3031 aei
515 2962 711 3057 proximam
743 2962 857 3033 carnis
870 2957 954 3055 sua.
1012 2965 1086 3050 Jam
1110 2953 1245 3030 sobrini.
1295 2965 1385 3050 Vll.)
1401 2963 1448 3029 Ex
1465 2957 1592 3052 deseiiu
1605 2960 1744 3057 probari
1764 2960 1912 3057 alicujus

236 3079 239 3084 '
283 3085 373 3136 ueto
389 3061 527 3130 maritas
546 3069 582 3132 ὅ(
600 3083 683 3131 uxor
705 3082 768 3148 pet
787 3060 981 3151 eonjugium
1003 3056 1088 3129 fiunt
1109 3054 1267 3152 exempli.
1317 3061 1440 3145 Neque
1466 3060 1610 3131 enimin
1636 3061 1763 3151 populo
1785 3059 1911 3134 lsraeli·

280 3179 461 3248 ‚unarara
485 3156 624 3232 Genii.
640 3181 696 3251 24.
723 3157 845 3231 Matth.
859 3158 951 3232 XlX.
968 3185 1002 3252 5.
1026 3162 1086 3228 Er·
1111 3156 1197 3236 tiro,
1221 3180 1283 3226 nee
1301 3156 1336 3224 in
1355 3158 1496 3242 antiquis
1520 3155 1691 3245 patribus,
1713 3160 1794 3255 (qui
1813 3180 1910 3232 arna·
2042 3216 2044 3224 .
2160 3143 2190 3199 ·’

282 3284 335 3353 go
361 3254 455 3329 soror
472 3260 581 3328 uxoris
609 3259 760 3330 redditur
785 3259 936 3346 proxima
954 3258 1087 3334 earnis,
1110 3251 1194 3328 bant
1216 3253 1257 3325 de
1276 3251 1343 3347 sua
1358 3278 1475 3349 genere
1500 3278 1622 3328 uxores
1645 3256 1783 3345 ducere,
1799 3260 1911 3358 stcque

284 3370 324 3433 δι
345 3382 409 3446 per
423 3351 623 3441 consequens
643 3352 684 3424 ab
705 3364 774 3443 ejus
795 3358 1008 3429 matrimonio
1029 3358 1087 3425 de·
1105 3353 1393 3450 propinquitatem
1408 3352 1552 3425 nondum
1567 3353 1667 3450 lange
1677 3361 1821 3457 postiam
1835 3380 1910 3431 rnr-

282 3455 348 3529 bet
369 3454 534 3529 abstineri.
585 3459 696 3524 Frater
717 3465 751 3528 δι
769 3453 885 3536 sotor,
910 3480 949 3527 ae
972 3456 1087 3545 proin·
1102 3450 1165 3549 sees
1182 3452 1394 3525 matrimonii
1413 3452 1547 3524 uincula
1563 3453 1746 3550 colligare,
1774 3453 1816 3530 θ’
1830 3479 1923 3552 qua·-

284 3558 331 3627 de
349 3556 450 3626 etiam
465 3558 537 3624 dua
552 3544 678 3625 sorores
702 3547 775 3623 sunt
795 3575 863 3625 nna
883 3576 982 3647 cara,
1000 3558 1085 3629 Gen.
1109 3549 1290 3623 dammodo
1310 3573 1464 3624 revocare
1473 3551 1688 3647 fugientem,
1714 3579 1755 3628 ne
1767 3554 1808 3650 se
1823 3579 1910 3652 puu-

286 3650 547 3744 xxxv11.27.
570 3653 660 3745 Ergo
681 3655 835 3740 maritus,
860 3655 917 3742 qui
939 3679 1016 3725 eum
1039 3646 1088 3721 so·
1113 3648 1212 3723 salim
1225 3652 1456 3748 propaginum
1473 3651 1648 3728 ordinibus
1659 3652 1911 3748 dirimenqian·

275 3776 367 3826 -tote
384 3776 449 3823 una
473 3752 577 3826 fautus
597 3756 642 3826 ell
661 3778 725 3823 unu
749 3776 825 3822 caro
848 3774 910 3840 per
929 3760 1088 3841 coujuga-
1112 3751 1190 3844 gius
1205 3748 1336 3829 adiret,
1357 3751 1399 3833 Εἴ
1413 3752 1647 3845 propinquitas
1660 3749 1719 3844 ese
1734 3754 1908 3854 deststerelr
2020 3755 2022 3760 ’
2082 3778 2087 3792 “

285 3851 357 3925 lem
385 3851 630 3940 copulationem
648 3904 658 3937 ‚
692 3875 759 3921 uon
780 3846 895 3938 'potest
923 3849 981 3920 fibi
1008 3845 1088 3920 cirn-
1113 3870 1150 3920 ut
1163 3847 1311 3935 loquitur
1327 3850 1528 3937 Augustinus
1545 3848 1634 3922 libro
1651 3860 1724 3925 XV.
1741 3856 1782 3925 de
1795 3854 1914 3926 eivita-

286 3957 433 4042 magere
455 3944 600 4023 sororem
620 3949 777 4027 alteram,
804 3974 876 4035 quae
899 3974 974 4019 turn
996 3950 1089 4037 prio·
1114 3970 1146 4019 te
1166 3949 1242 4019 Dei.
1263 3970 1335 4035 cap.
1360 3952 1468 4025 XVI.)
1497 3949 1676 4036 probatum
1702 3950 1834 4039 aliquod
1855 3977 1913 4024 ex·

236 4095 239 4100 ·
288 4075 328 4123 re
351 4046 501 4122 sultuna
520 4075 678 4137 coropet
694 4042 1087 4137 proximamconsangui-
1114 4044 1264 4133 ernplum
1275 4046 1423 4116 occurrit
1433 4049 1596 4133 ejusmodi
1613 4052 1816 4139 nuptiarum.
1831 4054 1913 4123 Nou

284 4137 430 4222 'uitatem
453 4158 488 4222 de
510 4150 615 4220 curnis
639 4149 918 4234 conjundlionern.
982 4150 1038 4233 V.)
1061 4148 1100 4215 ll'
1114 4146 1180 4231 eli,
1208 4145 1297 4230 quod
1318 4133 1457 4240 Jacobs
1471 4146 1684 4242 patriarclrae
1708 4145 1833 4220 sarium
1855 4153 1914 4222 ad·

231 4243 239 4350 'k
291 4246 429 4344 majori.
464 4249 496 4320 Si
510 4252 632 4337 gradus
644 4246 804 4317 remotior
819 4247 865 4315 eil
881 4242 1090 4333 prohibitus,
1115 4237 1260 4328 feratur,
1285 4247 1361 4329 quia
1377 4244 1406 4311 is
1418 4245 1545 4319 duabus
1561 4241 1728 4318 sororibus
1742 4245 1851 4319 adhue
1862 4249 1914 4318 vi·
2000 4272 2003 4287 ·

231 4353 235 4434 ζ
291 4351 409 4436 urique
426 4343 533 4417 multo
554 4349 657 4435 magis
672 4347 893 4432 propinquior
911 4338 1090 4414 censendus
1115 4339 1270 4412 ventibus
1301 4342 1502 4411 consociatus
1527 4338 1616 4426 fuit,
1643 4347 1733 4434 quod
1760 4343 1913 4418 illicitum

231 4475 249 4516 s
290 4447 336 4519 est
361 4441 560 4534 prohibitus.
617 4447 678 4516 Sed
703 4444 916 4530 jure‘divino
939 4440 1091 4530 prohibi·
1115 4433 1178 4510 elie
1207 4436 1339 4526 ipsimet
1362 4436 1528 4525 fatentur,
1554 4446 1610 4529 qui
1638 4440 1813 4515 sueceffive
1834 4447 1917 4517 duae

231 4533 256 4548 '⁵
292 4567 364 4618 tum
385 4547 450 4626 eil,
475 4549 597 4616 ducere
618 4542 718 4613 liliam
740 4567 780 4612 en
801 4537 1091 4613 desuuitaeuroris
1115 4532 1243 4606 sorores
1280 4539 1401 4607 ducere
1438 4536 1566 4609 licitum
1599 4538 1662 4614 else
1698 4546 1915 4616 couteudnute
1994 4549 1997 4558 '

234 4725 245 4740 ἱ
291 4639 558 4721 interemtam,
586 4666 621 4713 ut
642 4638 741 4729 paulo
763 4642 834 4727 post
852 4638 1090 4709 demonllrabi-
1115 4641 1222 4718 Vlll.)
1241 4640 1287 4705 Ex
1308 4632 1507 4709 auiiariiale
1524 4635 1753 4737 isrealagarnm
1770 4651 1914 4715 aeterua

275 4762 357 4817 tur.
395 4748 487 4834 Ergo
504 4741 609 4812 multo
628 4743 732 4830 magis
748 4735 954 4827 prohibitum
970 4740 1016 4808 est
1030 4739 1090 4807 du.
1119 4728 1161 4806 (i
1176 4733 1402 4805 recentiorum.
1455 4738 1632 4830 Quotquot
1654 4737 1745 4830 leges
1764 4742 1798 4810 iu
1815 4743 1936 4813 Leri·'
2030 4761 2038 4774 ·

231 4831 241 4844 .
288 4840 674 4916 eeredefunaaeuxoris
697 4834 860 4919 sororem3
885 4833 1010 4907 filiaex
1035 4839 1092 4906 de·
1118 4834 1183 4902 tico
1205 4832 1285 4902 latas
1307 4857 1372 4904 non
1400 4831 1556 4918 forenses,
1581 4861 1642 4909 noe
1661 4838 1915 4923 cerimoniales,
2029 4885 2031 4890 ,
2074 4921 2084 4940 l

288 4937 415 5015 funuae
432 4943 543 5011 uxoris
569 4935 680 5010 sorore
711 4962 807 5015 nata,
829 4930 973 5029 secando
997 4934 1093 5007 lineae
1118 4926 1171 5003 sed
1188 4929 1329 5001 morales
1345 4928 1408 5005 ess'e
1422 4930 1620 5023 agnoscunt,
1641 4961 1805 5026 quotquot
1815 4940 1916 5012 etium

273 5039 472 5138 inaquosis
494 5020 607 5134 gradu
629 5063 682 5109 rue
706 5037 870 5126 adtingit3
896 5031 949 5104 sed
975 5031 1093 5105 defun·
1117 5054 1183 5100 non
1205 5023 1360 5118 perseius
1376 5052 1503 5101 tautum
1520 5029 1641 5104 diserte
1657 5040 1850 5116 nominatas,
1860 5033 1918 5110 sed

231 5215 244 5232 ,
287 5145 352 5221 &a
365 5138 586 5222 manniatur
603 5138 718 5237 priene
737 5133 835 5212 linea
854 5128 995 5230 aqualis
1009 5156 1093 5233 gea·
1115 5132 1216 5204 etiam
1235 5130 1359 5222 gradus
1375 5153 1468 5220 aque
1486 5131 1640 5207 distanter
1655 5131 1932 5307 prohiffltglsuenlsel

1671 5275 1674 5288 ¹
1905 5280 1919 5316 2
