4884 5984
483 531 556 600 ιω.
778 509 1132 611 tocvsxxrr.
1185 512 1391 605 cantv.
1442 511 1663 584 securi.
1712 512 1889 585 attur.

481 732 534 809 pr.
554 706 602 781 ati
617 700 761 781 Scan.
789 710 937 785 Trebon.
961 707 985 781 l.
1008 734 1066 802 ²5·-
1088 723 1168 803 §.4.
1191 706 1232 781 ae
1253 703 1315 780 ad·
1340 703 1629 806 auersatam,
1655 702 1737 778 nane
1768 692 1956 799 Voraiffar
1977 703 2047 779 aad
2074 698 2166 787 Eine,

480 808 567 907 quir.
590 805 709 881 taren.
729 832 807 881 cum
823 807 845 881 l.
870 818 903 884 6.
923 824 952 899 §.
978 834 1005 882 t.
1024 809 1056 880 d.
1083 812 1132 879 tit
1156 807 1314 895 Cujacius
1336 806 1517 901 willigaag
1531 802 1621 879 ihrer
1636 802 1762 879 Eltrrn
1785 799 1958 880 uerlabenr
1984 829 2024 875 ac
2044 806 2164 887 addit,

482 908 542 980 lib.
571 904 633 977 lll.
662 900 790 979 observ.
820 932 848 980 e.
876 908 924 980 V.
944 909 1100 981 Coranus
1127 900 1186 976 lib.
1215 900 1315 977 Vlll.
1329 901 1509 1003 sponsalia
1525 902 1646 999 aisque
1665 926 1776 977 comta
1790 896 1946 999 consensu
1960 900 2051 975 inita
2068 898 2164 973 aar·
2195 956 2200 963 .

483 1026 663 1078 comment.
680 1028 710 1077 t.
734 1004 799 1078 lV.
821 1004 963 1079 Gratilla
984 1001 1043 1079 lib.
1064 1003 1132 1077 tv.
1150 1004 1194 1073 de
1215 1022 1311 1093 nupt.
1337 1027 1373 1078 re
1381 1003 1606 1102 pronunciari
1621 1003 1735 1076 irrita.
1787 1004 1825 1072 ld
1849 1001 1937 1088 quod
1958 996 2025 1099 late
2042 998 2166 1091 probat

370 1190 378 1201 ,
483 1131 513 1199 c.
543 1106 602 1176 lll.
1266 1096 1269 1101 ⁵
1338 1100 1638 1175 Adrianl’ulraeus
1658 1102 1691 1172 io
1718 1097 1833 1172 lib.de
1853 1118 1947 1186 nupt.
1966 1096 2167 1189 siueparea-

558 1226 565 1241 ·
813 1208 842 1295 ς.
859 1200 985 1275 xcut.
1012 1197 1186 1293 Queritur
1202 1202 1311 1287 Vlll.)
1338 1224 1408 1275 tam
1422 1195 1579 1273 consensu
1594 1224 1661 1270 uon
1673 1195 1906 1270 contrahendis
1917 1206 1947 1291 ς.
1964 1214 1999 1285 5.
2020 1204 2057 1273 dt
2071 1190 2164 1287 seqq

504 1290 615 1389 utu.)
638 1290 692 1354 At·
742 1294 804 1371 Aa
822 1301 857 1371 in
873 1298 1002 1395 nuptiir
1017 1294 1312 1371 libnaranretinn
1384 1302 1549 1388 §.XC1V.
1575 1288 1907 1393 Quariturlx.)An

483 1383 576 1468 ΦΨ
591 1392 623 1467 ¹3¹
638 1393 693 1434 '¹¹⁴‘
742 1398 983 1494 majaieaniam
1008 1396 1311 1491 emancipatomm,
1336 1398 1461 1470 tatoris
1475 1390 1644 1493 corrs'ensitr
1655 1395 1691 1468 in
1705 1394 1834 1491 nuptiis
1841 1418 1908 1490 prr·
1953 1382 2029 1480 ῙᾺ)
2044 1384 2101 1449 A*
2115 1392 2179 1453 ²⁸·-

341 1528 344 1533 ·
482 1463 561 1597 {⁸3⁸
586 1452 698 1614 '23:22
745 1497 804 1595 qui
817 1498 892 1592 jam
905 1493 966 1592 sai
981 1496 1073 1591 juris
1077 1492 1179 1593 satra,
1205 1492 1314 1643 rejqut'·
1332 1495 1492 1593 pillanrm
1510 1496 1718 1590 requiratur?
1739 1496 1911 1587 Juriscoa·
1969 1565 2006 1611 ω

484 1615 623 1675 retentam
631 1630 698 1673 raa-
747 1606 847 1671 ratur
860 1590 1234 1765 corgensarpareatam.
1252 1596 1313 1682 Ju·
1338 1591 1413 1667 sulti
1432 1595 1637 1685 distinguunt
1657 1596 1747 1665 inter
1766 1600 1908 1665 tutorem

478 1688 585 1778 sinsus
596 1698 699 1782 ptime
747 1692 890 1769 redvili
931 1688 1318 1781 liusemancipatuaabs·
1338 1703 1375 1768 ἃς
1398 1703 1593 1766 curatorem,
1660 1694 1807 1767 Curatur
1835 1711 1907 1762 tm·
2178 1748 2184 1771 ,

486 1786 692 1911 ΜζηῗΜ·
741 1818 808 1881 que
817 1782 1086 1883 potrirconsensu
1102 1788 1317 1898 uxoremdu·
1340 1816 1411 1863 turn
1434 1788 1529 1865 rebus
1550 1796 1664 1885 datur,
1688 1790 1725 1861 in
1746 1782 1919 1880 personam
1944 1795 1996 1875 Jur
2017 1810 2087 1863 noo
2107 1784 2171 1861 ha·

560 1868 619 1912 “⁸
743 1914 821 1963 cere
845 1893 980 1981 potest,
1007 1888 1030 1964 Ι.
1054 1882 1316 1988 filiasfamilias
1339 1890 1414 1972 bet;
1439 1884 1495 1963 sed
1509 1912 1599 1963 tutor
1614 1884 1764 1980 presidet
1773 1890 1872 1960 etiam
1884 1882 2172 1983 persanaedtma·

487 2014 548 2083 25.
571 1986 611 2061 ae
639 1988 710 2061 ritu
731 1990 880 2085 nuptiae.
908 1983 965 2061 sed
990 1984 1057 2059 filio
1085 1988 1315 2073 emancipata.
1339 1988 1441 2062 tibur.
1474 1992 1530 2061 De
1542 2009 1695 2061 curatore
1709 1985 1863 2078 plerique
1877 2008 1992 2057 omner
2006 1986 2182 2065 menuae-

487 2091 597 2180 quoad
617 2085 812 2179 vigehmum
828 2089 983 2186 quintum
999 2110 1122 2158 annunt
1146 2082 1316 2173 adtigerit,
1340 2089 1429 2177 quod
1445 2094 1516 2177 ejus
1538 2080 1709 2159 consensus
1724 2109 1791 2159 non
1810 2085 2027 2173 requiratur,
2051 2077 2108 2157 secl
2125 2084 2170 2154 de

486 2213 556 2261 uon
575 2188 675 2257 modo
692 2186 813 2275 primas
823 2236 838 2272 ,
861 2181 917 2259 serl
943 2210 986 2257 ue
1000 2179 1156 2267 secundas
1180 2180 1316 2269 quiden
1342 2208 1454 2257 tutare
1476 2186 1604 2257 variant
1619 2180 1798 2257 sententie.
1861 2182 2011 2276 Quidem
2042 2199 2169 2275 negant

487 2286 620 2375 nuptias
636 2280 703 2357 stne
718 2288 822 2375 petris
847 2276 1002 2357 consensu
1025 2277 1222 2353 contrahere
1241 2294 1317 2365 pot·
1340 2292 1411 2373 ejus
1436 2276 1628 2354 consensum
1643 2282 1789 2369 requiri:
1821 2278 1873 2377 r.)
1897 2282 1974 2369 quia
1992 2275 2171 2355 ficonsea·

487 2384 544 2458 est.
566 2384 588 2455 l.
607 2379 727 2457 uidua.
753 2376 793 2457 C.
819 2380 859 2454 clr
881 2390 975 2479 napi.
1003 2384 1096 2466 cujus
1123 2372 1317 2450 diversitatis
1340 2374 1391 2453 sus
1412 2400 1560 2452 tutorum
1583 2382 1723 2471 perinde
1744 2378 1972 2467 requireretur
1993 2396 2032 2451 ut
2044 2400 2180 2469 parem.

487 2483 651 2554 tationem
672 2484 807 2554 tradunt
827 2480 972 2566 hancce,
1011 2478 1102 2576 quod
1129 2473 1204 2565 plus
1225 2475 1313 2562 peri·
1341 2502 1430 2563 turn,
1463 2474 1592 2567 possent
1617 2499 1743 2551 tutores
1772 2476 2022 2549 matrimonium
2051 2495 2171 2551 aarum

488 2580 557 2651 culi
589 2577 627 2650 lit
652 2578 688 2649 in
717 2576 785 2651 lilia
807 2586 907 2671 quam
933 2574 1024 2655 filio,
1056 2594 1197 2664 propter
1221 2568 1313 2645 serus
1336 2575 1494 2667 placitum
1534 2571 1628 2648 suam
1657 2578 1864 2648 conatuum
1897 2568 2105 2657 rescindere.
2128 2594 2170 2647 ut

488 2674 704 2768 fragilitatem
739 2682 775 2749 dt
810 2673 936 2749 consilii
969 2671 1205 2744 infirmitatem.
1281 2670 1314 2739 Si
1337 2696 1489 2764 parentes
1510 2669 1722 2764 renouant,
1745 2682 1838 2761 eujus
1868 2672 2073 2745 carnarium
2103 2674 2171 2747 ur-

487 2772 610 2867 puellae
643 2779 784 2861 majores
803 2771 876 2845 sunt
899 2796 955 2865 25.
976 2772 1068 2843 annis
1098 2764 1154 2842 suo
1173 2768 1314 2840 arbitrio
1338 2777 1453 2844 tuitur.
1476 2768 1499 2844 l.
1514 2772 1548 2869 st
1563 2782 1673 2869 paler.
1690 2797 1726 2858 4.
1755 2768 1794 2845 C.
1818 2768 1859 2842 rit
1880 2767 1989 2867 spiaaſs
2011 2794 2052 2843 ac
2071 2788 2182 2849 notat,

489 2868 682 2945 inconsultis
720 2872 913 2961 parentibus
946 2872 1084 2959 impune
1110 2864 1314 2940 contrahunt
1339 2868 1492 2945 Acursrus
1511 2872 1546 2941 in
1566 2878 1588 2944 l,
1617 2870 1738 2942 Puellae
1755 2875 1798 2942 de
1822 2870 1877 2941 rit.
1902 2892 1997 2959 nupt.
2018 2892 2084 2942 non
2106 2864 2170 2967 effi

487 2964 657 3062 sponsalia.
683 2968 819 3044 Novell.
842 2980 880 3041 ut
911 2993 983 3040 cunr
1015 2967 1054 3040 dr
1078 2965 1236 3065 adpetat.
1262 2985 1317 3034 co·
1342 2980 1474 3042 tantan
1492 2978 1638 3043 attonem
1657 2966 1888 3042 aulloriratrm
1898 2968 1934 3039 in
1946 2969 2077 3065 nuptiis
2089 2972 2182 3053 cort-i

488 3067 601 3169 gnosc.
625 3076 652 3162 §.
670 3063 808 3165 causas,
836 3069 925 3151 idem
948 3089 1028 3167 ¹uero
1052 3062 1120 3136 filio
1145 3090 1201 3156 ²5·
1226 3067 1318 3135 annis
1341 3066 1529 3155 trahendis,
1550 3078 1677 3165 quauta
1692 3070 1737 3167 est
1755 3077 1942 3165 parantum.
1996 3064 2170 3152 2.)1'olset

488 3168 609 3257 majori
633 3166 733 3238 licere
751 3187 899 3257 negant,
921 3188 997 3235 cunr
1023 3160 1076 3234 lex
1098 3164 1140 3235 de
1159 3160 1226 3234 filia
1247 3182 1318 3232 tan·
1340 3170 1439 3240 etiam
1457 3186 1551 3238 tutor
1566 3169 1753 3256 impedire,
1778 3190 1820 3239 ne
1836 3164 1965 3255 pupilla
1984 3167 2084 3239 etiarn
2103 3191 2180 3259 pu..

489 3285 561 3337 tum
582 3264 760 3355 loquatur,
791 3287 829 3334 ac
861 3260 907 3333 fit'
925 3256 1071 3351 specialis
1090 3262 1242 3347 quedam
1265 3284 1317 3329 ro·
1341 3264 1460 3335 bertati
1478 3272 1545 3352 jam
1566 3267 1716 3353 proxima
1740 3263 1901 3347 nuberet,
1931 3266 2022 3353 quad
2038 3284 2169 3347 ,tamen

488 3364 537 3435 tio
557 3364 592 3432 in
616 3358 758 3450 puellis,
786 3361 876 3448 quod
902 3383 1016 3430 eorum
1042 3358 1166 3449 nuptiae
1192 3356 1316 3445 absque
1338 3361 1385 3454 gl.
1405 3358 1461 3436 fin.
1484 3364 1518 3433 in
1542 3358 1566 3436 l.
1579 3362 1611 3462 fi
1656 3360 1756 3435 arla.
1773 3358 1820 3459 ff.
1839 3360 1878 3435 de
1895 3358 2086 3459 spanfhlib.
2108 3388 2170 3439 ne-

488 3458 640 3551 periculo
657 3459 784 3530 trtndiu
801 3481 867 3527 non
890 3452 1011 3544 polllnt
1026 3453 1177 3543 protrahi
1199 3464 1233 3529 dr
1248 3451 1315 3526 dii·
1340 3482 1419 3552 gat,
1445 3486 1484 3531 ae
1501 3484 1568 3531 non
1587 3486 1605 3535 e
1631 3458 1803 3533 esmilem
1825 3462 1986 3533 rationem
2005 3463 2094 3533 inter
2106 3486 2170 3553 pa·

490 3554 573 3633 serti
608 3551 897 3629 ramusculorum.
939 3557 1099 3643 Cypraeur
1132 3557 1174 3625 de
1208 3546 1315 3643 spons.
1341 3581 1427 3630 trem
1451 3567 1486 3631 δε
1502 3580 1646 3630 tutorem
1665 3554 1811 3637 adserit·,
1836 3562 1978 3647 proinde
1992 3584 2073 3631 cum
2096 3556 2170 3633 hrea

489 3680 565 3746 cap.
595 3650 677 3728 Vll.
709 3658 737 3745 ς.
766 3676 817 3741 ι4.
886 3655 995 3739 Atque
1027 3651 1097 3722 hec
1117 3653 1252 3740 quidem
1276 3674 1316 3722 ex
1340 3652 1524 3745 prohibitio
1544 3652 1583 3726 stt
1604 3650 1738 3735 odioso,
1764 3658 1840 3729 ideo
1858 3683 1878 3728 a
1898 3676 1995 3748 patre
2016 3659 2058 3730 ad
2078 3678 2173 3732 tuto·

489 3753 663 3846 principiis
693 3752 775 3840 juria
809 3747 939 3833 civilis,
973 3751 1063 3836 quod
1092 3745 1315 3822 necessitatem
1339 3778 1411 3824 rent
1429 3755 1620 3839 neutiquam
1648 3756 1862 3827 extendenda.
1917 3761 1964 3843 3.)
1988 3758 2171 3831 Parentum

489 3845 661 3925 consensus
693 3848 825 3937 paterni
846 3872 886 3918 ex
908 3848 1016 3936 patria
1032 3850 1192 3934 potestate
1210 3850 1316 3920 dedo-
1339 3844 1557 3923 consensoria
1574 3852 1698 3940 nuptiis
1718 3874 1847 3925 tontum
1870 3845 2064 3939 indultum,
2088 3857 2171 3946 quia

489 3950 553 4027 eit,
569 3950 660 4019 redte
675 3938 893 4035 disputantur.
944 3946 1005 4016 Sed
1020 3946 1097 4031 quia
1110 3966 1316 4035 preceptum
1339 3972 1380 4021 ex
1413 3949 1535 4037 pietate
1560 3973 1725 4037 paterne,
1757 3975 1856 4038 quam
1887 3948 1995 4022 nullus
2016 3949 2169 4026 adfellttr

489 4049 532 4119 de
552 4041 750 4114 honorandis
767 4040 977 4130 parentibus,
999 4066 1039 4112 er
1061 4051 1154 4130 cujus
1174 4040 1317 4131 explico·
1340 4046 1465 4127 vincit,
1498 4051 1625 4137 optima
1652 4046 1784 4119 consilia
1810 4072 1874 4138 pto
1903 4047 2019 4121 libera
2046 4075 2170 4143 capere

392 4162 394 4169 ·
490 4144 580 4214 tione
597 4143 631 4212 in
646 4136 723 4230 ipsis
743 4133 911 4231 scripturis
932 4140 1051 4210 tradita
1071 4136 1225 4233 theologi
1239 4164 1318 4212 con·
1338 4144 1601 4235 intelliguntor3
1628 4141 1681 4215 sed
1708 4144 1778 4216 haec
1798 4149 1882 4219 tatio
1904 4149 1940 4218 in
1961 4168 2074 4222 tutore
2099 4144 2170 4223 ces·

491 4235 600 4314 sensus
618 4236 747 4329 paterni
768 4232 989 4309 necessitatem
1010 4258 1150 4328 petunt,
1177 4262 1316 4332 genera·
1341 4239 1410 4320 sat,
1438 4245 1602 4331 quinimo
1619 4246 1837 4331 imperatores
1855 4247 2104 4321 matrimonium
2117 4250 2171 4319 in·

492 4335 524 4411 le
543 4339 590 4409 est
604 4358 717 4408 omnes
733 4336 869 4406 omnino
895 4332 1018 4423 liberor
1043 4333 1215 4425 obliquum
1241 4339 1316 4408 ideo
1341 4359 1393 4411 ter
1408 4361 1553 4413 tutorem
1572 4351 1607 4413 dc
1628 4338 1813 4429 pupillam,
1842 4365 1878 4413 ut
1901 4342 2037 4417 &inter
2055 4345 2171 4438 pupil-

491 4456 530 4508 ut
554 4434 655 4506 liberi
671 4434 704 4502 in
723 4426 919 4505 conscientia
934 4429 989 4506 sua
1002 4430 1162 4508 certiess'e
1176 4426 1318 4526 polsrnt.
1341 4435 1408 4509 lam
1430 4462 1469 4509 ac
1499 4440 1617 4510 tutoris
1646 4434 1753 4521 lilium
1775 4439 2046 4529 prohibuerunt,
2077 4445 2169 4535 quod

492 4532 759 4620 contractionem
782 4525 872 4601 suam
886 4526 950 4602 else
970 4533 1088 4605 divine
1108 4530 1318 4605 voluntati&
1342 4557 1565 4623 vererentur,
1597 4559 1641 4608 ne
1666 4559 1756 4608 tutor
1782 4563 1860 4611 curn
1880 4541 2002 4613 domno
2030 4538 2168 4633 pupille

381 4694 390 4703 .
490 4631 559 4722 legi
582 4624 815 4705 conformem,
838 4627 872 4697 in
903 4651 1098 4717 quacunque
1126 4634 1240 4709 aetate',
1264 4626 1318 4701 vel
1340 4628 1539 4715 ditesceret,
1565 4634 1587 4705 l.
1612 4656 1677 4705 non
1691 4633 1805 4730 salum
1830 4648 1886 4727 ⁶7·
1911 4638 1947 4709 ia
1970 4663 2024 4735 pr.
2048 4638 2089 4713 dr
2108 4641 2169 4715 rii.

491 4728 682 4800 conditione
698 4720 760 4794 fine
773 4722 966 4805 constituti,
991 4746 1165 4815 parentum
1183 4722 1319 4801 consen·
1340 4741 1433 4825 nupt.
1467 4736 1523 4819 4.)
1549 4732 1768 4804 iuratoribus
1788 4733 1884 4807 cessat
1896 4736 1952 4810 illo
1969 4742 2066 4818 totio,
2078 4740 2169 4827 qood

492 4821 562 4898 sum
583 4820 767 4909 explorent.
795 4822 933 4892 Constit.
958 4820 1092 4896 elellor.
1120 4830 1235 4897 Saxou.
1264 4850 1318 4899 ec·
1342 4828 1451 4901 inuita
1468 4852 1532 4901 aaa
1547 4828 1663 4901 dehent
1685 4830 1825 4927 adnasci
1848 4830 1960 4909 stares.
2011 4834 2170 4929 Kliogiur

371 4988 375 4997 .
492 4917 567 4997 cles.
588 4923 622 4990 in
640 4942 713 5007 cap.
733 4938 797 4987 aaa
814 4912 1022 5011 Ehesaclren,
1046 4917 1103 4991 sol.
1126 4946 1318 4998 tto-omne
1340 4931 1374 4995 in
1397 4931 1498 4999 tradi..
1520 4931 1561 5000 de
1586 4924 1669 4999 cros.
1700 4932 1843 5002 matrim.
1869 4955 1904 5021 p.
1928 4951 1984 5018 st.
2008 4937 2050 5006 ad
2076 4937 2169 5009 idem

492 5022 594 5095 :etatis
615 5011 790 5087 discrimen
810 5014 863 5083 hic
885 5016 1049 5089 excludit:
1078 5012 1316 5196 Esssllatstclt
1340 5024 1550 5112 probandum
1570 5028 1724 5112 adducit,
1748 5028 1771 5101 l.
1789 5029 1823 5099 in
1846 5029 2053 5129 copulandis.
2074 5028 2114 5105 C.
2130 5031 2172 5106 de

492 5120 582 5200 irrina
615 5106 767 5207 Isinda,
801 5106 912 5225 Sasine
945 5112 1024 5191 oder
1063 5112 1126 5194 lic
1150 5128 1224 5223 rer,¹
1252 5142 1318 5193 tues
1342 5125 1479 5221 nuptiis.
1530 5125 1678 5223 Quidam
1692 5129 1899 5205 araunium
1926 5135 2091 5214 statuunt,
2115 5156 2170 5204 re·

1181 5244 1189 5261 ⁴
1318 5234 1358 5251 ''
2080 5224 2175 5322 quiri
