4884 5984
384 513 453 588 nc
592 584 597 593 ,
642 514 1001 594 tocvsxxvr.
1052 500 1260 597 einer.
1310 520 1456 598 sacr.
1487 524 1539 597 ιι.
1589 514 1818 600 ιιιιιιι.ΙΙ

380 701 506 782 facinus
541 708 642 784 fuerit
673 734 928 803 perpetratum,
967 715 1034 791 sive
1056 692 1208 808 sequitur
1232 718 1336 805 stupri
1363 716 1501 791 violenti
1534 718 1699 790 statuitur.
1717 719 1831 791 itidem
1862 709 2071 807 capitolin·

382 808 730 892 matrimonium-five
755 814 872 886 minus.
924 821 1100 890 Rationem
1118 823 1208 889 addit
1232 815 1331 889 brea
1351 828 1543 907 conjugato,
1561 814 1626 887 stre
1642 844 1661 886 a
1679 816 1821 902 caelibe,
1847 811 1914 886 slve
1941 815 2061 884 iuuit-

381 909 580 997 justinianus
610 907 645 980 d.
675 907 718 981 i.-
732 906 909 1006 Raptorcs.
974 911 1018 988 Si
1037 918 1124 990 enim
1147 918 1161 989 i
1176 918 1209 1016 s
1232 917 1367 1008 ginem,
1395 920 1548 996 uiduam,
1572 937 1711 1004 nuptam
1725 946 1751 994 ‚·
1765 916 1816 987 vel
1831 915 1933 985 etiam
1951 936 2060 986 mere·

382 1016 536 1100 raptores
557 1005 726 1092 metu,ch
746 1013 926 1085 atrocitate
948 1037 1064 1109 poeuae
1086 941 1184 1089 abd
1233 1016 1352 1087 tricem
1388 1016 1629 1087 committatur.
1717 1015 1871 1087 canones
1896 1006 2072 1098 pontificii

376 1104 529 1198 jusmodi
538 1103 1021 1207 sacinoreseternperaverint,
1044 1112 1128 1187 uuiti
1139 1140 1209 1187 mu-
1233 1136 1369 1203 poenam
1389 1109 1564 1201 capitalem
1584 1112 1782 1201 praepollere
1807 1112 1950 1199 quadam
1977 1109 2062 1183 leni·

380 1201 459 1302 lieri
472 1206 543 1304 sve
563 1205 691 1279 normes·
703 1253 716 1288 ι
732 1208 805 1306 srvc
828 1208 956 1282 uadenti
979 1212 1143 1308 peccandi
1161 1213 1211 1285 io·
1235 1235 1302 1284 tate
1323 1213 1449 1299 raptori
1471 1211 1662 1291 remittunt,
1697 1209 1719 1279 ti
1738 1208 1988 1299 confugeritad
2006 1230 2061 1280 ec-

381 1325 437 1376 cus
453 1302 674 1400 relinquetur,
694 1303 851 1401 quiahoc
868 1306 976 1405 ipsum
997 1311 1075 1385 oete
1092 1308 1391 1388 mulie-,clessam
1428 1319 1462 1382 δι
1486 1310 1719 1397 paenitentiam
1749 1311 1868 1399 egerit.
1902 1310 1981 1379 Vid.
2007 1308 2059 1379 tit.

384 1426 459 1475 rum
481 1402 526 1477 ab
544 1402 675 1503 instdiis
687 1405 784 1502 nequi
821 1406 869 1479 mi
881 1408 1046 1496 bominis,
1072 1412 1130 1507 qui
1147 1436 1212 1483 me·
1233 1407 1390 1481 decretal.
1408 1411 1450 1477 de
1467 1405 1657 1494 raptoribus
1671 1416 1707 1479 tc
1727 1407 1858 1478 intend.
1890 1400 1956 1477 An
1974 1404 2062 1479 inter

379 1501 515 1585 ditatur
542 1504 711 1599 rapinam,
729 1505 765 1577 in
790 1507 910 1581 uritur.
984 1505 1063 1609 Nist
1092 1510 1210 1583 etenim
1234 1516 1402 1603 raptorem
1426 1499 1467 1577 td
1487 1512 1621 1599 raptam
1642 1503 1894 1576 matrimonium
1915 1507 2063 1607 consors

277 1670 280 1675 .
381 1622 454 1673 com
462 1599 717 1698 solicitaverit,
751 1605 813 1703 uisi
841 1606 963 1704 odioss
984 1606 1117 1682 artibus
1145 1611 1211 1683 cir·
1230 1603 1344 1706 posit,
1368 1608 1410 1677 de
1432 1626 1472 1676 eo
1492 1597 1702 1692 dispiciemus
1717 1600 1867 1679 inferius.

259 1766 262 1771 .
382 1702 603 1785 cumvenerit,
623 1724 690 1775 rrvn
700 1700 812 1794 saciet
825 1726 898 1779 eam
922 1702 1001 1778 velie
1022 1710 1057 1780 in
1079 1717 1210 1781 tantum

382 1796 596 1896 dedecussese
611 1799 760 1895 prodere.
816 1809 864 1893 3.)
891 1801 1017 1878 Poena.
1058 1809 1211 1896 Jullinia·
1284 1810 1315 1890 §-
1352 1806 1479 1877 CXXl.
1529 1804 1640 1889 Atque
1668 1798 1736 1872 lec
1762 1803 1806 1874 de
1873 1796 1962 1880 Quat
1983 1803 2063 1865 ivm

382 1923 444 2012 nus
465 1901 497 1971 d.
516 1898 539 1972 l.
564 1926 697 1988 poenam
717 1919 839 2014 ‘raptus
869 1903 978 1977 statuit
1007 1905 1210 1999 capitalem,
1235 1898 1392 1976 consensu
1424 1899 1578 1994 legitimo
1619 1924 1658 1969 aa
1703 1897 1811 1974 litero
1858 1881 2064 2045 2:2”2273'

382 2020 475 2081 stem,
490 2018 526 2068 ut
545 2000 644 2069 etiam
662 1996 758 2084 socii,
779 2010 814 2073 dr
827 2002 884 2089 qui
901 2006 1027 2090 raptori
1041 2029 1140 2095 opem
1158 2025 1211 2076 to·
1234 2006 1321 2075 ditia
1344 1999 1417 2073 fint.
1467 2002 1638 2071 Catencm
1660 2022 1736 2069 eum
1757 1995 1810 2070 su.
1913 2004 1996 2124 ’su‘

267 2110 270 2115 '
382 2093 514 2180 lerunt,
539 2099 655 2168 eodem
671 2122 771 2187 poena
793 2098 1131 2187 comprehendantur.
1166 2097 1209 2175 Si
1234 2103 1345 2191 parius
1365 2100 1492 2171 ditium
1520 2095 1648 2176 fuerit,
1679 2098 1807 2184 requiri

382 2192 420 2269 in
440 2191 514 2291 ipso
529 2196 670 2292 rapina,
694 2192 736 2268 v
759 2193 1048 2292 adirucsiagrantr'
1069 2201 1210 2273 crimine
1233 2195 1384 2287 insuper,
1409 2216 1447 2265 ut
1463 2189 1635 2266 consensus
1662 2190 1703 2265 fit
1724 2217 1837 2281 verus,
1865 2205 2001 2271 mutuus
2021 2191 2064 2272 Β

302 2364 305 2369 .
382 2292 600 2393 comperiens
608 2293 760 2387 suerint,
785 2294 1016 2390 aparentibus
1036 2299 1208 2394 virginum
1233 2298 1381 2370 exterius
1403 2290 1619 2377 declaratus,
1642 2296 1803 2380 quaeritur
2048 2306 2053 2313 '

382 2390 438 2465 vei
454 2392 687 2487 ingenuarum,
708 2392 762 2465 vei
777 2393 965 2482 viduarum,
986 2396 1040 2469 vei
1053 2422 1209 2492 quorum·
1235 2395 1297 2467 hoc
1320 2395 1409 2465 locos
1452 2397 1492 2479 l.)
1506 2388 1578 2463 An
1600 2393 1648 2475 is,
1677 2392 1800 2571 quis.
1847 2386 2064 2472 1.)etnqur'fi-

383 2488 717 2592 iibetsoeminarum‚¹
739 2502 800 2562 aut
816 2515 929 2565 earum
944 2493 1208 2592 consanguineis,
1234 2492 1363 2566 nruiuto
1384 2491 1499 2561 aninso
1522 2489 1592 2586 sese
1618 2486 1734 2588 conseres
1747 2487 1804 2587 sse
1834 2538 1837 2543 »
1862 2470 1977 2533 ΜΨ
1996 2486 2066 2533 ⁶⁰¹⁸·

386 2599 481 2661 autu
502 2589 689 2671 tutoribus,
713 2587 766 2662 vei
779 2590 1000 2677 curatoribus,
1016 2594 1070 2665 vei
1089 2604 1210 2692 potro-
1234 2592 1337 2675 dicut,
1355 2588 1403 2660 ad
1416 2590 1553 2684 nuptias
1565 2590 1731 2683 cogendus
1740 2584 1804 2685 st?
1853 2544 2064 2710 sffisfff'

388 2688 454 2771 nis,
469 2687 523 2760 vei
537 2687 684 2761 dominis
705 2686 847 2762 convitii
859 2691 1003 2789 interfici
1012 2696 1211 2789 permittun-
1235 2690 1436 2778 proponitur
1448 2688 1609 2776 ejusmodi
1627 2684 1716 2759 cesus
1728 2713 1802 2776 cap.
1881 2740 1887 2747 -

289 2846 291 2851 .
383 2797 457 2872 tur,
483 2789 562 2882 quin
584 2782 625 2860 &
645 2786 714 2871 illi,
751 2788 809 2882 qui
825 2789 1020 2884 raptoribus
1039 2791 1209 2865 auxilium
1240 2784 1484 2885 Canetonum
1508 2787 1548 2858 x”.
1573 2783 1853 2881 despomirlibus.
1906 2784 1995 2863 Cum
2008 2788 2067 2885 su·

276 2940 278 2945 -
383 2886 465 2959 iuva
480 2887 567 2960 souis
585 2896 728 2981 tempore
743 2884 916 2981 praebeut,
947 2888 1078 2984 impune
1103 2890 1211 2963 occidi
1236 2886 1329 2960 venis
1342 2884 1478 2982 quidam
1496 2886 1610 2956 omnia
1625 2897 1782 2981 expertus
1797 2880 1888 2982 eset,
1911 2898 1952 2959 ut
1966 2885 2068 2959 bone·

379 3009 427 3083 po
455 2997 523 3056 unt.
576 2980 618 3058 Si
626 2984 721 3079 suga
733 2980 802 3082 sbi
816 2982 1007 3079 consulant,
1034 2991 1211 3088 magistra·
1229 2991 1317 3087 stain
1333 2984 1502 3065 nsssliercm
1523 2985 1571 3055 ad
1579 2987 1729 3083 sirsmum
1752 2985 1936 3070 induceret,
1963 2984 2067 3059 aiitn·

384 3094 439 3158 tus
454 3107 494 3156 ac
505 3083 636 3179 judices
665 3104 823 3183 magnam
837 3080 1089 3178 solicitudinem
1110 3087 1211 3161 'adbi-
1234 3108 1322 3167 vera,
1347 3084 1393 3155 ad
1406 3082 1444 3154 id
1457 3105 1529 3155 eam
1547 3082 1700 3156 inducere
1712 3106 1779 3155 non
1791 3079 2067 3179 potuiset,quam

383 3181 642 3278 berejubentur‚
671 3193 710 3254 ut
726 3203 780 3253 eos
798 3180 1210 3280 pofflntcompreirenderc,
1234 3194 1272 3256 ut
1281 3182 1388 3280 fidem
1410 3182 1622 3255 matrimonii
1637 3183 1668 3254 ei
1689 3181 1811 3268 daret,
1844 3180 1910 3252 bac
1927 3180 2067 3255 tandem

387 3277 430 3354 ΕΞ
450 3277 695 3376 conspredensvs
715 3280 750 3351 in
766 3276 833 3352 tali
845 3281 983 3354 erimine
1001 3287 1075 3383 pasl
1097 3283 1212 3380 iegiti·
1228 3280 1357 3375 sroude
1380 3276 1498 3374 usare
1538 3334 1548 3365 ,
1586 3290 1626 3351 ut
1641 3277 1708 3375 sub
1727 3272 2068 3379 ,Jotonnisnomirre

387 3402 462 3453 mar
493 3376 534 3452 (5
546 3380 624 3478 juri
647 3378 802 3475 cognitas
824 3376 1040 3476 probationes
1057 3383 1120 3468 fine
1132 3382 1212 3477 sori
1235 3404 1307 3452 curn
1322 3377 1426 3450 aliter
1444 3379 1480 3472 ip
1496 3389 1717 3464 evocaretur,
1731 3377 1926 3474 conjugium
1942 3380 1977 3454 ei
1987 3402 2068 3477 pro·

379 3476 632 3579 prascriptione
649 3475 828 3576 durifflvsis
840 3480 958 3574 poeuis
976 3479 1139 3578 adficere,
1171 3477 1212 3554 ti
1238 3479 1383 3550 mitteret
1395 3475 1448 3547 iris
1467 3472 1598 3548 verbis:
1623 3468 1809 3575 ,vaanncs
1825 3488 1858 3551 te
1873 3474 2065 3575 desponsat,-

384 3578 505 3653 mortis
524 3574 696 3675 supplicio
728 3573 964 3662 condemnare,
996 3602 1054 3650 nec
1073 3579 1141 3652 uilo
1165 3578 1213 3651 ad
1235 3599 1299 3673 qno
1328 3573 1408 3647 doio
1434 3572 1541 3648 illatio
1565 3577 1687 3648 mulier
1715 3578 1848 3674 copiam
1866 3574 1928 3672 sui
1951 3578 2065 3671 serit,

377 3675 583 3777 superiorem
600 3676 833 3775 magistratum
852 3674 1043 3773 adpetendi
1059 3678 1138 3779 ipss
1152 3675 1213 3750 da·
1233 3673 1440 3775 postmodum
1475 3692 1552 3779 vero
1572 3674 1721 3773 testatur
1743 3678 1787 3776 esi
1812 3696 1981 3771 nunquam
1997 3673 2068 3777 sibi

386 3790 443 3852 tur
459 3776 606 3852 licentia.
656 3778 706 3855 Ac
733 3769 912 3859 siquidem
934 3774 1079 3862 ancsslae,
1103 3774 1159 3850 rel
1172 3775 1213 3847 li.
1237 3776 1386 3846 animum
1399 3767 1504 3868 saise
1518 3795 1591 3843 eam
1605 3771 1747 3846 ducendi
1758 3830 1767 3860 ‚
1794 3772 1854 3846 itio
1872 3774 2067 3874 verofideru

299 3890 303 3901 ⁴
384 3876 522 3955 bertinae
540 3873 612 3959 sint,
632 3897 704 3960 quse
721 3872 870 3959 rapinam
884 3868 979 3960 palie
994 3868 1208 3962 sunt,rapto·
1238 3872 1449 3946 matrimonii
1472 3872 1590 3943 datam
1607 3868 1678 3970 sbi
1700 3872 1801 3968 petiit
1812 3870 1960 3969 servari.
2013 3882 2068 3950 ln<

384 3999 438 4048 res
453 3972 684 4047 tantummodo
702 3964 799 4057 supra
825 3971 914 4041 ditia
934 3994 1032 4059 poena
1057 3971 1210 4061 plectun-
1234 3977 1275 4045 de
1290 3970 1461 4060 quaesttum
1476 3973 1555 4057 quid
1569 3968 1680 4067 juris?
1705 3969 1855 4043 Pontifex
1876 3967 2066 4063 respondit,

385 4094 458 4158 tur,
480 4069 662 4143 substantiis
681 4090 797 4139 eorum
810 4064 937 4138 nubam
955 4069 1209 4142 diminutionem
1234 4070 1427 4165 conjugium
1446 4090 1512 4140 narr
1523 4063 1630 4165 saise
1647 4068 1863 4156 contradam,
1884 4095 1946 4145 nec,
1959 4072 2069 4169 impo-

304 4204 309 4211 ·
385 4167 531 4264 palloris.
582 4170 638 4241 Sin
656 4186 766 4254 autem
785 4164 820 4234 in
839 4165 1018 4257 ingenuam
1037 4162 1210 4257 personum
1227 4173 1351 4273 starem
1375 4166 1422 4238 ad
1443 4165 1610 4239 mulierem
1634 4166 1817 4241 ducendam
1840 4168 1955 4242 debere
1974 4174 2065 4269 cogi.

386 4269 453 4343 tole
468 4267 594 4342 fucinus
622 4282 857 4354 perpetretur,
890 4265 990 4335 etiam
1022 4289 1138 4338 omnes
1159 4290 1211 4339 res
1236 4274 1311 4342 Hoc
1330 4260 1523 4354 responsum
1544 4262 1710 4354 pontilicis
1730 4270 1874 4358 erogitat
1896 4275 1981 4342 Beza
1997 4268 2068 4352 tib.

246 4438 249 4445 .
324 4436 331 4453 ,.
385 4366 525 4443 mobiles
551 4361 607 4437 seu
632 4358 819 4435 immobiles
840 4365 982 4450 raptoris
1004 4373 1039 4438 δι
1061 4389 1209 4454 eornm,
1235 4370 1276 4439 de
1297 4368 1414 4454 repud.
1438 4389 1476 4434 ec
1495 4365 1617 4438 divort.
1635 4388 1670 4453 p.
1694 4382 1751 4456 85.
1774 4390 1813 4439 ae
1832 4366 1986 4455 plumba,
2007 4373 2068 4444 dg,

291 4521 297 4530 -
385 4471 444 4559 qui
460 4466 514 4539 illi
527 4460 725 4539 adfuerunt,
746 4461 869 4532 cedunt
884 4482 1009 4551 rapte,
1034 4471 1101 4537 dte.
1142 4467 1211 4537 Ra·
1236 4467 1417 4537 monstrare
1431 4462 2067 4554 conatururgumentis,sponsaliafuill'e

387 4569 512 4638 tionem
557 4560 656 4646 hujus
694 4554 872 4628 severitatis
905 4563 1087 4647 imperator
1118 4561 1211 4632 addit
1236 4585 1306 4635 rata
1328 4586 1367 4633 ac
1391 4557 1514 4640 firma,
1547 4571 1583 4635 ἃ
1603 4562 1818 4649 impostorem
1836 4569 1878 4636 ad
1896 4588 1959 4646 ea,
1991 4584 2067 4656 que

387 4664 535 4736 beraeae:
570 4655 676 4731 Nullo
693 4653 790 4727 modo
811 4654 960 4752 nudoque
975 4667 1120 4754 tempore
1150 4657 1212 4730 da·
1236 4657 1408 4751 promifit,
1435 4654 1592 4730 servando
1612 4662 1690 4749 cogi
1711 4658 1810 4748 polle.
1860 4666 1991 4738 Contra
2006 4690 2067 4741 re-

288 4764 290 4771 '
384 4772 442 4836 tur
464 4784 486 4832 a
511 4760 621 4858 nostra
640 4753 822 4852 serenitate
851 4753 1063 4831 licentia-eis
1082 4754 1212 4851 consen·
1236 4785 1274 4830 ro
1295 4756 1469 4829 Albericas
1490 4756 1631 4829 Gentilis
1654 4757 1710 4829 lib.
1736 4762 1777 4831 il.
1799 4764 1841 4835 de
1865 4784 1962 4850 nupt.
1988 4787 2066 4858 capt

298 4932 300 4938 .
384 4862 476 4941 cire.
513 4858 570 4955 qui
600 4853 716 4954 hostili
739 4876 827 4928 more
847 4854 884 4926 in
902 4856 1014 4953 nostra
1039 4852 1211 4950 republica
1240 4858 1288 4929 V.
1312 4880 1389 4946 pag.
1407 4866 1486 4935 28³.
1506 4880 1543 4927 ac
1559 4860 1718 4943 Crpraeus
1735 4861 1776 4929 de
1794 4854 1897 4948 spons.
1914 4884 2070 4957 pegma.

234 5038 237 5047 ,
367 4951 823 5056 'matrimoniasludentsbi
839 4956 1046 5049 conjungere,
1064 4951 1132 5028 etc.
1173 4961 1211 5024 ln
1235 4951 1401 5043 pontificis
1435 4948 1628 5025 sententiam
1656 4958 1804 5040 judicant
1837 4956 2068 5050 veriilimrm,

384 5049 614 5138 eonstseecles.
633 5051 728 5127 elett.
756 5055 894 5145 Augusti
917 5056 952 5124 in
966 5079 1039 5144 cap.
1055 5056 1097 5126 de
1111 5059 1210 5143 poena
1235 5058 1323 5141 quod
1349 5048 1472 5123 scilicet
1493 5056 1654 5139 ejusmodi
1677 5048 1834 5142 sponsalia
1858 5056 1919 5131 lint
1937 5059 2068 5139 nullius

293 5230 297 5237 .
384 5157 516 5238 [ωιιιιι.
532 5165 567 5234 tc
580 5152 684 5231 adult.
705 5147 768 5231 tol
802 5160 880 5231 116.
905 5176 1008 5245 pono
1027 5173 1149 5259 suptus
1172 5174 1211 5224 aa
1233 5151 1365 5229 roboris
1378 5152 1591 5239 nitimurrle,
1617 5174 1681 5226 nea
1707 5158 1898 5249 cogendum
1920 5159 1986 5236 effe
2007 5165 2072 5237 dg.

1951 5287 2073 5360 cepto·
