4884 5984
796 547 803 564 ‚
932 483 994 556 ut
1044 480 1318 559 cottnnrv.
1475 501 1477 512 ·
1600 471 1605 481 “
1731 571 1735 580 ,
1902 483 1942 568 tt
2024 557 2027 566 ,

334 673 424 748 cente
441 679 567 752 munda
582 696 702 751 nutura
722 671 865 747 hument
877 673 1037 764 paulatim
1055 647 1319 772 litt'caasultum
1349 677 1391 755 s!
1411 677 1569 777 salutare
1587 677 1630 778 esl
1650 674 1716 774 sul
1741 675 1802 752 linc
1830 669 1939 770 impu·

334 771 542 858 ailoecillior,
575 803 653 848 cum
677 773 772 847 furor
792 775 919 846 dioboli
946 773 984 846 sit
1011 774 1112 864 longe
1134 777 1258 876 rissimo
1273 777 1435 854 libidinis
1457 805 1578 876 regno,
1608 801 1797 874 quocunque
1823 776 1939 846 caniu-

334 875 444 954 utior,
467 897 506 945 ac
526 877 683 964 postremi
707 871 803 944 huius
819 868 920 945 seculi
943 871 1112 962 pertetfio
1134 878 1195 972 gio
1216 875 1369 952 liberati.
1423 879 1626 953 Haeconinia
1643 874 1820 949 lutherus.
1868 875 1940 944 Ne·

334 990 418 1060 unge
437 973 577 1058 tristior,
598 997 696 1062 quum
715 968 938 1061 superioribus
951 970 1113 1061 tempori·
1135 977 1208 1066 geri
1225 997 1314 1048 certe
1336 980 1469 1067 nequit,
1493 980 1664 1066 impurum
1681 969 1940 1046 sacrificulorum

334 1091 398 1150 tue3
423 1068 502 1141 ideo
522 1073 557 1141 in
576 1070 735 1142 coelibatu
752 1069 907 1160 eligendo
929 1065 1112 1156 quemlibet
1135 1097 1174 1144 nc
1195 1073 1441 1148 manachorum
1458 1075 1628 1166 papalium
1652 1071 1844 1144 coelibrtum
1862 1091 1940 1154 trit·

334 1169 431 1238 rocta
449 1167 574 1240 debete
592 1172 641 1238 uti
659 1171 835 1248 examine,
859 1193 903 1240 an
920 1161 985 1239 sese
1006 1186 1112 1237 teuta·
1134 1165 1204 1242 snut
1229 1169 1377 1253 dedisse,
1411 1197 1448 1244 ut
1480 1176 1584 1245 callus
1615 1174 1714 1244 etiarn
1739 1166 1940 1254 coelibrtut,

334 1261 460 1334 ionibus
474 1289 635 1354 exponet,
659 1293 697 1338 ec
717 1269 805 1338 virts
825 1261 895 1337 sunt
907 1267 1111 1354 ponderare,
1134 1271 1191 1356 qui
1207 1271 1285 1340 alins
1301 1274 1346 1342 eli
1364 1295 1470 1361 genus
1493 1275 1568 1343 vite
1590 1275 1665 1346 Deo
1686 1267 1840 1358 placent,
1865 1268 1939 1354 qui·

334 1385 358 1432 n
376 1365 503 1435 donum
520 1366 605 1436 calle
631 1367 766 1440 vivendi
790 1364 920 1436 hubert.
971 1361 1111 1434 inclina·
1134 1389 1200 1452 que
1221 1371 1263 1438 ad
1285 1367 1385 1440 exsilii
1406 1373 1617 1444 incommoda
1642 1365 1779 1440 serenda
1803 1366 1941 1452 expedi·

334 1463 363 1532 io
385 1457 476 1533 sexus
498 1462 540 1536 ad
564 1459 675 1535 sexum
697 1462 759 1552 ipsi
784 1484 909 1535 neturae
938 1463 973 1531 in
1003 1461 1111 1548 prime
1135 1467 1217 1550 tior,
1240 1474 1274 1538 dc
1290 1471 1330 1536 cd
1352 1463 1763 1542 coertionistcclesnsticae
1781 1460 1939 1550 officia&

334 1559 481 1640 tentione
500 1560 549 1632 est
570 1558 683 1644 insta,
709 1565 752 1634 ad
774 1585 872 1651 quent
891 1561 963 1653 post
982 1551 1110 1648 lapsum
1135 1563 1265 1653 pietatis
1284 1569 1438 1638 exercitio
1461 1571 1494 1638 in
1518 1559 1665 1655 personis
1690 1563 1815 1644 idoneis
1834 1571 1941 1646 quari·

334 1653 517 1730 “efferunt
534 1656 709 1730 libidinum
732 1657 901 1740 iitmm»
934 1655 1053 1744 quibus
1076 1658 1112 1726 in
1131 1665 1246 1748 doque
1270 1665 1400 1750 aptior,
1432 1665 1520 1752 apud
1549 1661 1671 1736 multos
1695 1661 1781 1732 mule
1803 1661 1937 1738 audiat,

334 1777 380 1826 uc
402 1751 518 1827 effoetr
537 1759 653 1827 mundi
672 1752 801 1830 senettt
819 1778 938 1828 nature
961 1751 1112 1825 imbecil·
1137 1759 1191 1832 tel
1209 1761 1246 1830 in
1264 1755 1445 1851 suspicione
1460 1761 1600 1842 haren,
1624 1788 1643 1832 ι
1664 1783 1729 1848 qur
1747 1757 1769 1829 si
1788 1761 1860 1844 quis
1877 1780 1945 1845 per.

334 1854 382 1924 int·
399 1855 508 1924 minut
524 1851 663 1934 ce'tillit,
687 1854 746 1926 nist
770 1857 804 1925 id
829 1853 886 1927 liat
911 1877 972 1944 per
999 1854 1111 1922 coniu—
1135 1853 1309 1930 honestum
1342 1861 1534 1951 coniugium
1553 1859 1630 1934 sese
1657 1855 1801 1930 liberrrc
1827 1857 1939 1943 potiut

334 1953 434 2036 ,ium
459 1953 642 2041 requiritur
658 1955 763 2043 igitur
777 1956 819 2024 ad
840 1951 922 2024 illud
941 1950 1112 2022 contineri·
1138 1953 1238 2040 velit,
1267 1981 1366 2042 quam
1387 1961 1421 2028 in
1447 1957 1604 2030 cerlibrtu
1627 1979 1852 2047 permonere,
1883 1975 1938 2025 re·
1980 2007 1982 2012 -

334 2049 370 2120 lc
392 2053 518 2124 donum
535 2052 697 2122 divinitus
714 2053 826 2122 datum
838 2098 850 2132 ,
875 2054 965 2138 quod
984 2048 1113 2119 nuncil
1137 2051 1393 2140 prehendendut
1413 2059 1550 2129 minime
1572 2057 1646 2128 ecit.
1699 2049 1879 2128 Cassander
1903 2049 1939 2120 in

334 2148 471 2232 uteribus
483 2173 682 2228 commune,
707 2159 741 2220 dt
760 2152 801 2220 de
818 2174 884 2236 qtto
902 2173 969 2219 nun
989 2145 1113 2218 erllont
1137 2145 1277 2222 consult.
1299 2173 1362 2223 nrt.
1378 2151 1506 2226 XXlll.
1522 2157 1563 2226 de
1581 2153 1692 2226 toelib.
1716 2147 1837 2222 interd.
1856 2173 1937 2242 pag.

334 2241 592 2340 tlee.generales
610 2243 858 2334 promissiones,
883 2244 963 2317 sicut
985 2249 1026 2316 de
1042 2240 1113 2313 eliis
1143 2267 1221 2336 ¹99·
1272 2247 1455 2337 „Plerique
1480 2251 1631 2338 homines
1653 2252 1744 2324 anai
1765 2259 1800 2322 dc
1824 2249 1874 2337 pii
1895 2251 1939 2320 td

334 2345 437 2424 lanis,
462 2341 518 2418 sed
531 2343 579 2416 est
599 2368 781 2432 paucorum
802 2363 930 2414 tentum
953 2366 992 2413 rc
1014 2338 1114 2430 plene
1137 2348 1381 2422 „conunentiae
1400 2343 1667 2422 observttionem
1683 2347 1890 2436 adstringere
1906 2341 1940 2420 se
2035 2391 2043 2440 ’.

334 2439 493 2532 iugulare.
545 2439 704 2536 Deselitu
721 2444 822 2541 naslri
842 2440 1017 2537 temporis,
1042 2439 1115 2532 qai·
1138 2442 1306 2530 „nolunt,
1333 2469 1409 2518 curn
1430 2455 1464 2520 dc
1481 2443 1680 2520 infirmitutit
1696 2442 1757 2522 sttae
1774 2445 1939 2530 tationem

334 2563 380 2620 aas
400 2565 468 2614 ιιοιι
482 2539 597 2638 stilum
624 2542 772 2625 merita,
794 2537 857 2638 scd
876 2561 1017 2634 corpora
1041 2531 1116 2632 ipsa
1138 2539 1339 2624 „habetntt
1374 2553 1409 2618 &
1440 2543 1609 2634 exemplit.
1627 2545 1873 2632 turpitudinum
1902 2550 1939 2614 dc

334 2641 488 2718 mittum
503 2639 713 2734 defecerunt,
737 2639 774 2712 di
802 2638 954 2713 ettilonis
964 2637 1117 2734 ptislinae
1138 2687 1162 2718 ‚‚
1173 2633 1351 2722 scelerum,
1373 2666 1445 2728 quae
1461 2663 1621 2729 praetcttu
1634 2641 1808 2714 coelibutus
1821 2635 1939 2729 passim

334 2761 387 2814 toa
397 2741 533 2838 patitur
546 2751 676 2812 manere
695 2762 750 2812 cen
766 2760 882 2821 uram,
904 2735 1017 2808 scribit
1033 2756 1117 2821 pou·
1140 2737 1202 2823 „in
1224 2738 1338 2808 oculor
1368 2748 1403 2812 dc
1432 2764 1526 2812 curet
1551 2743 1749 2826 incurrunt,
1776 2760 1953 2826 monera-t,

334 2835 401 2912 ifex
417 2837 566 2930 Pelagius
580 2864 609 2910 c.
627 2839 860 2912 Frtternitatis.
872 2837 946 2908 diti.
964 2855 1020 2928 34.
1041 2853 1116 2904 cam
1140 2889 1162 2921 „
1172 2854 1236 2908 tur.
1251 2881 1274 2914 ,ι
1303 2839 1356 2926 3.)
1372 2835 1609 2910 Considetetur
1623 2839 1722 2909 etiam
1739 2835 1834 2920 illud,
1848 2835 1940 2921 quot

334 2933 627 3034 &dispensatione
649 2933 886 3032 misericordiae
905 2936 945 3005 ad
966 2934 1117 3003 diacone·
1140 2929 1309 3023 pontificii
1342 2930 1536 3022 fimplicitet
1563 2945 1598 3010 dt
1631 2933 1780 3008 obsolute
1809 2932 1941 3026 clericia

334 3061 391 3112 ιιιιι
412 3059 490 3108 eum
517 3033 743 3125 proveheret,
773 3034 831 3131 qui
857 3033 929 3131 past
955 3029 1117 3126 legitima
1140 3032 1297 3121 coniugio
1326 3031 1541 3106 interditium
1572 3028 1637 3106 elle
1669 3035 1835 3118 dumont,
1859 3033 1943 3122 quin

334 3133 442 3210 iuncis
458 3145 596 3208 martem
609 3133 708 3232 filias
724 3157 768 3204 cx
783 3129 908 3206 nmilia
915 3124 1116 3225 susceperat.
1140 3134 1209 3202 imo
1224 3149 1387 3218 protervo
1402 3153 1461 3202 ore
1474 3131 1691 3212 ebuccinent,
1712 3125 1943 3227 coniugiasu·
1970 3119 1995 3168 ³

334 3235 577 3328 luentomcgis
592 3236 626 3303 in
640 3235 797 3322 eligendo
815 3228 1118 3317 honessocaniugio
1140 3225 1308 3301 cerdatnm
1337 3227 1558 3300 concubinatu
1589 3224 1630 3302 {t
1649 3227 1857 3324 scortatione
1882 3223 1942 3322 ese

334 3356 391 3404 tac
408 3334 492 3408 ratio
510 3335 645 3404 adtendi
660 3328 785 3406 debet?
827 3326 880 3425 2.)
903 3333 938 3398 ll.
954 3325 1119 3396 lutherus
1143 3327 1318 3420 turpiornc
1344 3324 1365 3395 fi
1387 3329 1460 3412 quis
1476 3349 1560 3415 ergo
1577 3328 1611 3395 in
1632 3328 1814 3396 ministerio
1833 3323 1943 3396 eccle·

334 3457 357 3502 u
390 3427 615 3518 prapofitione
643 3431 686 3500 dc
713 3428 858 3518 digamia
885 3417 1119 3512 episcoporum
1144 3423 1267 3495 sicilico
1285 3423 1479 3493 constitutus
1498 3421 1691 3494 coelibrtum
1713 3419 1943 3510 amplctiive·

334 3551 410 3602 tuno
430 3543 531 3615 1528.
545 3521 728 3616 disputatis,
740 3548 812 3612 quae
828 3521 1119 3593 habenturtoma.
1145 3521 1202 3600 lit,
1222 3518 1402 3610 diligenter
1423 3541 1564 3600 cavent,
1589 3545 1631 3594 ne
1658 3518 1861 3591 occisionem
1890 3513 1943 3590 su·

334 3651 417 3717 iper.
444 3630 516 3698 lut.
545 3621 604 3700 sal.
627 3631 711 3712 496.
733 3619 958 3712 propofitione
989 3641 1065 3705 125.
1085 3624 1120 3688 dt
1144 3615 1291 3706 spirandi
1305 3615 1444 3690 infirmit
1459 3617 1623 3708 prebeat,
1637 3621 1726 3705 quod
1743 3616 1952 3714 horrendam¹

334 3719 410 3814 eqq.
426 3721 508 3794 illud
524 3745 659 3794 monet:
693 3717 790 3794 Sicut
815 3721 851 3791 ia
872 3716 1051 3814 primitiva
1072 3737 1122 3786 et·
1145 3716 1235 3787 illurn
1263 3711 1464 3801 Babylonica
1495 3717 1677 3788 meretricis
1703 3719 1947 3804 turpitudinem

334 3823 423 3922 :lesu
441 3818 720 3916 laudabilesnit,
749 3817 984 3913 virginitatem
1006 3811 1046 3886 st
1061 3833 1122 3884 ta·
1144 3811 1335 3902 adprobet,
1360 3813 1414 3886 vel
1431 3838 1470 3885 et
1489 3819 1628 3902 quadem
1649 3813 1844 3887 recellitrtis
1870 3815 1947 3910 lege

334 3921 468 3998 'iliatam
495 3917 650 3993 extoliere
670 3931 788 3992 coeetra
810 3915 980 3991 licentiam
1010 3909 1121 3984 iudai·
1145 3917 1187 3986 ud
1218 3907 1411 3984 coelibrtum
1435 3908 1467 3983 se
1491 3914 1650 4002 adstringi
1677 3916 1844 3998 opinetur.
1896 3925 1944 4005 4.)

334 4019 534 4114 :iconiugit'
558 4015 609 4106 4&
634 4017 776 4114 gentilis
797 4012 1045 4112 scortationis:
1071 4009 1123 4080 ita
1146 4006 1354 4086 Coelibatum
1369 4008 1532 4098 epoliolut
1546 4011 1703 4100 coniugio
1718 4006 1854 4096 prefert
1865 4032 1947 4108 pro-

334 4143 425 4198 ιιιιιι,
441 4115 613 4191 laudabile
649 4119 720 4217 est,
749 4116 941 4208 coniugium
968 4105 1124 4183 extollere
1144 4120 1222 4208 pter
1233 4118 1414 4202 temporum
1428 4103 1560 4180 illorum
1580 4105 1802 4206 acceffltntcm,
1820 4115 1853 4184 dt
1869 4109 1946 4197 quie

334 4229 442 4294 rantra
456 4215 646 4290 calliarum
666 4213 802 4316 ecclesa
825 4211 1042 4292 derivativa,
1064 4205 1126 4278 linc
1148 4203 1273 4281 coelebs
1291 4209 1474 4296 expeditius
1497 4228 1614 4280 curare
1627 4209 1850 4307 potestque.
1863 4205 1948 4304 snat

334 4323 391 4432 st,
418 4327 534 4390 canera
556 4313 774 4416 prostitutam
798 4335 846 4407 pa
871 4311 972 4410 islicae
994 4303 1124 4378 ntnni·
1152 4303 1309 4379 Domini.
1360 4303 1502 4397 Quodfi
1526 4331 1609 4398 erga
1624 4317 1803 4398 tempus&
1819 4309 1949 4380 vocatio

334 4417 485 4492 ancianis.
538 4411 624 4488 Cum
647 4416 735 4486 enine
761 4337 935 4484 cnliilattts
961 4404 1060 4478 laodic
1099 4413 1127 4476 tt
1149 4405 1311 4480 einrmodi
1332 4406 1527 4494 contingat,
1555 4426 1592 4474 ut
1612 4398 1732 4475 adscita
1753 4403 1841 4498 thari
1865 4400 1952 4502 socie

334 4511 606 4592 sereaocnbulnm
617 4515 689 4612 sne
704 4535 763 4597 re,
785 4505 1048 4605 peruiciosfflml
1080 4503 1127 4576 'ci-
1152 4529 1238 4576 vere
1265 4504 1395 4592 pietatis
1416 4497 1554 4573 tludiosc
1577 4501 1738 4574 liberetur
1761 4503 1871 4589 quita
1895 4527 1953 4600 cue¹

334 4617 405 4690 licet
423 4611 594 4709 exempli,
622 4611 704 4688 telle
723 4609 851 4700 sacient
871 4606 974 4678 etiam
996 4603 1041 4687 ii,
1070 4601 1128 4696 qui
1151 4605 1196 4675 ris
1219 4602 1269 4673 rei
1288 4598 1481 4684 familiaris,
1513 4609 1547 4674 dc
1572 4599 1634 4670 hac
1662 4600 1791 4672 ratione
1822 4603 1958 4694 negotiu

334 4739 394 4794 ιοιι
412 4711 513 4792 valde
533 4721 691 4798 urantur,
710 4693 741 4808 s
762 4705 914 4804 exemplo
929 4701 994 4800 sua
1016 4701 1128 4772 caniu-
1151 4697 1286 4790 publice
1303 4701 1338 4770 in
1357 4697 1537 4770 ministerio
1554 4695 1770 4772 ecclesiastico
1789 4721 1955 4792 peragen-

334 4815 382 4914 gn·
403 4795 538 4909 causam
554 4813 672 4907 juvent
695 4808 742 4880 ad
765 4807 856 4881 illius
879 4799 1127 4877 condemnatio·
1151 4803 1194 4872 da
1209 4798 1395 4885 expeditius
1415 4792 1523 4869 subire
1540 4793 1663 4886 poffit,
1690 4817 1760 4870 tum
1783 4791 1879 4880 celltt
1897 4797 1956 4898 illu

334 4937 413 4988 ιιιιι.
465 4901 560 4984 Nam
587 4935 661 4984 cum
684 4904 816 4980 Daniel
846 4901 887 4978 sl
913 4899 1046 4974 Paulus
1066 4920 1129 4976 an·
1151 4897 1238 4969 ratio
1255 4892 1453 4992 apotolica.
1487 4919 1526 4966 oc
1550 4897 1606 4983 pie
1625 4897 1745 4968 coniux
1773 4897 1957 4995 ellpotiue

334 5011 515 5110 licltresam
536 5007 617 5102 sore
637 5007 826 5103 predicent.
837 5000 991 5095 coniugii
1003 4998 1128 5098 dasem
1152 4995 1353 5082 adiutorium
1364 5017 1462 5082 quam
1474 4994 1765 5082 impedimentum.
1780 4989 1956 5094 5·)Q¹,¹¹⁰,e

334 5099 554 5204 arduumque
587 5103 746 5182 libidinis
773 5101 816 5180 tr
843 5100 956 5176 omnis
975 5097 1129 5197 peccati,
1154 5098 1267 5262 ἀοιιὲι
1286 5115 1379 5168 uniat
1402 5100 1435 5168 dt
1454 5089 1651 5168 desdetium
1668 5095 1958 5207 propugandigep

386 5203 479 5284 Tota.
506 5203 619 5282 XVI.
1475 5235 1477 5240 ·
1848 5213 1958 5282 dieti·
