4884 5984
463 593 466 600 .
568 653 579 662 ⁸
700 535 762 614 DE
784 536 1077 660 -·CONSENSVS
1126 534 1388 614 PARENTVM
1434 537 1753 614 NECESSITATE:
1818 605 1823 612 .
1992 551 2075 638 [83

378 731 535 825 requisito
550 735 710 808 divinitus
725 733 924 811 institutam
975 736 1107 809 induto.
1158 735 1213 808 Sin
1240 729 1390 807 Paterno
1406 732 1552 812 arbitrio
1569 733 1732 832 stramina
1766 730 1878 810 ’anda
1908 731 1996 808 uiris
2020 757 2078 809 ca·

380 859 462 908 neto
478 837 615 922 quaeiiio
634 832 673 909 stt
686 840 727 908 de
744 839 901 928 conjugio
920 760 1043 926 ubique
1064 831 1216 907 ectitfia-
1239 844 1314 908 rent
1328 834 1438 934 culpa.
1501 843 1577 924 Vi.)
1604 839 1689 924 cap.
1754 838 1891 937 osirates
1914 844 1980 910 &a
1998 837 2076 916 dist.

379 935 466 1007 iiicis
482 932 547 1006 iliis
563 934 682 1007 ritibus
700 933 887 1016 celebrato,
912 933 1074 1018 illudnon
1090 936 1125 1006 in
1139 931 1215 1005 foto
1245 956 1299 1023 30.
1319 959 1352 1023 q.
1371 956 1404 1022 -ς,
1425 959 1466 1007 ex
1489 933 1625 1024 epistola
1652 934 1783 1007 Nicoiai
1815 958 1910 1026 papa
1934 937 1976 1007 ad
2001 960 2083 1009 con·

378 1028 616 1115 conscientia,
640 1029 703 1110 ,sed
728 1037 763 1105 in
794 1032 869 1106 foro
891 1033 1049 1106 duntaxat
1079 1054 1216 1105 externo
1241 1027 1322 1105 suita
1338 1032 1589 1126 Bulgatotum:
1622 1031 1816 1132 nuptialia
1837 1032 1982 1129 foedera
2006 1058 2085 1108 con‹

380 1128 583 1205 censendum
598 1134 646 1204 eli
661 1130 901 1225 illegitimum,
925 1135 1002 1221 quia
1028 1133 1217 1205 destituitur
1235 1130 1335 1231 sensu
1354 1156 1487 1218 eorum,
1516 1135 1575 1230 qui
1605 1133 1675 1208 bac
1705 1133 1923 1219 contrabant,
1952 1130 2003 1208 ib·
2021 1134 2083 1209 ba·

378 1230 495 1320 aliquo
507 1230 665 1321 requisito
679 1231 722 1305 ab
742 1230 876 1306 ecciefia
893 1234 1042 1304 instituto
1062 1256 1100 1304 tc
1125 1255 1217 1302 utta·
1242 1256 1336 1318 rum,
1364 1234 1400 1307 in
1413 1257 1551 1331 quorum
1562 1236 1721 1334 potesate
1730 1232 1831 1332 scant,
1859 1231 2079 1310 celebrantur.

379 1327 470 1410 dato.
588 1407 594 1418 ,
701 1343 723 1378 ¹·
1242 1339 1334 1420 Vii.)
1346 1336 1432 1424 Cap.
1453 1331 1493 1405 de
1510 1332 1704 1431 raptoribus
1723 1346 1787 1408 dcc.
1804 1336 1875 1407 dist.
1894 1340 1950 1425 36.
1966 1336 2078 1423 quast.

439 1442 489 1525 ¹§.
517 1433 639 1504 inxt
692 1429 751 1514 ii.)
785 1426 1277 1516 Cap.Hanorantur&c.1.
1313 1457 1353 1504 ex
1384 1431 1527 1506 concilio
1557 1431 1782 1510 Aurelianenst
1815 1458 1887 1523 cap.
1917 1440 1974 1506 iv.
2037 1429 2081 1509 Si
2209 1478 2215 1492 ·

381 1531 455 1604 diii.
475 1556 533 1620 32.
555 1554 587 1618 q.
611 1550 643 1599 a.
675 1551 716 1599 tx
730 1525 897 1598 Ambrosii
917 1527 975 1603 lib.
995 1525 1024 1601 1.
1047 1535 1089 1601 de
1111 1526 1219 1600 Abra·
1240 1530 1404 1631 puellam,
1430 1556 1503 1630 qua
1527 1533 1680 1629 rapitur,
1709 1545 1842 1630 patrrm
1861 1530 1980 1606 babere
2002 1557 2080 1605 con-
2191 1605 2194 1610 .

365 1627 461 1702 'itum
489 1653 563 1718 cup.
586 1622 647 1700 ult.
716 1621 916 1720 Consulitur
949 1625 1060 1724 puello
1088 1649 1155 1700 non
1179 1623 1220 1699 de
1238 1632 1384 1732 stiterit,
1416 1656 1514 1738 eaque
1532 1636 1667 1728 raptori
1686 1630 1901 1730 consenserit,
1920 1634 2081 1735 potestati

379 1723 623 1828 sponsesiibus,
660 1723 721 1798 illa
744 1726 830 1797 enim
860 1725 1029 1824 judicium
1055 1724 1224 1824 exspeliat
1242 1732 1356 1829 patric
1372 1730 1534 1828 ,excusata
1545 1723 1738 1819 reddatur,
1776 1730 1817 1806 ii
1839 1743 1959 1830 raptor
1982 1732 2081 1829 patri

364 1865 368 1870 ·
379 1838 577 1929 parentum,
602 1848 669 1898 non
696 1826 738 1925 cst
759 1827 845 1898 enim
875 1826 1062 1924 virginalis
1081 1824 1223 1923 pudoris
1238 1828 1427 1928 superioris
1445 1831 1651 1909 conditionis
1669 1831 1909 1931 satissatiione
1931 1842 2082 1906 teneatur

383 1929 507 2025 eligere
524 1926 705 2010 maritum,
720 1921 784 2021 sed
790 1928 867 2022 jam
882 1923 1081 2025 desponsata
1093 1924 1134 1999 de
1141 1948 1223 2022 pigo·
1246 1929 1423 2004 obnoxius.
1478 1939 1586 2022 vili.)
1612 1938 1697 2025 Cup.
1714 1932 1805 2030 apud
1826 1933 2083 2029 omnipotentem
2120 1953 2126 1962 ·

365 2026 607 2129 ‘sedionisdie
629 2022 834 2122 consulitur,
869 2023 937 2101 &a
1015 2021 1111 2100 Unde
1139 2013 1225 2098 illud
1248 2041 1313 2105 occ.
1336 2027 1419 2103 taus.
1442 2033 1513 2103 tad.
1530 2036 1641 2120 quast.
1660 2059 1692 2106 2.
1711 2059 1751 2104 ex
1767 2034 1959 2123 Gregorio:
1996 2026 2084 2106 Cam

386 2125 654 2225 Euripidaum:
679 2119 937 2223 Sponsaliorum
959 2126 1104 2199 nseomim
1122 2136 1223 2222 pater
1245 2146 1348 2227 rapta
1367 2131 1673 2235 patriae‘poicsiati
1690 2130 1805 2226 suerit
1825 2121 2004 2233 restituti,
2042 2128 2085 2206 ii

384 2253 473 2304 meuc
491 2222 769 2399 eorumquiin,
791 2224 854 2298 boc
867 2227 953 2300 cnim
966 2248 1031 2299 non
1047 2228 1090 2341 esi
1104 2249 1219 2320 mnsm.
1245 2241 1366 2327 raptor
1374 2231 1448 2329 sesa
1463 2234 1595 2328 rapina
1610 2231 1853 2330 pomitentiam
1868 2232 2085 2327 egeriasum

384 2335 426 2404 Et
444 2331 579 2421 potito:
635 2328 735 2422 iqua
751 2320 1010 2426 mulieromiso
1028 2336 1096 2398 csto
1115 2324 1222 2400 mari·
1245 2328 1405 2404 uoluntas
1424 2339 1603 2428 pareutum
1627 2334 1796 2429 utriusque
1824 2331 1859 2403 in
1882 2355 1982 2403 unum
2007 2355 2086 2406 con·
2143 2395 2150 2406 ,

369 2439 420 2504 ‘to
433 2421 687 2524 adolescentula
708 2426 744 2498 in
759 2424 912 2523 laqueum
924 2426 1139 2525 infirmitatis
1148 2422 1221 2522 suae
1246 2431 1394 2516 venerit,
1419 2453 1486 2502 non
1505 2429 1726 2530 probibentur
1745 2430 1791 2502 ad
1814 2431 1955 2503 invicem
1984 2453 2086 2531 copu⁴

369 2531 481 2603 ’timet
502 2526 669 2612 incidere,
696 2524 848 2625 sunit,
874 2522 1003 2611 nubat,
1029 2532 1161 2599 tuntum
1184 2525 1220 2596 in
1246 2530 1326 2603 iuri.
1395 2533 1576 2622 Conjunge
1605 2535 1689 2623 Cap.
1728 2526 1811 2604 Tria
1837 2529 1994 2626 legitima
2017 2541 2084 2607 &a

388 2625 560 2716 Domino„
582 2627 693 2700 itaut
718 2622 903 2700 eledionem
931 2625 1053 2698 neariti
1069 2625 1221 2723 parenti·
1244 2625 1329 2702 caus.
1345 2637 1381 2702 δι
1398 2632 1508 2717 quast.
1528 2632 1657 2706 iisdem.
1710 2626 1807 2703 Filia
1826 2652 1888 2727 per
1903 2631 1973 2703 uim
1986 2654 2085 2730 capa⁴

373 2727 447 2805 'but
461 2728 620 2824 deserat,
644 2722 896 2822 neadpetentiae
912 2726 1121 2824 procacioris
1136 2725 1221 2824 aesii·
1245 2729 1321 2802 iota
1337 2729 1435 2812 uiro,
1460 2730 1494 2830 st
1522 2753 1588 2801 non
1612 2724 1727 2823 fucrit
1760 2727 1922 2804 voluntat
1943 2732 2084 2829 patris,

385 2823 493 2904 maur
505 2825 691 2998 nudans
704 2823 782 2924 ipsa
797 2826 836 2900 de
855 2827 985 2925 nuptiis
998 2823 1076 2924 suis
1094 2822 1221 2899 cletiio·
1247 2825 1359 2902 trabct
1374 2849 1446 2901 eoas
1469 2851 1492 2901 a
1509 2827 1672 2928 prodibo
1687 2830 1784 2910 viro,
1812 2824 1854 2903 tc
1876 2830 1989 2904 tradet
2009 2853 2084 2906 eam
2132 2859 2145 2878 ·

374 2953 455 3006 ‘nem
500 2927 552 3004 sbi
576 2927 634 3000 vin
661 2926 734 2998 icet.
793 2911 966 3024 Expetita
994 2927 1081 2999 enim
1109 2923 1222 3021 magis
1246 2927 1344 3015 alii„

384 3028 495 3106 uideri
512 3023 608 3102 debet
626 3047 648 3098 a
667 3026 762 3113 uiro,
787 3050 886 3126 quam
906 3027 1017 3102 uirum
1032 3022 1108 3124 ipsa
1123 3047 1224 3121 expe·
1320 3029 1473 3119 §LXX
1506 3028 1637 3119 Excipit
1654 3024 1828 3101 bellarmi-
1898 3025 2061 3124 Exceptio

377 3124 509 3230 bisc,
531 3125 768 3201 nurmandiam
794 3126 1012 3225 praemittat,
1047 3135 1222 3222 antequam
1247 3153 1326 3213 nus,
1365 3126 1401 3198 in
1434 3124 1522 3224 bisce
1547 3125 1731 3201 canonibus
1759 3149 1827 3199 non
1875 3108 2058 3173 B‘HWW

378 3228 508 3313 nubat,
531 3250 597 3326 quo
618 3223 730 3324 ipsum
752 3227 948 3325 conjugium
967 3224 1045 3324 plus
1062 3248 1225 3299 commen·
1248 3226 1402 3327 definiri,
1428 3227 1517 3323 qaod
1534 3227 1727 3322 con'ngium
1753 3224 1830 3301 abs·
1869 3188 2086 3355 ssris‘fflf

361 3327 440 3405 ''drt
455 3323 671 3404 onocardia,
721 3331 804 3417 iii.)
826 3330 913 3417 Cap.
927 3323 1044 3424 spons.
1066 3336 1132 3401 &a
1150 3324 1221 3396 dili.
1248 3353 1309 3426 que
1323 3338 1501 3424 parentum
1517 3254 1671 3425 consinsit
1692 3336 1827 3401 contra-
1950 3350 2030 3439 ficii.

375 3435 492 3523 quq.
509 3453 545 3525 5.
560 3423 1098 3519 exconciiiocnrthngintnsriV.
1114 3420 1148 3498 S
1167 3445 1227 3494 on-
1250 3427 1392 3520 damst
1416 3428 1579 3508 irritum,·
1606 3423 1671 3523 sed
1695 3437 1827 3501 tantam

379 3527 438 3628 sur
455 3522 646 3640 &sponso
662 3549 734 3597 assu
754 3524 965 3612 benedicendi
974 3523 1059 3624 sunt
1076 3546 1098 3597 a
1112 3447 1227 3624 bber-
1244 3522 1423 3627 proscribi
1442 3523 1576 3611 liberis,
1605 3526 1693 3623 quad
1735 3520 1906 3599 arentibus
1918 3520 2087 3619 judicium
2119 3517 2137 3532 ’
2163 3525 2165 3530 ’

334 3707 337 3716 ,
383 3628 477 3714 data,
504 3651 528 3701 a
555 3623 771 3724 parentibus,
797 3624 852 3698 uel
873 3622 1122 3722 paranymphis
1145 3618 1227 3722 offe·
1249 3626 1289 3700 dc
1308 3625 1437 3721 nuptiis
1450 3626 1642 3724 permittere
1656 3551 1814 3710 debiant,
1840 3618 2020 3719 atquibus
2039 3622 2089 3696 ri*

363 3735 506 3807 -sositur
522 3729 562 3802 in
577 3723 710 3824 ecclesa
721 3722 902 3822 sacerdoti.
931 3732 1008 3816 lv.)
1023 3728 1109 3814 Cap.
1165 3743 1227 3794 ua-
1251 3726 1341 3801 tibus
1355 3727 1493 3822 nuptias
1509 3722 1674 3801 celebrare
1694 3723 1842 3799 debeant.
1871 3728 1974 3794 item:
1990 3718 2090 3796 aliud

386 3829 430 3905 iis
447 3845 517 3906 &a
536 3821 624 3899 caus.
644 3827 808 3912 &quun
823 3827 895 3898 iisd.
913 3850 952 3896 ex
968 3828 1099 3896 Leone:
1167 3841 1228 3894 ua·
1249 3822 1310 3926 effi
1335 3837 1495 3923 raptum,
1522 3826 1622 3899 aliud
1646 3827 1839 3924 conjugium
1862 3820 1972 3895 inuito
1991 3827 2089 3919 patre

375 3927 428 4006 'iis
441 3926 567 4003 debeat
581 3920 640 4025 ese
659 3947 766 4010 uxos,
791 3945 863 4020 qua
880 3921 1034 4001 babendo
1052 3924 1096 4025 esi
1106 3919 1229 4020 secun·
1252 3923 1462 4000 celebratum.
1529 3921 1631 4014 Resp.
1663 3933 1707 4012 s.)
1734 3928 1952 4019 Quocunque
1970 3915 2089 3994 contii-
2196 3975 2209 3982 -

379 4029 461 4106 dum
482 4027 593 4126 legem
611 4025 712 4122 uirgo
727 4027 816 4197 τινα
835 4018 877 4096 ii
892 4021 1092 4122 desponsata
1108 4023 1143 4095 in
1156 4022 1229 4095 vir·
1252 4029 1337 4101 tutio
1356 4028 1475 4098 nititur
1493 4021 1642 4113 expresso
1659 4028 1725 4098 Dei
1747 4026 1928 4101 mundato,
1961 4017 2017 4093 illa
2039 4022 2091 4093 iu·
2164 4015 2167 4032 '

387 4115 535 4229 ginitate
554 4122 596 4200 ii
611 4124 731 4200 dotata
764 4124 901 4221 egitimc
919 4121 961 4198 θ’
983 4145 1006 4196 a
1029 4118 1229 4220 parentibus
1252 4128 1345 4199 ducit
1367 4123 1589 4200 neceffitatent
1618 4127 1651 4196 in
1679 4121 1754 4196 foro
1776 4119 1982 4195 conscientia
2004 4116 2093 4193 obli·

334 4217 520 4306 ¹'tradita
534 4223 684 4325 sponso,
715 4220 756 4298 ii
767 4246 790 4297 a
799 4246 968 4323 paranqm
993 4222 1047 4308 liis
1062 4223 1229 4319 accipien·
1253 4248 1399 4318 gentem.
1449 4225 1552 4312 Atqui
1565 4225 1754 4295 constitutio
1765 4224 1806 4295 dt
1819 4240 1995 4311 parentum
2010 4243 2091 4291 con·

389 4329 456 4418 da,
486 4325 531 4405 ti
553 4314 798 4424 itasecunslum
823 4323 927 4422 leg'em
1017 4346 1100 4396 eoau
1124 4320 1228 4394 elium
1252 4319 1346 4397 sensu
1372 4326 1406 4394 in
1433 4322 1617 4397 liberorum
1646 4323 1771 4412 nuptiis
1801 4321 1920 4392 nititur
1941 4313 2091 4407 expreffo
2167 4381 2170 4397 ,

385 4429 535 4532 publicis
551 4425 682 4524 nuptiis
698 4424 734 4497 in
749 4425 942 4521 conjugium
954 4422 1082 4521 liquide
1094 4347 1230 4522 iumen-
1253 4426 1320 4498 Dti
1339 4428 1505 4495 mandato.
1558 4427 1649 4514 Ergo
1665 4422 1794 4493 inducit
1816 4413 2039 4492 neceffitattm
2055 4417 2092 4490 in
2114 4489 2119 4498 ,

390 4529 460 4606 δι’
495 4536 553 4618 V.)
577 4529 663 4615 Cap.
687 4522 928 4623 Hoc'sanbium
953 4525 1024 4597 din
1052 4550 1108 4613 32.
1129 4547 1161 4610 q.
1195 4545 1226 4595 2.
1254 4521 1329 4595 foro
1350 4517 1554 4595 conscientia
1575 4520 1807 4614 obligantem,
1840 4528 1875 4594 δι
1892 4541 1955 4608 per
1980 4510 2095 4590 conse·

388 4655 424 4705 tx
445 4624 594 4703 concilio
611 4622 777 4699 Toletano
796 4631 853 4697 tls.
874 4649 946 4713 cap.
977 4638 1031 4695 to.
1104 4620 1230 4698 Vidua
1253 4645 1357 4714 quens
1386 4625 1616 4720 distinguenda
1645 4618 1715 4693 hac
1745 4619 1935 4693 constitutio
1968 4617 2011 4689 ab
2026 4620 2093 4716 iio„

384 4731 457 4805 iilis
471 4725 632 4808 nubant,
652 4746 739 4824 quas
755 4725 899 4824 propria
922 4721 1096 4797 uoluntate·
1114 4720 1230 4796 ,nolam
1250 4749 1325 4813 quae
1354 4724 1589 4795 accidentarios
1616 4726 1776 4794 duntaxat
1801 4729 1837 4795 δι
1863 4715 2094 4792 ecclesiasticos

387 4833 458 4908 'rim
486 4827 609 4903 lsabrre
629 4827 782 4900 maritos.
835 4819 972 4900 Similis
1003 4822 1155 4897 conditio
1187 4817 1230 4897 ii
1252 4825 1412 4913 quosdam
1430 4827 1512 4894 ritus
1534 4815 1764 4911 praescribunt.
1817 4819 1872 4908 2.)
1898 4818 2094 4906 idoneitas,

388 4927 426 5006 ²dt
445 4924 646 5030 uirginibus
661 4923 849 5012 iubeatur,
870 4949 931 5000 ‚nee
954 4933 1054 4997 extra
1072 4923 1230 5000 nolunta-
1254 4947 1327 5014 quae
1351 4946 1369 4989 a
1389 4923 1512 5010 pietate
1535 4928 1571 4994 δι
1589 4916 1735 5008 exprelia
1760 4916 1837 5011 lege
1861 4918 1926 4988 Dei
1948 4921 2097 5004 pendet,

390 5043 450 5107 tem
468 5039 663 5131 parentum,
692 5024 746 5100 vel
769 5019 870 5124 suam
897 5034 1065 5121 cogantur
1086 5026 1230 5099 maritos
1252 5023 1467 5108 ,conjunttam
1488 5020 1587 5090 etium
1607 5017 1707 5091 habet
1725 5012 1959 5090 neceffitatem.
1990 5016 2095 5103 Atqui

360 5127 561 5232 usipetes
597 5132 771 5214 Cumquo
791 5127 1121 5217 conjungatuanp.
1147 5120 1229 5197 Nom
1252 5117 1511 5199 honestosilla,
1528 5120 1763 5207 quaetequirit
1797 5135 1978 5206 parentum
2014 5136 2096 5185 uou-

348 5259 355 5274 ·
383 5236 493 5316 omnis
511 5241 582 5316 &a
606 5220 694 5306 caui
713 5233 750 5304 dc
763 5227 872 5322 quast.
894 5226 1014 5307 iisdem
1029 5248 1077 5303 ‹tt
1096 5224 1232 5313 Leonti
1250 5212 1382 5395 sensum
1399 5219 1434 5291 io
1450 5219 1575 5313 ”⁰9³1ss
1596 5214 1781 5307 liberorum
1794 5262 1818 5302 ›-
1832 5213 2003 5312 puudetq
2022 5212 2096 5304 1³³⁸·

1156 5337 1160 5344 '
1356 5338 1380 5397 Ι
1687 5333 1694 5344 ’
2028 5331 2098 5393 tata
