4884 5984
482 480 492 500 κ
577 425 665 546 or=
689 373 920 505 ornnnvs
982 393 1262 508 monronis.
1293 425 1349 500 tn
1388 417 1511 520 ΜΒ
1559 367 1853 534 urniorum
1936 447 2015 527 ,47

369 649 427 706 eat
445 625 594 703 sororem
617 647 699 700 natu
722 631 909 717 majorem,
933 624 957 699 li
985 645 1095 700 mater
1116 649 1180 698 oo-
1201 620 1453 698 Matthaeeiot
1469 619 1529 697 lib.
1543 627 1589 699 ll.
1606 626 1651 698 de
1664 625 1726 702 via
1743 634 1810 717 jur.
1831 653 1868 702 n.
1894 637 1950 712 ¹8³
1965 649 2009 699 ex

368 729 428 804 bat
442 725 541 801 fratri
560 731 706 815 juniori,
732 738 766 801 dc
792 726 858 799 filia
880 725 984 799 nubat
1001 725 1097 797 fratri
1118 751 1179 797 na·
1201 724 1417 813 Speculatore
1431 722 1532 796 talem
1545 726 1680 797 adducit
1693 722 1824 807 casum,
1835 722 2007 824 chifilim

369 849 409 902 tu
429 817 629 917 majoritate.
686 845 729 913 ι.)
750 827 811 900 Ob
827 824 995 923 scandali
1019 825 1180 899 evitatio·
1200 821 1296 897 dttcit
1315 835 1454 920 matrem
1476 821 1650 909 alienum,
1678 819 1721 899 δ’
1736 825 1930 923 mnicrfilii
1943 848 2007 898 nrt-

367 951 454 1002 ncm.
506 931 568 998 l’er
589 924 665 996 tolia
686 927 851 998 connubia
873 924 1115 1002 infirmioribus
1137 948 1178 995 ac
1201 921 1253 996 bil
1274 923 1433 999 illiosmel
1452 921 1559 998 dude
1588 920 1642 1013 firi
1661 923 1740 1022 filii
1757 928 1880 1000 uxoris
1894 922 2004 1023 filio,

366 1021 561 1101 rudio‘ribns
581 1022 671 1094 sacili
684 1027 821 1116 negotio
836 1021 1025 1098 scandalum
1038 1024 1178 1098 exhibe-
1199 1021 1262 1097 nbi
1280 1024 1359 1121 filii
1375 1022 1512 1118 fraires
1526 1018 1683 1121 filiorum
1704 1021 1845 1120 suoram
1872 1019 1915 1102 li
1926 1023 2006 1124 filii
2139 1079 2148 1098 ,

369 1148 445 1210 tur3
470 1151 547 1196 cum
567 1126 658 1196 enim
673 1150 740 1196 non
759 1129 946 1215 percipiant
963 1151 1026 1199 nec
1046 1121 1177 1215 perspi·
1192 1122 1328 1218 fratrer
1340 1192 1342 1196 ,
1356 1124 1569 1202 maritorum,
1579 1120 1747 1216 suorum,
1779 1138 1912 1223 uterquc
1939 1146 2003 1220 μα·

367 1227 656 1310 munerationem,
676 1246 926 1314 propterquam
946 1226 1176 1313 inprimoad·
1199 1232 1296 1297 imus
1318 1220 1361 1297 ii
1385 1247 1487 1326 nepot
1510 1222 1676 1311 alterius,
1701 1223 1760 1299 ubi
1786 1239 1895 1310 mater
1921 1222 2004 1301 rede

369 1322 507 1399 finitatis
524 1347 648 1416 genere
661 1348 764 1411 usque
781 1329 822 1397 ad
838 1328 973 1398 tertium
991 1325 1084 1396 lineae
1098 1325 1176 1394 inae·
1198 1322 1284 1396 licit
1295 1348 1308 1397 :
1320 1321 1393 1396 Hic
1407 1327 1451 1424 esi
1461 1321 1563 1421 filius
1573 1322 1650 1420 filii
1663 1326 1728 1397 mei
1749 1321 1791 1399 δ’
1797 1325 1916 1421 frater
1933 1345 2006 1397 ma·

369 1423 477 1514 qualis
503 1428 645 1514 gradum
671 1421 855 1511 prohibitio
885 1427 1112 1509 extendatur,
1139 1424 1173 1492 in
1198 1424 1261 1497 rili
1280 1424 1355 1496 mci,
1404 1422 1542 1496 Talibus
1561 1425 1685 1513 nuptiis
1701 1424 1880 1497 honestatis
1901 1426 2004 1498 ratio·
2117 1423 2127 1442 ⁶

369 1521 517 1600 secundo
530 1547 642 1595 autem
657 1520 832 1594 adfinitatis
847 1550 970 1616 genere
989 1520 1080 1594 nulla
1093 1545 1174 1610 pro·
1198 1549 1275 1597 neor
1288 1522 1443 1596 obsistere
1461 1523 1603 1602 ostendit
1613 1528 1734 1596 Ancon.
1744 1529 1886 1600 Contine
1900 1522 1959 1595 lib.
1971 1530 2002 1597 1.
2041 1531 2058 1553 '‘

371 1623 495 1702 bibitio
509 1621 622 1693 locum
638 1621 781 1702 lrabeat,
809 1626 887 1695 inde
916 1619 1014 1693 facile
1038 1623 1175 1693 turban-
1198 1617 1321 1694 subsee.
1345 1620 1422 1693 leo.
1441 1641 1473 1709 5.
1494 1647 1527 1694 n.
1549 1646 1578 1701 e.
1606 1647 1685 1694 cum
1710 1627 1828 1701 eadem
1860 1617 2003 1711 persona
2040 1659 2042 1664 v
2101 1643 2104 1653 ·

371 1744 449 1804 rur,
462 1727 544 1811 quin
562 1734 596 1796 δι
611 1725 807 1793 incestarum
826 1717 1018 1811 nuptiarum
1034 1716 1176 1792 occisio·
1197 1725 1279 1795 duas
1298 1723 1481 1793 contrarias
1501 1717 1730 1797 relationes&
1750 1719 2004 1796 neceffitudinta
2086 1723 2090 1729 ’

370 1848 451 1897 nem
467 1848 507 1894 er
523 1847 563 1893 eo
588 1843 779 1910 arripiunt,
807 1821 862 1893 hic
882 1844 966 1911 ergo
987 1818 1099 1892 locum
1117 1818 1174 1890 ha·
1199 1815 1375 1900 sustineat,
1405 1822 1523 1908 quibus
1542 1842 1718 1909 parentum
1737 1836 1772 1898 δι
1792 1820 1938 1893 filiorum
1950 1815 2004 1894 os·

372 1920 456 1995 bere
480 1915 583 1993 debet
605 1920 687 1993 illud
709 1920 871 2011 apostoli:
905 1915 1040 1996 rThels.
1058 1926 1173 1992 V.'22.
1198 1918 1272 1993 ficia
1287 1914 1555 1991 commiscentur.
1587 1921 1645 2015 4.)
1661 1920 1721 1994 Ob
1735 1916 1912 2014 ὃυςηχὶας
1925 1941 2004 1993 con·

335 2058 338 2071 ¹
370 2019 435 2099 Ab
455 2022 548 2093 omni
560 2018 673 2117 specie
689 2020 774 2093 moli
791 2021 969 2122 abstineret
995 2025 1175 2107 ltemnpo·
1190 2015 1404 2117 secutionem.
1453 2018 1671 2105 Experientiae
1699 2021 1789 2094 enim
1816 2021 2004 2097 testimonio

369 2121 494 2195 llolicae
517 2124 759 2194 admonitiones
785 2127 827 2193 de
847 2117 997 2194 scandalo
1019 2122 1054 2189 in
1075 2115 1174 2189 rebus
1199 2116 1377 2205 multiplici
1401 2119 1549 2195 conllnt,
1584 2119 1766 2191 illiusmodi
1790 2120 2003 2192 matrimonia
2085 2101 2127 2182 “.’

368 2221 518 2309 alioquin
531 2224 631 2293 etiam
643 2222 739 2291 licitis
754 2223 888 2293 vitando
897 2226 997 2293 Rom.
1008 2214 1105 2290 xlv.
1120 2206 1177 2299 ¹92
1198 2243 1276 2290 raro
1289 2214 1382 2287 fuisse
1400 2212 1508 2286 selicia
1521 2273 1532 2293 ,
1547 2209 1601 2287 sed
1615 2218 1732 2289 eadem
1748 2213 1920 2292 consecuta
1935 2211 2001 2291 else

377 2324 489 2395 rCor.
507 2319 650 2402 Vlll.7.
704 2327 757 2408 2'.)
781 2309 843 2392 ΟΒ
868 2317 1046 2417 ltoneflolir
1070 2315 1174 2418 confi·
1198 2314 1253 2389 vel
1273 2313 1501 2400 sterilitatem,
1523 2311 1579 2386 vel
1604 2312 1806 2399 orbitatem,
1833 2316 2002 2409 velproe.
2040 2392 2042 2398 s
2163 2395 2167 2402 .

372 2418 592 2494 cierationem.
645 2424 807 2494 Aurea&
827 2443 989 2508 perpetua
1013 2418 1173 2487 memorio
1198 2437 1367 2504 oraturum
1383 2405 1578 2494 alterutrius
1594 2420 1748 2507 conjugis
1765 2417 1921 2509 obitum,
1945 2411 2002 2488 tel

372 2520 562 2614 digniffima
584 2523 630 2592 est
652 2523 830 2591 Modestini
858 2520 973 2611 regula
997 2511 1173 2606 l.·seopper
1198 2512 1346 2588 sobolem
1368 2516 1588 2605 degenerem,
1615 2512 1668 2582 vel
1689 2518 1864 2592 continuos
1876 2513 2003 2587 alteru·

373 2619 411 2696 ff.
426 2627 469 2696 de
485 2621 539 2691 rit,
556 2644 652 2708 nupt.
714 2616 851 2714 Semper
874 2620 917 2690 in
932 2613 1173 2712 conjuniiioni·
1198 2618 1281 2687 ttius
1301 2610 1453 2693 morbos,
1477 2609 1530 2681 vel
1544 2614 1592 2682 tei
1608 2607 1779 2690 familiaris
1796 2616 2002 2706 angustiam,
2132 2675 2135 2682 .

373 2721 436 2799 itis
461 2747 529 2796 non
548 2717 685 2815 solnm,
717 2716 941 2816 quiritant,
967 2712 1173 2814 confidcran·
1198 2710 1254 2787 rel
1284 2711 1346 2784 alia
1375 2708 1458 2781 mala
1482 2717 1517 2781 δι
1549 2713 1770 2786 incommoda.
1836 2713 2003 2805 Quamvis
2092 2710 2095 2716 “
2162 2707 2165 2714 ’

374 2824 455 2897 dum
477 2825 543 2922 cfl,
564 2818 628 2918 sed
661 2814 702 2891 ll
735 2816 818 2918 qnid
843 2818 1009 2915 honestum
1037 2816 1094 2914 sti.
1126 2811 1176 2888 nti
1199 2836 1282 2886 vero
1298 2806 1511 2901 adversitates
1533 2810 1634 2880 etiam
1660 2808 1804 2886 aliorum
1827 2810 2003 2903 conjugio·
2075 2856 2093 2876 ,
2151 2911 2155 2921 Ι

373 2920 520 3021 'lupina
535 2942 572 2992 ut
592 2924 625 2991 in
645 2919 780 3018 reliquis
806 2919 880 2988 vite
903 2917 1107 2993 astiooibtu,
1129 2913 1176 2982 ita
1199 2937 1274 2983 rum
1298 2907 1365 2990 sint¹
1380 2907 1519 2983 adsidua
1536 2909 1691 2993 comites,
1721 2942 1730 2985 ι
1752 2916 1921 3008 ΕοῃνΙι,
1945 2924 2002 2991 23.

374 3047 509 3115 qnoque
529 3023 570 3092 in‘
587 3022 749 3110 conjugio
776 3016 1005 3089 contrahendo
1024 3014 1175 3104 eogitari·
1198 3034 1307 3099 neque
1325 3034 1365 3079 et
1384 3003 1699 3080 erenru'serendum
1718 3010 1757 3084 lit
1773 3031 1939 3098 perpetuo
1950 3014 2023 3098 ju·‘

374 3126 417 3199 da
447 3138 482 3196 oc
511 3117 661 3193 sedanda
681 3115 775 3203 elit,
804 3118 943 3205 aposloli
967 3136 1175 3202 preceptum
1198 3112 1349 3193 dicium3
1381 3130 1493 3179 tamen
1512 3103 1731 3180 consideratio
1752 3108 1869 3181 talium
1890 3131 2004 3182 exem·
2146 3131 2152 3144 ·

372 3225 421 3299 est
441 3219 562 3309 Philip.
590 3217 655 3290 lV.
675 3227 707 3298 8.
764 3226 809 3305 3.)
834 3217 896 3291 Ob
917 3214 1093 3289 vitandam
1121 3232 1173 3281 co·
1197 3206 1334 3299 plorum
1357 3232 1427 3278 non
1453 3207 1561 3292 potest
1584 3228 1653 3275 non
1679 3213 1828 3278 animum
1849 3212 1942 3297 pium
1965 3216 2003 3283 dc

371 3322 550 3421 guntionis
565 3316 799 3417 consustonem.
848 3316 919 3409 Qui
932 3315 1021 3386 enim
1035 3310 1092 3383 fibi
1103 3306 1176 3380 sunt
1199 3308 1399 3397 prudentem
1427 3307 1653 3375 commolere.
1708 3317 1759 3396 ς.)
1786 3305 1847 3379 Ob
1875 3304 2004 3403 odfini·

371 3417 632 3512 consanguinei,
655 3440 693 3490 ut
708 3440 803 3506 pater
826 3426 860 3488 δι
882 3413 988 3493 silius,
1013 3419 1175 3481 mater&
1199 3409 1285 3479 talis
1310 3400 1542 3475 conditionem.
1595 3409 1686 3473 inter
1710 3403 1834 3500 adfines
1859 3430 1927 3478 aon
1954 3406 2003 3478 est

348 3507 461 3603 ‘filim
486 3516 591 3592 scater
608 3526 642 3590 dc
663 3511 773 3594 soror,
799 3511 900 3584 ambo
924 3510 1045 3584 stertet
1067 3520 1102 3581 &
1127 3506 1175 3577 so·
1200 3527 1290 3577 tanta
1322 3506 1511 3575 animorum
1532 3505 1749 3589 coniunt‘iio,
1770 3528 1893 3592 quanta
1913 3508 2002 3577 inter
2040 3543 2042 3548 -

371 3645 467 3696 rores
485 3618 617 3697 amba,
656 3641 717 3704 per
739 3637 866 3684 norum
894 3611 975 3682 illud
1003 3610 1174 3681 matrimo-
1197 3600 1476 3692 consanguineos,
1497 3603 1585 3672 unde
1600 3604 1846 3676 Germanorum
1860 3627 2002 3699 prpver·

335 3792 339 3800 ,
372 3722 468 3795 nium
486 3716 570 3790 fiunt
589 3714 648 3787 sthi
665 3718 808 3785 invicem
834 3708 966 3783 adfines.
1029 3712 1174 3794 Si'pater
1198 3706 1255 3774 bio
1278 3706 1444 3789 jactatur,
1480 3694 1646 3772 adfinibus
1679 3726 1851 3790 nunqu-rm
1881 3700 2001 3776 melius

374 3829 412 3895 δι
428 3816 515 3890 filius
532 3823 657 3889 ducunt
681 3810 808 3885 sorores
827 3813 928 3893 duas,
955 3831 1048 3897 patet
1071 3801 1108 3875 fit
1126 3801 1173 3875 fi·
1196 3805 1284 3874 inter
1297 3794 1330 3871 se
1348 3800 1551 3879 convenire,
1573 3796 1716 3903 quam-st
1733 3798 1886 3877 lotorum
1898 3804 2002 3876 inter·
2116 3867 2122 3902 ,

372 3919 423 3993 lio
441 3914 558 3990 adfinis
580 3928 614 3988 dc
632 3910 791 3996 sororius,
818 3935 856 3982 ac
875 3905 1014 3980 viciffim
1035 3903 1120 3975 filius
1138 3900 1174 3972 fit
1198 3900 1287 3972 vallo
1316 3900 1484 3988 disjunbli'
1500 3922 1577 3968 raro
1607 3902 1836 3986 conveniant,
1867 3906 2002 3990 quando

371 4019 463 4109 patri
482 4012 597 4087 adfinis
619 4022 653 4088 dc
670 4007 834 4086 sororius,
859 4003 951 4079 soror
978 4032 1069 4090 una,
1101 4027 1173 4089 quae
1199 4003 1303 4091 igitur
1328 3994 1561 4088 consanguinei
1588 4022 1651 4086 per
1679 4023 1804 4072 novum
1829 4004 2004 4075 matrimo-

371 4118 463 4209 patri
486 4110 622 4205 nupsit,
649 4107 685 4181 fit
712 4107 830 4181 sororis
860 4104 968 4178 socrus
998 4116 1032 4178 dc
1059 4098 1173 4171 sororii
1199 4097 1400 4171 nium'inter
1421 4093 1452 4168 se
1471 4094 1594 4169 adfines
1613 4095 1721 4182 fiunt,
1748 4123 1883 4172 mutuus
1904 4122 2002 4173 amor

370 4240 539 4293 noverca,
566 4210 684 4294 altero,
710 4235 780 4296 qun
796 4205 903 4278 insilii
919 4205 1101 4275 thalamum
1117 4204 1173 4271 de·
1196 4223 1238 4269 ex
1255 4190 1539 4287 consanguinitate
1557 4196 1724 4286 originem
1737 4198 1872 4271 trahens
1887 4201 2002 4288 potiua

371 4315 651 4396 du&a,eutnde’m
671 4310 769 4379 habet
787 4299 936 4377 socerum
951 4316 984 4377 &
999 4298 1172 4376 sororium,
1197 4298 1414 4377 diminuitur,
1439 4319 1538 4382 quam
1556 4318 1716 4387 augetur,
1738 4322 1777 4368 ac
1788 4299 2002 4379 reverentia,

363 4413 527 4489 eamdem
544 4409 688 4484 sororem
710 4418 745 4481 δι
769 4401 922 4482 socrum,
945 4401 1031 4473 filius
1054 4422 1173 4470 novar·
1197 4420 1296 4484 quam
1313 4391 1398 4464 filius
1416 4395 1505 4481 putri
1517 4392 1645 4474 debet,
1670 4397 2002 4486 permanimonium

372 4539 422 4588 cz
438 4509 501 4584 suae
520 4512 565 4581 esi
585 4506 720 4587 adfinis,
745 4507 942 4594 privignus,
972 4524 1098 4592 gener,
1125 4492 1175 4566 so·
1197 4498 1338 4566 duarum
1368 4487 1523 4563 sororum
1551 4496 1706 4580 utrinque
1731 4497 1906 4568 dubiarum
1932 4517 2002 4568 non
2129 4571 2135 4578 ,

371 4618 493 4690 torius.
526 4613 576 4682 Sic
592 4634 675 4700 ergo
690 4603 837 4677 confusio
857 4600 892 4671 lit
908 4601 1174 4703 noceantur&
1197 4596 1335 4664 omnino
1362 4588 1451 4663 nihil
1462 4596 1605 4673 decedit.
1657 4595 1711 4683 6.)
1737 4594 1797 4667 Ob
1817 4592 2000 4668 liberorum

348 4687 606 4808 οιῖὃιλφότκτος
634 4707 696 4783 itai
718 4703 904 4798 tidem&
930 4702 1009 4787 quin
1037 4714 1071 4770 oc
1092 4692 1175 4785 ipsit-
1198 4717 1243 4767 ex
1259 4689 1387 4765 talibus
1409 4692 1637 4799 mntqinronirs
1652 4702 1810 4785 natorum
1824 4694 2002 4789 cognatio·

360 4799 451 4888 frunt
477 4813 661 4885 linearum,
692 4810 767 4891 quia
790 4825 885 4891 pater
911 4811 945 4871 δε
971 4795 1055 4868 filius
1078 4801 1111 4865 in
1136 4795 1176 4866 li·
1200 4818 1283 4866 nem.
1334 4789 1466 4878 Liberi,
1487 4794 1542 4878 qui
1562 4817 1602 4862 ex
1620 4796 1832 4869 trratrimonio
1847 4796 1949 4886 patris
1965 4804 2003 4871 dc

368 4937 434 4986 neo
465 4913 555 4982 re'sla
585 4906 750 4979 constituti
775 4902 927 4971 ducendo
948 4891 1074 4967 sorores
1098 4899 1177 4965 duas
1201 4892 1259 4988 lilii
1277 4917 1353 4962 cum
1375 4891 1502 4962 duabus
1517 4886 1680 4962 sororibus
1700 4888 1895 4979 nascuntur,
1921 4918 2002 4968 eum

371 5015 407 5085 ln
423 5012 510 5083 linea
528 5006 707 5080 collaterali
737 5001 927 5072 constitutos
949 5020 989 5069 ex
1012 4992 1100 5065 linea
1127 5019 1184 5063 re·¹
1201 4989 1382 5064 sortiuntur
1403 5015 1502 5060 avum
1513 5037 1525 5070 ,
1551 5014 1650 5079 quem
1668 4987 1815 5080 ipsorum
1829 4988 2004 5066 consobri-

371 5115 425 5187 ἂι
440 5114 477 5186 ln
502 5107 674 5197 obliquam
699 5098 954 5176 trrnsferuntur.
1027 5093 1178 5185 Angelus
1202 5093 1238 5165 ni
1256 5089 1381 5162 babent
1396 5110 1547 5181 patrem,
1564 5093 1718 5194 eamdem
1737 5089 1860 5164 hebent
1878 5112 2004 5165 matera
2125 5118 2130 5131 ·

1251 5196 1366 5264 xxa
1411 5220 1419 5231 ·
1896 5208 2004 5286 terrm
2085 5201 2089 5209 “
