4884 5984
504 466 574 544 aaa
697 531 701 544 ,
764 471 914 544 tocvs
932 475 1052 556 xavr.
1079 461 1231 548 carm
1248 476 1293 544 x.
1322 469 1446 549 secr.
1472 476 1533 548 m.
1557 471 1735 550 mnu.
1759 421 1943 550 narrar.

498 662 603 740 boant
618 718 628 750 ‚
646 664 817 752 patiantur
833 663 891 738 fibi
912 667 1135 752 reconciliari,
1170 691 1315 756 perpen-
1344 670 1506 741 veniente.
1554 667 1685 741 Etiamsi
1702 692 1769 767 per
1779 671 1930 745 accidens
1951 692 2015 759 per·
2038 667 2166 743 adulte·

294 814 297 822 ·
389 843 398 848 ,
499 771 618 836 ¹alentes
634 762 743 842 illud,
764 770 853 853 quod
878 764 986 838 fredus
1007 765 1179 854 spiritualis
1200 776 1316 854 conju·
1341 771 1428 838 rium
1462 791 1638 856 rumpatur
1674 769 1822 859 coniugii
1861 771 2054 855 vinculum,
2099 793 2164 840 nou

503 864 553 953 gii
581 864 666 932 inter
680 886 736 932 not
757 872 790 936 dc
807 861 975 935 Christum
997 861 1156 954 spirituali
1175 862 1317 937 fornica·
1342 885 1451 936 tamea
1478 861 1594 938 definit
1622 886 1804 955 propterea
1821 865 1887 941 else
1912 894 1952 941 ex
1965 863 2020 939 sua
2051 887 2167 938 natura

331 987 334 996 ¹
418 1035 421 1041 ,
505 958 736 1032 tioneanubis
751 963 914 1042 violetur,
938 968 1069 1035 latterim
1087 984 1196 1036 tamen
1210 965 1317 1035 nolint
1343 961 1576 1036 indissolubile.
1719 1025 1721 1030 .
1914 1014 1916 1018 ·
2016 1021 2038 1042 ι.

508 1058 678 1136 Cluilium
696 1056 804 1130 secum
818 1081 884 1130 tam
895 1066 1023 1132 duriter
1036 1085 1152 1150 agere,
1168 1082 1321 1152 utptop·
1391 1070 1418 1153 ς.
1444 1064 1570 1135 Dxcr.
1594 1063 1647 1158 ll)
1662 1056 1705 1133 Si
1725 1058 1855 1133 licitum
1891 1061 1937 1159 rs·
2214 1055 2215 1134 i

508 1181 598 1234 terea
622 1156 688 1228 line
714 1153 771 1245 spe
802 1163 1081 1234 reconciliationis
1107 1164 1139 1230 in
1161 1182 1320 1232 aternum
1338 1157 1512 1257 set-uliud
1537 1160 1813 1239 matrimonium,
1838 1161 1927 1256 inju·
1997 1155 2104 1228 ΗΜ
2125 1157 2163 1217 li·
2210 1149 2216 1202 Ὗ

495 1280 599 1332 §aaa
616 1251 647 1328 se
665 1255 838 1351 projiciat,
863 1283 962 1344 qtram
985 1264 1148 1329 rationem
1167 1261 1323 1349 Anguill-
1346 1260 1401 1333 riu
1420 1259 1619 1356 adficeretur
1637 1257 1768 1355 prolem
1798 1262 1930 1356 namsi·
2010 1236 2166 1376 imm
2214 1335 2215 1342 χ

508 1381 571 1430 uua
590 1354 817 1445 valdeurge13
842 1351 895 1427 sed
922 1359 1002 1445 quid
1030 1355 1162 1445 liapud
1188 1360 1323 1428 maritos
1348 1354 1407 1431 liis
1423 1362 1499 1454 jum
1523 1357 1615 1432 notis
1638 1356 1726 1429 mule
1743 1355 1925 1453 consulere·
2030 1394 2136 1458 anan,
2211 1405 2215 1458 p

510 1451 1236 1544 talibusadmonitionibucnihilperficiamu
1253 1478 1325 1527 cer·
1351 1469 1428 1537 tur,
1451 1456 1509 1556 qui
1536 1480 1598 1554 pro
1624 1457 1925 1553 patremmeum,

509 1573 545 1625 te
562 1575 629 1622 non
655 1573 834 1639 propterea
854 1549 979 1639 privari
1002 1550 1132 1642 possunt
1156 1551 1214 1625 sno
1239 1551 1325 1660 jure.
1352 1579 1413 1653 pro
1430 1566 1535 1628 matre
1554 1578 1728 1627 novercam
1744 1553 1861 1627 babere
1881 1558 1935 1627 r'a·

511 1650 555 1744 6)
573 1655 819 1724 Sacramentum
835 1653 1036 1733 pratrimonii
1052 1644 1167 1741 sapius
1182 1651 1329 1723 dillolvi·
1352 1657 1507 1751 ciperani.
1558 1651 1659 1741 Resp.
1682 1663 1711 1743 r)
1730 1657 1832 1726 Sarius
1846 1659 1891 1725 est
1908 1650 2032 1727 habere
2048 1671 2168 1728 novet.¹
2205 1739 2212 1746 .

511 1770 567 1836 tor
587 1773 649 1836 per
669 1743 941 1837 dispensationem
962 1773 1074 1840 papa,
1113 1772 1150 1821 ut
1178 1748 1234 1822 suo
1254 1749 1329 1821 loco
1353 1773 1424 1825 cam
1438 1755 1527 1843 piam
1543 1760 1577 1825 dt
1592 1751 1778 1833 honestam,
1801 1779 1899 1838 quarn
1919 1776 2061 1826 matrem
2078 1752 2169 1826 adul·

511 1846 720 1927 videbimus,
740 1870 862 1935 quanto
879 1851 1201 1940 magisllatuenduru
1215 1901 1225 1932 ,
1240 1848 1329 1935 quod
1354 1875 1469 1924 teram.
1523 1847 1564 1945 2)
1590 1853 1663 1921 Nec
1684 1857 1788 1936 major
1815 1851 1963 1923 habenda
1985 1853 2079 1921 ratio.
2094 1873 2169 1942 pro·
2212 1879 2215 1888 ·

512 1968 655 2038 propter
670 1944 869 2019 adulterium
885 1944 1013 2020 dissolvi
1034 1946 1154 2036 polsrt,
1174 1972 1252 2017 cum
1267 1968 1329 2016 vox
1356 1951 1393 2020 lis
1404 1995 1417 2034 ‚-
1438 1974 1535 2035 quam
1551 1950 1682 2026 mariti,
1707 1973 1749 2019 ne
1766 1947 1821 2020 ille
1838 1952 1958 2036 injuria
1981 1948 2170 2032 adficiatur.

516 2046 639 2120 Christi
653 2044 774 2118 Matth.
795 2054 837 2121 V.
856 2058 890 2123 δι
909 2054 1000 2121 xlx.
1017 2050 1090 2118 voci
1104 2044 1269 2135 pontilicis
1293 2040 1331 2111 fit
1355 2054 1435 2126 dum
1451 2047 1633 2117 adulteram
1652 2042 1761 2117 secum
1784 2048 1817 2116 in
1836 2047 1926 2117 thori
1942 2043 2108 2122 consortio
2120 2075 2171 2122 re·

517 2134 704 2236 longillime
729 2142 946 2233 preferenda.
998 2154 1035 2238 7)
1060 2147 1257 2218 invertimus
1279 2165 1330 2212 ar·
1356 2150 1463 2219 tinere
1483 2148 1625 2234 cogitur.
1680 2149 1722 2234 3)
1746 2142 1903 2217 Adultera
1922 2146 2173 2238 potiusinfigni

517 2261 715 2334 gumentuur
733 2268 742 2313 r
759 2249 850 2316 Deus
864 2241 932 2333 ipse
947 2239 1146 2334 synagogam
1162 2242 1332 2332 Judaicam
1355 2241 1474 2333 injuria
1494 2242 1626 2330 prolem
1641 2240 1777 2323 adficit,
1803 2243 2042 2325 donatianos,
2065 2248 2172 2327 idest,-

520 2363 560 2415 00
577 2338 824 2426 m⁰d⁰²bl2⁶ltv
851 2363 888 2413 ut
898 2339 996 2413 allam
1010 2364 1048 2411 ἐκ
1069 2339 1224 2431 gentibus
1236 2334 1331 2426 spon·
1355 2368 1395 2415 ex
1414 2339 1577 2412 adulterio
1601 2362 1779 2427 conceptos
1793 2336 1880 2415 ‚filios
1903 2338 2039 2412 santiliae
2061 2343 2174 2417 insert.

522 2437 589 2512 sam
605 2436 756 2529 elegerit.
797 2438 935 2511 Ecclesia
950 2438 1083 2513 Chrillo
1109 2432 1224 2526 sponso
1237 2435 1335 2505 ecles
1357 2446 1396 2534 4')
1409 2443 1502 2511 Num
1523 2441 1725 2525 parcendum
1747 2439 1846 2509 etiam
1871 2440 2020 2511 dicemus
2036 2441 2178 2514 homiti-

517 2562 565 2629 ge
587 2538 821 2627 conjungitur,
849 2559 887 2609 ut
912 2535 1011 2626 ipius
1033 2539 1151 2616 votem
1174 2538 1209 2604 in
1231 2528 1335 2614 verbo
1359 2540 1428 2617 dia,
1462 2561 1503 2607 ae
1529 2535 1626 2606 liberi
1659 2538 1835 2623 priventur
1861 2532 1923 2608 suis
1946 2540 2176 2625 parentibusi

522 2630 1051 2722 sonantem-urucaseemnr,
1075 2657 1140 2718 qua
1162 2626 1289 2720 spreta,
1314 2627 1337 2700 st
1363 2642 1400 2724 ς)
1428 2637 1522 2705 Num
1553 2636 1654 2705 etiam
1687 2639 1797 2705 Deum
1831 2633 2084 2720 adcusabirnus,
2122 2641 2177 2730 qui

522 2730 805 2826 spiritualiterper
821 2731 1063 2809 idololatriam,
1076 2728 1339 2816 aeternamm
1363 2756 1424 2821 per
1437 2755 1580 2804 mortem
1596 2734 1755 2821 conjugia
1775 2729 1940 2810 dilinivit,
1965 2757 2003 2804 ut
2017 2734 2116 2810 liberi
2132 2737 2178 2808 al.

486 2876 488 2880 ν
524 2852 595 2906 cata
629 2852 744 2904 centra
775 2827 1005 2904 conscientiam
1032 2826 1132 2900 suerit
1155 2824 1341 2904 fornicata,
1365 2853 1492 2902 terutro
1521 2849 1659 2919 parente
1676 2827 1784 2898 orbati
1802 2832 1957 2901 vitricum
1983 2831 2037 2903 vel
2060 2860 2181 2908 novet.

449 3007 451 3011 ,
527 2940 563 3007 ar
582 2932 617 3000 in
643 2926 797 3017 apostolia
825 2953 863 3000 ao
890 2930 1033 3016 peccatis
1061 2926 1127 3000 stne
1144 2926 1340 3014 punitentia
1362 2924 1642 3012 camsortiantur,
1664 2946 1805 3013 utroque
1825 2932 2068 3010 autem-,orbati
2090 2956 2181 3008 tuto-

526 3022 735 3115 perseveret‚
759 3052 779 3097 a
795 3027 929 3100 Christo
941 3026 1105 3124 abjiciturt
1134 3025 1240 3111 aare.
1253 3026 1295 3092 ll.
1309 3040 1339 3106 ς.
1364 3028 1456 3098 ribus
1468 3020 1591 3096 subesse
1602 3021 1792 3113 cogantur?
1807 3032 1844 3108 6)
1858 3030 1932 3098 Nea
1943 3029 2089 3102 inomni
2102 3057 2196 3105 conr

528 3127 693 3221 Quamvis
716 3127 805 3197 euim
833 3145 902 3195 tote
928 3122 1063 3206 eeclesia
1089 3119 1250 3194 catholica
1275 3142 1341 3191 non
1364 3125 1457 3214 jugia
1473 3124 1540 3193 nati
1563 3118 1636 3193 suut
1655 3120 1772 3201 liberi,
1806 3146 1890 3213 ergo
1909 3128 1950 3195 od
1987 3130 2183 3215 minimum,

528 3222 660 3298 deficiat
684 3225 837 3314 penitus,
864 3245 974 3294 tamen
1001 3219 1143 3293 ecclefirr
1167 3216 1343 3306 particula·
1366 3224 1496 3309 quando
1521 3244 1587 3289 non
1628 3222 1716 3290 adest
1749 3219 1879 3306 proles,
1909 3224 1955 3292 ob
1980 3226 2181 3302 adulterium

531 3348 598 3407 res,
627 3347 697 3410 quae
730 3324 844 3393 itidem
876 3318 947 3392 sunt
977 3317 1100 3392 Christi
1132 3312 1270 3404 sponsae,
1307 3326 1341 3387 δέ
1367 3316 1526 3408 separatio
1544 3315 1615 3388 lieri
1632 3320 1774 3404 poterit,
1800 3321 1875 3403 quia
1890 3342 1969 3392 tunc
1991 3327 2181 3400 ratio'adla·

532 3423 678 3509 quadam
706 3446 744 3491 ex
776 3418 925 3490 fidelibus
946 3418 1132 3500 animabus,
1158 3441 1230 3502 quae
1251 3414 1343 3501 prius
1367 3440 1397 3487 ta
1413 3413 1531 3493 cess'at?
1555 3412 1596 3511 7)
1627 3410 1697 3511 Qui
1713 3416 1820 3487 utitur
1828 3420 1904 3511 jure
1910 3416 1996 3512 saro,
2023 3424 2108 3497 nulli
2120 3427 2182 3519 sn.

529 3542 623 3592 erant
649 3521 772 3589 Chrilli
793 3514 934 3604 sponsat,
960 3514 1138 3595 deficiunt,
1165 3524 1198 3585 dt
1217 3512 1344 3583 aChri·
1367 3514 1608 3609 ciiinjurr'am‚
1630 3517 1744 3584 dicunt
1766 3514 1998 3598 jurisconsulti.
2039 3527 2103 3595 Sed
2119 3540 2186 3598 nm*

535 3620 582 3686 no
604 3620 647 3685 ita
670 3614 881 3693 abdicantur,
919 3637 954 3684 ut
981 3614 1077 3684 aliam
1106 3611 1163 3682 fibi
1196 3606 1343 3696 sponsam
1368 3617 1449 3684 ritus
1475 3610 1659 3683 adulteram
1684 3613 1839 3699 abjiciens
1861 3624 1895 3686 de
1917 3617 2016 3690 aliam
2038 3626 2185 3718 ductus,

531 3736 664 3801 quarat.
719 3716 841 3784 Eodem
863 3716 965 3803 igitur
980 3714 1079 3781 ruodo
1106 3711 1241 3779 maritus
1255 3731 1344 3776 turn
1368 3712 1470 3781 utitur
1493 3709 1548 3779 suo
1561 3718 1643 3795 jure.
2173 3728 2178 3736 ·

536 3834 637 3882 uxore
655 3809 802 3882 adultera
827 3835 926 3901 agere
948 3813 1081 3895 poterit.
1135 3808 1174 3895 8)
1194 3803 1344 3876 Clrritlua
1425 3824 1451 3895 a.
1479 3810 1624 3880 DXCll.
1666 3807 1732 3897 lll)
1758 3810 1819 3888 „Si
1847 3808 1924 3881 esset
1985 3856 2044 3922 m

414 3952 417 3955 Δ
536 3909 710 3980 humanum
739 3932 887 3979 naturam
913 3903 1131 3996 personalium
1152 3905 1343 3988 nuptiarum
1367 3906 1524 3990 „licitum
1553 3908 1712 3990 ejusmodi
1738 3912 1930 3996 conjugium
1979 3947 1993 4013 l
2045 3865 2184 3938 lAron.

1994 3939 2116 4021 Ιειμιειιίι
2136 3969 2183 4009 rc·

534 4004 661 4081 foedere
678 4019 711 4080 &
740 4006 906 4079 ecclesiam
928 4002 1088 4093 spirituali
1113 4004 1269 4088 conjugio
1289 4000 1346 4069 srlri
1370 4002 1820 4093 ‚,viventeulteroconjuge,
1848 4033 1926 4093 apt·
1977 4023 2143 4099 prussorum

535 4106 722 4193 copulavit,
749 4106 833 4174 hanc
857 4129 986 4174 carnem
1006 4100 1093 4171 suom
1120 4094 1345 4169 sontnffimnm
1369 4104 1627 4187 ‚,rireturadirus
1638 4097 1771 4171 infinitis
1783 4109 1928 4191 repudiis
1977 4107 2138 4168 uarietate,

536 4202 746 4276 &ecclesium
762 4227 838 4273 vera
856 4200 920 4271 fide
941 4201 998 4270 libi
1017 4199 1237 4269 adhaerentem
1263 4221 1347 4263 nun·
1371 4205 1499 4279 „etiam
1518 4200 1652 4284 injustis.
1696 4203 1798 4268 Nunc
1817 4205 1925 4288 enim,

537 4327 635 4387 quom
661 4303 813 4388 repudiat
836 4301 890 4373 vel
916 4299 1047 4388 abjicit:
1082 4294 1123 4367 lic
1153 4305 1187 4367 &
1212 4295 1348 4364 moritus
1373 4300 1480 4384 „quia
1502 4294 1605 4365 sciunt
1635 4294 1746 4365 fideles
1774 4298 1896 4370 debere
1919 4300 1950 4372 se
1972 4326 2029 4375 aut
2052 4311 2185 4390 coelibes

536 4424 673 4472 uxorem
689 4401 854 4470 callam&
876 4398 1006 4468 fidelem
1023 4421 1088 4465 nou
1103 4394 1274 4480 repudiet,
1295 4386 1348 4460 sed
1373 4399 1535 4481 „vivere‚
1568 4414 1623 4464 aut
1654 4397 1757 4481 priori
1789 4399 1923 4488 conjugi
1959 4412 2185 4492 reconciliari,

537 4501 671 4586 quaestio
693 4497 746 4569 laic
770 4500 815 4569 esl
835 4500 876 4567 de
891 4499 1030 4578 marito,
1056 4496 1112 4579 qui
1130 4488 1348 4579 prostibulum
1372 4519 1467 4580 „non
1490 4488 1585 4562 sacile
1601 4495 1642 4561 ad
1662 4492 1842 4563 divortium
1857 4502 2086 4593 adducuntur,
2114 4509 2186 4582 atii

536 4594 829 4684 inquinatisslmum
840 4595 952 4682 abjicit
967 4649 975 4678 ,
993 4617 1030 4663 ac
1045 4597 1085 4661 de
1096 4588 1262 4665 adultera,
1278 4611 1349 4674 quae
1372 4625 1396 4677 ,·‚
1409 4591 1547 4671 scirent,
1573 4612 1649 4659 mox
1670 4593 1842 4676 repudiata
1867 4619 1967 4666 uxore
1987 4600 2079 4686 posse
2093 4606 2183 4680 aliam

535 4692 568 4767 se
584 4692 684 4779 ipsam
698 4689 869 4782 deposuit,
893 4696 1024 4778 quando
1040 4688 1134 4759 alteri
1157 4683 1282 4757 nefarie
1301 4680 1347 4755 se·
1374 4691 1505 4779 „duci,
1542 4686 1685 4758 sacilime
1706 4691 1846 4761 divortia
1869 4691 2012 4775 fierent,
2043 4712 2081 4773 δι
2103 4729 2184 4791 (με.

535 4793 565 4868 se
580 4795 759 4875 onjnnxir.
811 4790 852 4881 9)
878 4793 1011 4890 Πρῶτον
1042 4779 1183 4881 ilarii&
1207 4779 1348 4853 confiuit
1373 4806 1519 4874 „terent
1541 4785 1722 4857 occafioues
1736 4788 1910 4885 aliquando
1927 4794 2131 4872 dissidiorum
2152 4816 2183 4878 ar

533 4894 568 4960 in
585 4915 641 4967 eo,
668 4893 755 4975 quod
772 4885 989 4959 confunditur
1003 4885 1194 4973 coniugium
1210 4904 1250 4950 ex
1267 4874 1297 4951 se
1315 4891 1348 4952 &
1374 4885 1594 4966 „crirtaiuum.
1606 4939 1625 4967 ‚‚
1705 4880 1805 4971 Resp.
1829 4892 1863 4977 a)
1884 4893 1964 4959 Hac
1983 4898 2070 4967 ratio
2088 4903 2181 4974 dedi.

533 4985 588 5066 sua
603 5013 719 5058 natura
736 4995 824 5073 juxta
844 4986 933 5077 leger
951 4987 1117 5073 priumvar
1141 4978 1350 5050 institutionis
1377 4983 1489 5051 vortiis
1525 4982 1706 5053 temerariis
1731 4985 1863 5070 privato
1896 4985 2038 5063 arbitrio
2065 4995 2179 5087 absque

530 5083 771 5178 consideratum
797 5110 873 5159 cum
893 5086 974 5159 vitio
998 5106 1038 5153 ex
1055 5080 1222 5154 accidente
1239 5070 1347 5166 super·
1376 5080 1566 5171 cognitione
1591 5081 1707 5168 judicis
1737 5079 1896 5154 leviiIima
1922 5109 2119 5180 quacunque
2144 5103 2178 5168 de

2114 5220 2175 5268 cau·
