4884 5984
902 491 965 564 nr
1015 490 1216 566 arrectis
1267 491 1500 584 coquan.
1747 499 1750 508 ·
1951 443 2070 588 err¹

394 686 649 764 matrimonium
669 707 779 760 ratum
799 709 866 758 nan
884 682 999 757 differt
1015 707 1033 754 a
1051 679 1202 756 consum·
1219 681 1467 776 persordearu,
1503 689 1538 757 in
1559 680 1709 774 presenti
1739 703 1891 774 tempore
1917 689 2025 761 ronti.

397 805 494 856 mata
513 781 672 860 essentiali
686 785 795 874 aliqua
811 779 1023 867 differentia,
1047 805 1124 852 turn
1145 803 1200 850 eo·
1224 785 1343 856 nentia
1356 787 1447 855 dono
1466 780 1496 854 se
1515 783 1621 871 probe
1637 785 1808 856 instrutios
1824 780 1897 869 elsa,
1911 808 2024 859 tamen

396 879 480 970 polu
505 883 647 956 romulis
664 885 706 955 rd
731 880 846 967 usum,
871 906 939 952 non
964 878 1066 956 dolor
1085 885 1200 962 eonju-
1224 906 1292 954 non
1310 878 1444 971 poliunt
1460 877 1523 952 else
1537 883 1642 966 certi,
1666 885 1756 966 quod
1775 903 1938 969 perpetuo
1958 909 2022 973 per

397 979 451 1070 gil
473 979 664 1068 pertineat,
697 1005 784 1073 ergo
810 981 910 1053 etiam
936 973 1201 1051 consummatum
1224 1003 1359 1052 omnem
1377 982 1478 1052 eitam
1500 979 1541 1049 ab
1562 977 1741 1050 ustionibus
1767 977 1870 1053 futuri
1897 979 1958 1052 sint
1979 981 2021 1053 ll·

396 1076 651 1152 matrimonium
666 1083 774 1168 quoad
795 1077 966 1150 uinculum
986 1073 1123 1148 soluitur
1137 1096 1199 1162 per
1224 1075 1330 1161 beri;
1370 1099 1577 1166 nequaquam
1616 1101 1699 1168 ergo
1735 1074 1858 1150 debent
1892 1101 2022 1153 tentare

366 1253 375 1260 ,
393 1169 570 1264 religionis
586 1171 836 1261 proseliionem.
886 1179 968 1247 Non
988 1175 1098 1261 potuit
1127 1170 1200 1242 Bel·
1222 1179 1334 1247 Deum
1353 1171 1549 1247 discedendo
1573 1200 1592 1245 a
1616 1177 1763 1245 remedio
1783 1199 1897 1246 eontra
1923 1180 2022 1250 uilio·

395 1267 559 1345 hrminos
580 1271 659 1344 huie
680 1271 868 1346 difficultati
888 1272 983 1345 aliter
1002 1291 1197 1348 occurrere,
1222 1296 1278 1344 oet
1304 1275 1460 1343 diuinitus
1483 1271 1541 1342 libi
1561 1273 1659 1351 dato,
1693 1297 1730 1343 ac
1753 1277 1898 1364 conjugii
1925 1271 2020 1349 usum

394 1389 499 1457 qum
523 1393 588 1460 per
612 1373 735 1443 nudam
761 1373 918 1460 principii
942 1369 1136 1459 petitionem
1162 1369 1198 1437 in
1221 1365 1399 1442 solenniter
1415 1368 1621 1456 abjurando,
1654 1368 1732 1439 alias
1759 1369 1957 1459 gravissimis
1981 1382 2018 1448 δι

392 1471 544 1558 §Dices
559 1477 627 1546 dte.
685 1465 807 1565 Quod,
836 1470 966 1558 inquit,
995 1463 1090 1538 Deus
1110 1463 1197 1544 ‹lsti-⁴
1220 1463 1496 1556 periculosllimis
1510 1466 1646 1538 Diaboli
1659 1468 1893 1542 tentationibus
1914 1492 2019 1544 teme-
2161 1501 2165 1516 ··

390 1573 471 1636 mat
494 1568 714 1642 matrimonia
741 1577 850 1648 rata,
872 1563 927 1639 'ii
957 1588 1023 1638 non
1049 1565 1195 1636 dirimat
1218 1589 1255 1636 re
1278 1564 1311 1639 ie
1328 1586 1508 1654 exponunt.
1539 1568 1647 1639 rCer.
1669 1562 1748 1642 Vll.
1778 1591 1832 1656 ¹7·
1889 1566 2018 1646 Unum.

393 1663 500 1736 mam
522 1661 749 1763 cansremmata
760 1689 822 1762 per
841 1666 1048 1738 vocationem
1074 1662 1121 1735 ad
1142 1684 1193 1734 re·
1216 1664 1471 1833 quemqulpeut
1486 1662 1622 1735 uocauit
1646 1658 1764 1746 Deus,
1787 1666 1839 1736 ita
1856 1665 2060 1741 ambulet*
2102 1675 2107 1683 '

390 1759 568 1857 ligionem,
576 1762 706 1863 scimur
726 1788 771 1836 ex
796 1763 931 1861 ecclefiae
953 1760 1190 1835 declaratione.
1216 1789 1249 1835 r.
1268 1787 1326 1846 27.
1403 1760 1558 1858 dligatus
1575 1784 1612 1833 es
1631 1761 1760 1845 uxori,
1786 1762 1859 1836 nali
1873 1787 2016 1859 querere

387 1861 556 1936 Preterea
572 1867 704 1953 quindo
716 1888 780 1953 per
793 1883 908 1935 uotum
925 1863 1134 1934 continentiae
1146 1862 1191 1930 ita
1207 1857 1424 1956 solutionem.
1446 1925 1461 1948 ,,
1474 1862 1538 1934 Sed
1561 1859 1597 1931 in
1611 1881 1650 1933 re
1669 1857 1843 1936 manifesta
1863 1862 2016 1954 plurilus

386 1951 424 2030 se
451 1953 600 2050 separant
624 1971 806 2053 conjuges,
830 1981 868 2032 ut
894 1955 954 2030 sub
977 1982 1107 2032 aterne
1132 1961 1190 2030 da·
1212 1981 1299 2049 opus
1318 1983 1386 2032 nou
1400 1960 1460 2032 ett

385 2059 569 2131 mnationis
591 2082 693 2150 omna
714 2062 936 2148 promittant,
970 2054 1003 2131 se
1020 2055 1110 2129 nolle
1129 2058 1190 2127 ite-
1285 2059 1315 2151 ς.
1336 2058 1586 2132 ccccxliii.
1633 2051 1757 2126 Beller-
1818 2077 1987 2166 ΝΜ,

383 2177 469 2227 rum
484 2161 682 2242 eonvenite,
707 2166 742 2231 de
760 2152 925 2228 consortio
943 2154 1110 2246 coniugali
1125 2156 1189 2234 uti,
1211 2153 1535 2226 minureontrnrium
1549 2153 1753 2234 demonstra·
1804 2157 1998 2226 Bellormc'nr‘.

385 2253 694 2346 ae-ingrediootur
713 2256 864 2328 unna·
890 2255 1109 2332 monasteria,
1141 2251 1189 2322 ibi
1210 2274 1250 2322 ra
1273 2251 1412 2325 nititur:
1446 2254 1554 2336 1.)Ex
1571 2249 1646 2322 loca
1669 2269 1752 2344 apa.
1982 2335 1984 2342 Ι

364 2371 460 2432 mon
490 2348 596 2425 solum
632 2355 743 2444 quoad
782 2352 937 2432 thorun,
983 2347 1039 2423 sed
1087 2351 1189 2422 etiam
1206 2347 1327 2449 ssalica
1350 2351 1459 2423 rCor.
1468 2344 1553 2422 Vll.
1564 2357 1602 2425 6.
1652 2345 1822 2421 Hordieo
1831 2345 2014 2444 secundum
2130 2357 2132 2362 '

382 2451 500 2538 quoad
523 2539 527 2544 Ι
548 2449 677 2539 reliqua
719 2446 861 2534 efficia,
908 2473 983 2539 quae
1034 2472 1075 2524 et
1111 2448 1189 2540 lege
1210 2445 1484 2541 indulgentiam,
1523 2467 1590 2517 non
1612 2441 1794 2540 secundum
1820 2447 2013 2543 imperium.
2103 2491 2105 2498 ·

383 2548 505 2622 divina
562 2546 625 2622 libi
693 2551 840 2623 invicem
896 2547 1051 2632 dehent,
1124 2539 1189 2619 sese
1213 2542 1260 2617 Id
1279 2542 1401 2638 referri
1421 2541 1515 2618 debet
1532 2543 1580 2616 ad
1598 2543 1683 2617 itud
1695 2595 1706 2626 ,
1742 2544 1832 2641 quad
1853 2545 2014 2644 proxime

387 2640 574 2736 sepirent,
622 2656 659 2721 de
695 2669 811 2722 cantra
854 2663 1062 2734 preceptum
1108 2666 1189 2733 apo·
1210 2642 1387 2741 precedit,
1402 2643 1606 2716 revertimini
1624 2644 1658 2716 in
1673 2645 1707 2716 id
1721 2641 1851 2732 ipsums
1875 2644 1915 2717 id
1924 2644 2015 2717 enine

386 2741 466 2815 stoli
491 2765 511 2816 a
533 2741 742 2820 seinvicem
760 2736 972 2847 χωρίζοντας.
1036 2734 1190 2814 Desertio
1212 2741 1346 2816 Paulus
1365 2765 1433 2814 non
1450 2738 1594 2814 libenter
1615 2741 1784 2826 concedit,
1807 2737 1872 2839 scd
1899 2741 2014 2818 indui·

383 2841 569 2914 estimetur
586 2867 628 2916 er
649 2867 710 2929 eo,
729 2847 868 2932 quando
890 2840 1051 2912 alteruter
1073 2845 1189 2926 conju·
1211 2851 1270 2936 get
1288 2851 1428 2937 propter
1448 2839 1725 2914 incontinentiam
1746 2838 1904 2927 illorum,
1928 2863 2012 2936 ergo
2107 2925 2109 2932 ¹

384 2939 475 3034 guin
494 2941 540 3011 ita
555 2937 716 3020 discedit,
743 2951 782 3013 ut
808 2961 875 3010 non
899 2936 1021 3010 babeat
1040 2937 1189 3009 animum
1211 2941 1270 3035 qui
1287 2949 1444 3036 perpetuo
1458 2939 1629 3009 continent
1643 2937 1688 3012 ab
1702 2960 1808 3011 uxore
1820 2962 1865 3011 ex
1877 2938 2012 3035 consen·
2109 3011 2119 3021 ,,

383 3035 598 3119 reuertendir
624 3060 662 3114 at
688 3037 743 3135 jus
770 3039 965 3109 canonicum
990 3034 1189 3127 coniugibus
1204 3035 1250 3134 su
1273 3062 1341 3110 rem
1365 3035 1587 3135 grutrffimam
1612 3034 1724 3109 Paulo
1740 3035 1905 3130 sariunt,
1933 3049 2011 3112 tan-

380 3138 626 3215 eontinentiaot
652 3131 804 3228 prasesiit
836 3137 1037 3213 interdicit,
1068 3155 1108 3204 ne
1134 3129 1188 3204 uel
1210 3148 1284 3210 turn
1301 3134 1406 3237 abest,
1431 3147 1469 3208 ut
1483 3132 1552 3230 ipse
1572 3134 1609 3206 id
1628 3133 1847 3231 prohibuerit.
1906 3133 2010 3229 Resp.

382 3235 445 3306 reir
460 3257 626 3320 uxorem,
652 3234 706 3309 uel
727 3257 816 3307 uxor
841 3233 952 3304 uirum
975 3239 1130 3327 repetat,
1154 3254 1185 3302 e.
1208 3231 1285 3306 sane
1300 3236 1433 3322 quidam
1448 3234 2010 3321 interpretesrumvetustiorertum

382 3334 533 3408 nmen&
547 3357 578 3408 t.
595 3335 798 3406 constitutus.
817 3341 882 3405 dte.
898 3334 1038 3402 dudum.
1053 3334 1096 3403 de
1107 3353 1186 3401 con·
1209 3335 1410 3405 recentiores
1427 3329 1578 3403 reserant
1589 3329 1672 3401 illud
1689 3327 1775 3406 reiro
1791 3331 1838 3403 ad
1851 3335 2009 3425 proxime

379 3427 469 3506 vers.
485 3433 652 3526 'conjugat
706 3431 894 3599 quomodo
911 3429 1018 3518 igitur
1039 3451 1106 3498 non
1121 3421 1186 3497 dis·
1203 3431 1392 3524 prandens
1407 3431 1520 3506 πάλιν
1536 3428 1752 3523 eminuerit,
1777 3449 1815 3498 ut
1830 3428 1870 3498 fit
1889 3427 2007 3502 sensus:

379 3531 507 3603 “duos
523 3530 603 3610 illi,
627 3530 687 3620 qui
708 3555 728 3600 a
753 3553 833 3616 sque
862 3528 973 3598 animo
993 3526 1183 3596 revertendi
1205 3529 1312 3622 Quod
1328 3528 1461 3611 monui,
1485 3548 1527 3596 ne
1544 3525 1626 3595 alius
1644 3524 1746 3596 alium
1761 3523 1955 3609 defraudet,
1970 3536 2007 3601 dt

376 3633 543 3720 eonjuger
556 3627 777 3717 relinquunt?
802 3625 985 3717 Quomodo
1003 3647 1071 3694 non
1090 3620 1181 3711 sepa·
1204 3648 1244 3698 ut
1263 3626 1436 3713 postquam
1451 3626 1492 3694 ad
1507 3643 1673 3710 tempusa
1696 3619 1790 3693 vobit
1811 3646 1927 3695 mutuo
1946 3623 2010 3704 ab,

377 3715 459 3798 rant
478 3733 658 3820 conjuges,
683 3727 740 3814 qui
756 3722 836 3796 tales
849 3724 922 3812 post
939 3741 1054 3793 uotum
1070 3723 1112 3793 ad
1129 3718 1179 3792 of·
1204 3723 1402 3806 ssinueritis,
1429 3715 1541 3792 rursus
1558 3722 1780 3801 convenietin
1805 3720 1869 3794 hot
1882 3723 1958 3795 dito
1970 3730 2007 3797 de

376 3820 456 3896 licia
471 3823 658 3915 conjugalia
686 3823 811 3895 reuerti
833 3818 1033 3909 prohibeant
1056 3818 1091 3890 lit
1117 3843 1181 3908 pu·
1198 3843 1325 3914 ⁴moneo
1341 3839 1498 3908 turquam
1512 3820 1697 3890 concedens
1715 3819 1808 3890 vobis
1819 3821 2006 3894 remedium

375 3921 503 3994 ieiunii
522 3925 670 3995 Maritus
685 3931 720 3995 δι
740 3943 824 3992 uxor
840 3944 882 3990 ex
909 3917 1040 4008 legibus
1066 3926 1102 3991 dr
1129 3919 1180 3987 in·
1199 3940 1319 3992 contra
1336 3917 1633 4000 incontinentiam,
1664 3939 1732 3988 non
1760 3940 1871 3988 autern
1896 3921 2007 4009 irnpe-

375 4021 548 4093 llitutione
566 4021 717 4110 conjugii
728 4013 805 4089 sunt
820 4036 889 4089 una
907 4037 1006 4095 cerac
1033 4021 1119 4089 Gen.
1132 4009 1176 4087 ll.
1200 4041 1278 4089 rana
1295 4014 1409 4096 vobis,
1434 4036 1473 4087 ur
1490 4015 1578 4085 inter
1597 4039 1654 4086 ras
1667 4009 1892 4086 consuescitis.
1916 4017 2006 4115 Qun

378 4141 442 4212 24.
464 4118 586 4191 Mittit.
603 4117 696 4191 XlX.
714 4141 745 4208 5.
768 4112 888 4204 Ephes.
898 4122 939 4185 V.
958 4138 1014 4199 μ.
1042 4135 1076 4185 at
1095 4137 1177 4201 quo-
1200 4116 1433 4203 interpretatio
1453 4111 1545 4188 sirel
1559 4116 1702 4184 maxime
1720 4135 1932 4202 acceptetur,
1953 4137 2006 4184 nt·
2133 4097 2155 4186 ’,

376 4219 483 4289 modo
500 4238 635 4290 manent
652 4239 716 4286 una
732 4225 828 4296 earo,
851 4212 872 4284 fi
893 4207 1113 4303 rotasolenni
1129 4209 1178 4288 sl·
1201 4210 1249 4282 hil
1272 4234 1383 4284 tamen
1405 4212 1491 4282 lueri
1513 4205 1613 4282 causae
1636 4208 1885 4298 pontificiorum
1909 4235 2018 4284 acte.

376 4333 509 4388 teruter
536 4313 600 4386 rel'
624 4333 763 4401 uterque
795 4308 826 4381 se
853 4310 1062 4401 obstringat,
1087 4311 1176 4396 quod
1201 4314 1269 4389 dit,
1295 4309 1338 4381 fic
1357 4311 1446 4382 enim
1464 4308 1712 4380 concludimus:
1735 4309 1848 4401 Quam
1864 4307 2003 4381 liberta·

377 4412 521 4486 velinto
542 4408 576 4485 sa
593 4413 738 4484 invicem
752 4405 940 4492 discedere,
970 4418 1012 4479 ab
1025 4406 1177 4479 usoeaa·
1200 4431 1269 4479 tern
1288 4408 1457 4496 aposlolus
1473 4407 1673 4496 conjugibus
1696 4429 1763 4476 non
1788 4407 1949 4493 judicavit
1969 4431 2008 4480 ν

375 4513 465 4605 Jngii
480 4513 613 4601 penitus
633 4536 696 4601 per
714 4532 849 4581 ornnem
869 4510 972 4578 vitans
987 4504 1175 4593 abstinere,
1200 4508 1410 4598 diruendam,
1422 4530 1465 4580 ne
1479 4527 1620 4594 propter
1632 4505 1904 4575 incontinentiam
1919 4529 1940 4576 a
1953 4500 2003 4577 sa·

374 4607 487 4683 officia
510 4634 550 4682 ex
571 4609 647 4700 lage
664 4607 813 4697 conjugii
829 4603 938 4677 debita
955 4603 1013 4676 sibi
1032 4606 1177 4676 invicem
1200 4627 1276 4675 tana
1301 4625 1529 4683 tentarentur,
1551 4628 1626 4674 earn
1648 4603 1748 4674 etiarn
1773 4601 1904 4691 ipstntt
1923 4626 2003 4677 eon·

372 4731 445 4782 nan
463 4705 605 4797 amplius
631 4705 820 4796 prestare?
857 4704 1026 4775 l’ertine'nt
1051 4702 1116 4773 lruc
1137 4727 1175 4776 o·
1198 4711 1296 4794 juger
1331 4726 1399 4774 nan
1426 4699 1550 4774 debent
1578 4699 1638 4771 fibi
1660 4702 1805 4772 invicem
1828 4702 2002 4789 adimere,

375 4807 468 4879 mnia
483 4826 632 4879 veterum
649 4807 755 4882 ditia,
780 4801 898 4890 quibus
909 4803 1174 4890 conjuodlianem
1201 4824 1342 4890 propter
1358 4805 1509 4873 eamdem
1534 4795 1656 4871 scilicet
1674 4801 1849 4874 rat-ionem.
1903 4805 1949 4872 dt
1966 4826 2004 4875 a·

371 4904 561 4978 maritalem
584 4902 796 4992 indiuiduam
816 4902 898 4971 uita
912 4895 1174 4993 consuetudinem
1199 4900 1347 4989 postolos
1375 4903 1472 4991 gravi
1492 4895 1628 4969 tonsilia
1647 4893 1793 4986 censuit,
1817 4923 1884 4971 non
1901 4898 2003 4973 dalre-
2044 4963 2046 4968 .

373 5001 554 5092 eompleeti
573 4997 737 5074 adserunt.
790 5003 869 5082 ΙΙΙ.)
894 4993 1101 5092 Consequens
1116 5023 1175 5094 pc-
1197 5024 1237 5069 re
1250 5001 1351 5069 adimi
1368 4996 1566 5094 conjugibus
1582 4994 1771 5069 libertatem
1785 5001 1906 5070 iterum
1922 5022 2006 5070 eon.

367 5099 525 5179 ciculum.
590 5100 754 5198 Quemvis
792 5099 883 5175 enirn
922 5105 1081 5203 conjuges
1113 5096 1174 5170 sibi
1197 5099 1378 5183 veniendi,
1412 5120 1456 5170 ne
1483 5090 1606 5167 seilicet
1630 5115 1772 5188 propter
1795 5096 2005 5209 incontinen-
2107 5134 2115 5140 -
2211 5137 2213 5144 ·

1247 5196 1302 5266 lii
1330 5218 1351 5269 2
1922 5214 2005 5270 tren
