4884 5984
419 467 490 607 aa*
544 449 740 587 ’ωας
755 503 880 606 xxn.
920 511 1077 586 enne.
1102 510 1282 588 neunt.
1299 515 1343 585 n.
1370 509 1479 586 nar.
1494 465 1537 584 n'.
1563 509 1676 590 raras
1693 517 1721 588 r.
1745 513 1867 588 sacr.
1887 450 1947 590 iv.
2064 587 2068 593 .

416 707 501 784 Lei.
520 733 598 800 pag.
620 735 705 805 412.
722 711 834 782 Simon
849 708 951 781 Pauli·
959 712 992 781 in
1007 709 1070 783 ior.
1084 713 1127 781 de
1141 733 1221 780 con·
1244 706 1341 780 beret
1362 711 1510 795 eJusdem
1531 705 1698 791 foeminoe,
1731 711 1935 799 Semproniae
1967 705 2047 786 scili·

221 811 229 848 ³
361 856 367 866 -
416 813 488 900 jug.
513 811 685 880 Zehnerus
715 813 757 880 de
781 813 877 899 grad.
909 834 943 898 p.
975 835 1051 884 120.
1082 801 1220 892 Maior.
1245 828 1320 887 tet,
1344 809 1464 892 marito
1483 811 1567 895 Cajo
1585 818 1620 881 δι
1637 832 1798 899 germano
1815 806 2045 893 fitioMaevia.

416 905 548 999 carrega
560 909 669 978 noster
682 905 903 987 honorandus,
918 911 951 978 in
968 903 1051 996 disp.
1065 909 1107 978 de
1123 929 1219 996 nupt.
1246 904 1301 975 vei
1316 909 1404 993 quod
1418 909 1508 978 idem
1530 907 1601 990 est,
1627 906 1768 978 nuberet
1793 910 1880 994 patri
1905 908 1991 993 Criu
2012 920 2047 985 ει

346 1047 358 1060 --
415 1029 490 1095 etp.
518 1003 613 1077 Xill.
636 1031 667 1093 q.
688 1035 731 1080 u.
762 1008 895 1094 penitus
923 1031 976 1080 eas
1002 1005 1221 1096 improbant,
1246 1001 1314 1075 filio
1335 1006 1493 1096 privigno
1515 1007 1667 1096 Maenio.¹
1707 1016 1752 1094 ς.)
1774 1007 1828 1077 Ab
1848 1003 2046 1082 annaneane

417 1108 509 1180 unde
528 1103 653 1196 regular
677 1103 747 1189 illi,
773 1108 862 1193 quod
883 1106 917 1176 in
940 1100 1082 1177 secundo
1099 1114 1134 1179 ἀ
1154 1126 1221 1175 ter·
1245 1114 1390 1176 veterum
1410 1126 1583 1178 cononum.
1637 1111 1674 1175 in
1693 1104 1876 1176 canonibus
1893 1107 2045 1179 vetustio-

270 1215 273 1220 '
323 1263 326 1268 .
417 1205 467 1275 tia
489 1201 666 1292 adfinitatis
685 1228 808 1294 genere
828 1228 896 1275 non
916 1208 1015 1276 detur
1034 1200 1219 1317 prqhibitio
1245 1202 1335 1272 ribus
1363 1226 1438 1274 ante
1459 1202 1594 1276 concilii
1623 1201 1846 1275 Lateranensts
1873 1206 2043 1277 decretum

417 1304 603 1392 impediens
632 1305 905 1384 matrimonium,
931 1302 1161 1374 addunt'banc
1178 1301 1219 1372 ii·
1244 1305 1340 1374 editis
1362 1305 1396 1372 in
1405 1300 1551 1399 secundo
1566 1326 1682 1397 genere
1702 1300 1877 1373 adfinitatis
1896 1304 2046 1392 prohibi·

233 1483 239 1492 ι
418 1402 647 1486 mirationem,
674 1402 738 1502 nist
756 1398 891 1498 scilicet
909 1400 1056 1499 persone
1075 1402 1111 1473 in
1127 1401 1219 1472 linea
1245 1405 1292 1471 tia
1311 1400 1440 1474 extensa
1454 1398 1517 1471 fuit
1543 1408 1701 1488 usquead
1717 1401 1863 1494 gradum
1878 1415 2044 1498 quartum,

221 1498 230 1513 '
305 1589 308 1596 Ι
418 1498 506 1575 reda
527 1497 798 1597 adscendentinm
821 1525 862 1573 ac
877 1498 1142 1597 descendentium
1168 1499 1218 1572 lo·
1244 1503 1278 1570 in
1300 1502 1399 1572 tertio
1421 1500 1616 1671 affinitatis
1667 1525 1758 1573 enere
1778 1505 1945 1588 usquead
1968 1521 2046 1598 'gra-

418 1624 492 1674 cum
513 1601 710 1696 compleant.
761 1606 978 1690 Argumentis
991 1601 1066 1687 ,hec
1092 1595 1220 1673 senten·
1244 1599 1322 1672 dum
1334 1596 1439 1694 secun
1466 1625 1546 1680 nen,
1570 1622 1609 1671 ut
1631 1525 1780 1687 iperius
1801 1602 2043 1680 admonuimus.

418 1701 464 1772 ti‘a
485 1697 623 1787 probari
641 1704 747 1790 potest
766 1701 950 1788 ejusmodi:
994 1704 1045 1792 ι.)
1075 1701 1121 1771 Ex
1148 1698 1220 1795 lege
1246 1705 1355 1786 Atque
1374 1696 1425 1771 hae
1439 1702 1583 1771 tationes
1598 1697 1762 1791 probant,
1791 1697 1856 1771 nie
1872 1704 2045 1773 matrimo-
2065 1766 2067 1770 .

371 1851 374 1855 -
418 1809 560 1871 nanerae.
612 1806 671 1891 Jus
687 1823 810 1872 natura
831 1803 949 1879 docet,
972 1825 1038 1872 non
1062 1796 1126 1871 effe
1147 1826 1219 1890 ma·
1245 1801 1362 1878 nium,
1387 1797 1410 1869 st
1431 1822 1483 1871 res
1502 1797 1611 1870 adhuc
1637 1801 1684 1869 est
1710 1800 1869 1888 integra,
1894 1823 1964 1870 non
1986 1797 2057 1873 effe·

420 1900 571 1971 trintonii
597 1901 731 1970 ineundi
754 1902 971 1988 potestatem,
995 1898 1052 1972 ubi
1069 1900 1116 1969 est
1142 1922 1219 1989 pro-
1246 1899 1521 1991 eoncedendum,
1551 1893 1603 1969 sed
1619 1922 1695 1968 cunt
1714 1920 1856 1967 canones
1874 1901 1919 1967 de
1934 1896 2044 1986 peob'a

301 2004 308 2018 ‘
407 1999 508 2094 ‚xima
531 2001 637 2070 earnis
661 2001 902 2088 propinquitas.
978 2003 1023 2068 At
1043 2000 1130 2069 inter
1150 1999 1221 2086 pri·
1246 1995 1372 2068 bitione
1394 1992 1526 2067 secundi
1549 2006 1583 2069 δι
1607 1998 1697 2068 tertii
1718 1999 1850 2086 generis
1868 1994 2050 2069 adfinitatis

421 2099 562 2188 tignum
583 2106 618 2170 ὅτ
641 2122 840 2175 novercam,
855 2099 951 2166 *inter
971 2099 1162 2186 privignam
1186 2105 1221 2169 δι
1247 2094 1306 2165 stnt
1322 2094 1436 2165 aboliti
1445 2101 1463 2173 ,'
1481 2120 1623 2182 cumque
1647 2098 1681 2164 in
1698 2097 1848 2165 addonis
1864 2094 2051 2168 rationibta.

420 2197 579 2269 vitiieum
590 2198 636 2267 en
650 2198 776 2267 ratione
789 2193 966 2270 adfinitatis
978 2198 1129 2285 proxima
1143 2219 1222 2283 pto·
1246 2219 1311 2265 non
1326 2196 1464 2264 omnino
1478 2193 1561 2264 nihil
1579 2190 1756 2265 defiderari
1774 2189 1945 2281 poffit,‘st
1962 2191 2048 2267 scra·

290 2345 294 2356 .
419 2296 610 2386 pinqnitas‚
636 2298 824 2366 continuata
842 2297 968 2366 enima
990 2317 1145 2379 noverca,
1167 2293 1221 2364 tei
1246 2289 1391 2381 pulofius
1418 2294 1676 2370 examinentur,
1702 2294 1778 2362 ideo
1800 2317 1842 2362 an
1874 2296 2046 2366 matrimo-

420 2396 541 2467 vittico
559 2418 621 2480 per
634 2389 830 2481 subsequens
851 2393 1099 2464 matrimonium
1117 2417 1219 2481 copu—
1246 2394 1338 2461 nium
1363 2392 1528 2477 ejusmodi
1549 2392 1757 2461 contratium
1783 2398 1818 2463 δι
1842 2387 2046 2466 consumma·

419 2489 477 2578 ia,
502 2494 690 2563 corstinuata
708 2490 800 2561 simul
817 2488 881 2561 fuit
900 2513 1048 2563 materna
1070 2515 1220 2563 noverca
1246 2512 1317 2560 tum
1337 2485 1579 2561 dissolvendum
1600 2487 1659 2560 stt?
1684 2513 1751 2559 non
1770 2491 1940 2564 immerito
1953 2487 2045 2566 tiabi-

273 2587 299 2656 ⁸.
418 2611 460 2662 rc
493 2613 631 2678 paterna
663 2592 781 2661 vitrici*
810 2594 1050 2678 propinquitas.
1119 2595 1219 2680 Ergo.
1245 2589 1399 2661 tarerim.
1449 2667 1452 2678 ,
1901 2623 1943 2651 ·.

400 2677 477 2785 a.)
499 2693 544 2760 Er
566 2686 638 2783 lege
661 2688 806 2774 divina,
836 2690 869 2757 in
897 2714 962 2777 qua
984 2686 1221 2779 prohibitum,
1315 2699 1349 2776 ᾗ.
1369 2691 1552 2761 CCCLIV.
1593 2689 1683 2760 Huic
1699 2711 1788 2774 quae.
1837 2686 2043 2785 IV.)Anne'·

419 2811 465 2860 ne
488 2789 665 2880 privignus
691 2791 789 2859 ducat
816 2811 1014 2869 novercam,
1037 2812 1098 2860 nea
1116 2788 1222 2877 privi·
1247 2789 1340 2860 itioni
1362 2810 1502 2880 cognata
1526 2789 1584 2857 eii.
1636 2794 1708 2878 lv.)
1728 2783 1789 2858 An
1860 2777 1957 2833 ‘'w“
1982 2788 2027 2832 θ’·

374 2976 376 2980 y
419 2884 1074 2979 gnanubatvitrirmLev.XV111.8.
1126 2890 1221 2957 Anna
1247 2885 1388 2960 vitricus
1403 2887 1541 2959 viduum
1564 2881 1712 2977 desnniir'
1724 2884 1791 2986 sui
1856 2849 1959 3012 5³5AE
1983 2848 2042 3012 [ᾖ

421 2986 469 3059 eii
487 3009 632 3059 noverea
654 2988 793 3067 Marii,
819 2984 977 3073 siquidem
993 2987 1039 3057 est
1057 3010 1122 3058 unt
1145 3010 1222 3056 caro
1244 2986 1402 3083 privigni
1435 2984 1550 3058 ducere
1572 2982 1707 3083 puffit?
1733 2979 1788 3057 vei
1863 3011 2006 3093 φήνῃ·

416 3077 500 3156 *aum
518 3085 619 3175 cajo,
640 3088 697 3174 qui
719 3110 795 3155 cum
813 3110 970 3174 germana
988 3087 1101 3157 Mavii
1117 3105 1224 3156 matre
1248 3089 1305 3175 qui
1325 3087 1413 3158 idem
1430 3087 1552 3175 gradus
1573 3086 1641 3169 est,
1668 3110 1713 3158 an
1732 3107 1793 3155 no·
1861 3089 1969 3152 eiecere
1979 3085 2041 3174 pas·

422 3185 618 3274 Sempronia
649 3186 764 3255 itidem
790 3181 854 3255 fuir
880 3209 943 3256 una
966 3209 1051 3254 caro.
1119 3189 1220 3274 Erga.
1248 3206 1346 3256 nerra
1382 3183 1485 3256 viduo
1521 3181 1684 3274 desnniiae
1717 3181 1790 3279 suae
1895 3167 1964 3253 sti?

426 3279 480 3379 3.)
499 3287 528 3354 A
548 3283 638 3378 puri.
691 3286 720 3353 A
736 3292 827 3371 cujus
844 3287 905 3353 viri
919 3286 1042 3369 nuptiis
1058 3282 1222 3355 abninen·
1242 3285 1414 3381 privigne
1429 3282 1547 3355 nubere
1562 3282 1687 3381 poffit!
1707 3289 1789 3355 Beu-

423 3384 505 3453 dum
519 3385 565 3454 est
582 3407 663 3453 naeae
684 3378 806 3468 sorori,
834 3381 876 3451 ab
895 3387 1041 3468 ejusdem
1065 3384 1127 3451 viri
1141 3404 1220 3452 uxo·
1246 3387 1322 3454 Aius
1344 3409 1416 3470 cap.
1440 3388 1527 3453 [ΙΙΙ.
1547 3406 1607 3475 per
1629 3380 1908 3479 despensittionem
1935 3389 2041 3486 magi·

421 3505 461 3553 te
483 3482 583 3552 etiam
605 3480 686 3552 mihi
700 3477 950 3563 abstinendum,
968 3484 1050 3550 ratio
1064 3484 1129 3558 est,
1146 3483 1220 3565 quia
1239 3486 1369 3583 flentur
1394 3480 1472 3552 tales
1501 3483 1632 3566 nuptias
1660 3487 1796 3554 concedi
1822 3483 1913 3572 posse
1941 3488 2041 3560 exiiii·

422 3577 527 3651 frater
559 3590 593 3654 δι
617 3576 711 3651 soror
732 3574 804 3648 sunt
829 3582 864 3648 in
891 3577 1007 3666 aequali
1031 3583 1158 3670 gradu,
1183 3604 1221 3648 ar
1247 3605 1334 3662 mat,
1360 3606 1436 3652 cum
1460 3579 1497 3649 stt
1510 3577 1658 3651 adfinitas
1676 3577 1808 3654 secundi
1823 3589 1968 3674 generis.
1984 3589 2040 3661 Sei

423 3680 477 3751 vir
495 3689 529 3753 δι
550 3703 633 3749 uxor
656 3675 728 3747 sunt
751 3703 814 3747 una
833 3701 923 3748 caro.
976 3679 1078 3766 Atqui
1099 3676 1121 3748 st
1140 3682 1224 3749 Mae.
1246 3687 1442 3754 Mentzerus
1461 3681 1503 3749 de
1528 3677 1664 3775 conjug.
1684 3703 1720 3771 p.
1746 3700 1802 3769 32.
1832 3688 1954 3756 refflus
1987 3691 2043 3758 stt-

423 3781 498 3848 vius
528 3776 664 3846 haberet
686 3771 832 3846 sororem
865 3779 1047 3863 Mariam,
1079 3776 1135 3847 illa
1156 3800 1222 3846 nun
1247 3784 1327 3864 tuit,
1352 3780 1483 3851 easdem
1504 3773 1567 3848 effe
1589 3778 1841 3866 improbandas,
1864 3788 1952 3869 quad
1970 3811 2042 3874 pta·

423 3871 530 3964 paffet
550 3875 676 3946 nubere
697 3877 781 3958 Cajo
801 3877 930 3946 vitrico.
958 3881 1048 3966 Ergo
1065 3880 1220 3947 necMae·
1245 3878 1342 3951 batur
1380 3880 1431 3967 1.)
1472 3882 1502 3947 A
1532 3875 1748 3972 personarum
1779 3882 2041 3960 contrahentium

423 3977 497 4044 vius
513 3975 621 4062 potest
641 3976 763 4043 ducere
796 3979 940 4051 Annam,
966 3975 1041 4045 Caii
1075 3976 1220 4053 viduam,
1244 3978 1443 4050 conditione.
1496 3982 1586 4045 inter
1603 4003 1656 4046 eas
1678 3976 1850 4064 personas,
1874 4008 1948 4068 que
1974 3983 2042 4058 sunt

422 4068 716 4144 suamnavercam.
769 4081 818 4159 4.)
836 4070 890 4141 Ab
914 4069 1069 4166 absurdo.
1124 4077 1221 4143 Unus
1247 4075 1306 4147 fibi
1330 4079 1475 4148 invicem
1505 4073 1581 4144 loco
1611 4101 1787 4163 parentum
1814 4105 1852 4150 ac
1874 4079 2041 4170 filiorum,

420 4176 577 4259 idemque
602 4169 761 4240 masculus
784 4195 850 4239 non
876 4174 982 4258 potest
1004 4174 1128 4262 duecte
1154 4195 1223 4242 ma·
1246 4179 1369 4263 nuptiae
1387 4171 1460 4243 sunt
1477 4173 1665 4259 prohibitu.
1719 4183 1764 4248 At
1781 4181 1918 4251 vitricus
1939 4186 2041 4257 vidue

420 4283 560 4346 trem&
581 4268 678 4359 ipstus
701 4265 802 4339 filiam
824 4269 903 4341 Lev.
922 4268 1057 4342 XVlll.
1080 4294 1134 4351 17.
1156 4268 1221 4342 save
1246 4277 1395 4366 privigni
1417 4274 1462 4343 est
1483 4274 1582 4343 instar
1609 4278 1729 4362 patris,
1760 4280 1837 4364 quia
1863 4283 1964 4354 vidua
1990 4282 2042 4356 iila

421 4372 462 4447 fit
474 4369 541 4441 filia
555 4367 776 4453 uterina‚stve
793 4370 949 4459 privigna
963 4366 1037 4438 filia
1052 4369 1128 4439 loco
1143 4391 1221 4439 cun·
1246 4397 1323 4443 eum
1340 4373 1499 4463 privigno
1517 4395 1556 4441 et
1582 4398 1683 4445 uxore
1700 4379 1809 4447 vitrici
1829 4401 1927 4460 nato,
1953 4393 1988 4458 δι
2004 4380 2042 4454 fir

420 4466 748 4548 stituta‚aliasunius
765 4471 977 4554 ejusdemque
992 4470 1054 4538 viri
1072 4467 1221 4540 relietum
1248 4469 1308 4542 filii
1334 4471 1408 4543 ioco
1426 4471 1625 4551 constituto,
1659 4472 1745 4545 faeie
1771 4478 1817 4547 est
1845 4503 1911 4550 una
1937 4505 2041 4562 caro,

421 4569 557 4654 viduam
578 4576 613 4639 δι
637 4590 830 4656 germanam
852 4564 952 4637 filiam
969 4569 1117 4638 duceret.
1161 4573 1222 4639 Er·
1246 4572 1326 4641 item
1346 4593 1489 4641 noverca
1511 4566 1675 4643 defuneto
1697 4576 1861 4665 privigne
1879 4581 1982 4651 »idun
1999 4582 2042 4653 eii

420 4667 588 4759 goetiam
609 4690 673 4735 una
694 4667 875 4751 eademque
896 4663 1033 4736 foemina
1059 4690 1129 4737 non
1147 4665 1224 4755 putss
1247 4669 1346 4740 instar
1360 4671 1490 4750 matria,
1514 4670 1591 4754 quia
1612 4697 1687 4741 tum
1706 4677 1862 4765 privigna
1884 4703 1928 4748 ex
1954 4683 2042 4770 prio-

417 4768 468 4841 est
488 4763 615 4833 nubere
634 4764 720 4849 patri
742 4774 774 4834 &
790 4771 864 4849 ejus
885 4761 979 4850 filio,
1003 4763 1070 4837 five
1090 4762 1128 4835 fit
1146 4789 1222 4856 ger·
1247 4792 1284 4839 re
1300 4771 1419 4839 marito
1433 4767 1566 4857 genita,
1589 4779 1622 4843 &
1644 4769 1776 4846 sicilie
1799 4775 1873 4845 locu
1889 4781 2042 4851 constitu·

418 4886 538 4937 manus
560 4857 667 4940 filius,
690 4858 755 4931 stre
777 4864 951 4953 privignus
974 4859 1032 4933 filii
1050 4862 1124 4933 loco
1144 4888 1224 4934 con·
1247 4887 1308 4949 ta,
1331 4865 1437 4939 faetus
1454 4866 1500 4936 est
1521 4890 1584 4935 una
1602 4893 1692 4941 earo.
1747 4884 1794 4962 a.)
1809 4870 1849 4943 A
1863 4872 2042 4957 liberorum,

392 4965 581 5040 =stitutus,
613 4957 690 5030 alias
718 4963 812 5030 unius
838 4962 1050 5048 ejusdemque
1077 4955 1222 5034 foeminae
1246 4991 1290 5038 ex
1309 4967 1376 5039 tate·
1389 4965 1605 5039 matrimonio
1620 4968 1849 5066 susceptorum
1870 4979 2043 5070 cognatio·
2069 4999 2071 5004 '

419 5064 542 5136 marito
560 5070 599 5134 Aa
621 5083 782 5150 germano
803 5058 872 5131 filio
896 5058 1048 5134 nuberet.
1115 5066 1178 5135 Sed
1199 5059 1222 5133 fi
1246 5081 1295 5139 nn·
1346 5067 1499 5161 Quarum
1522 5066 1735 5150 personarum
1763 5070 1860 5144 liberi
1883 5100 1952 5148 aon
1974 5071 2046 5170 pos·

417 5162 562 5250 Manius
580 5161 724 5238 Aureret
746 5164 900 5270 Annam,
932 5182 1016 5236 tuna
1038 5166 1137 5237 Anna
1160 5187 1222 5236 nu·
1245 5161 1321 5240 sunt
1343 5163 1524 5257 conjungi,
1546 5164 1612 5265 iiia
1633 5165 1710 5263 ipsae
1730 5195 1864 5262 quoque
1887 5177 2047 5270 conjungi

1867 5296 2048 5368 nequeunt
