<?xml version="1.0" encoding="UTF-8"?>
<!DOCTYPE html PUBLIC "-//W3C//DTD XHTML 1.0 Transitional//EN"
    "http://www.w3.org/TR/xhtml1/DTD/xhtml1-transitional.dtd">
<html xmlns="http://www.w3.org/1999/xhtml" xml:lang="en" lang="en">
 <head>
  <title>
</title>
<meta http-equiv="Content-Type" content="text/html;charset=utf-8" />
  <meta name='ocr-system' content='tesseract 3.04.00' />
  <meta name='ocr-capabilities' content='ocr_page ocr_carea ocr_par ocr_line ocrx_word'/>
</head>
<body>
  <div class='ocr_page' id='page_1' title='image "./locitheologicic06cottgoog/locitheologicic06cottgoog_0738.png"; bbox 0 0 4884 5984; ppageno 0'>
   <div class='ocr_carea' id='block_1_1' title="bbox 522 419 2104 623">
    <p class='ocr_par' dir='ltr' id='par_1_1' title="bbox 353 419 2104 623">
     <span class='ocr_line' id='line_1_1' title="bbox 522 419 2104 623; baseline 0.006 -58.035"><span class='ocrx_word' id='word_1_1' title='bbox 522 425 688 623; x_wconf 79' lang='lat' dir='ltr'>¹ua</span> <span class='ocrx_word' id='word_1_2' title='bbox 736 435 1002 580; x_wconf 60' lang='lat' dir='ltr'>nestoris</span> <span class='ocrx_word' id='word_1_3' title='bbox 1056 419 1674 567; x_wconf 45' lang='lat' dir='ltr'>ntvonfrr&#39;renvssrs..</span> <span class='ocrx_word' id='word_1_4' title='bbox 1874 505 1945 580; x_wconf 80' lang='lat'>231</span> <span class='ocrx_word' id='word_1_5' title='bbox 2013 447 2024 510; x_wconf 80' lang='grc'>’·</span> <span class='ocrx_word' id='word_1_6' title='bbox 2099 557 2104 574; x_wconf 95' lang='grc'>.</span> 
     </span>
    </p>
   </div>
   <div class='ocr_carea' id='block_1_2' title="bbox 231 669 2146 5344">
    <p class='ocr_par' dir='ltr' id='par_1_2' title="bbox 282 669 1945 1470">
     <span class='ocr_line' id='line_1_2' title="bbox 285 669 1943 772; baseline -0.001 -22"><span class='ocrx_word' id='word_1_7' title='bbox 285 673 378 772; x_wconf 88' lang='lat' dir='ltr'>quid</span> <span class='ocrx_word' id='word_1_8' title='bbox 410 673 521 750; x_wconf 85' lang='lat' dir='ltr'>iudex</span> <span class='ocrx_word' id='word_1_9' title='bbox 554 669 740 747; x_wconf 85' lang='lat' dir='ltr'>causarum</span> <span class='ocrx_word' id='word_1_10' title='bbox 774 673 1099 747; x_wconf 85' lang='lat' dir='ltr'>matrimonialium</span> <span class='ocrx_word' id='word_1_11' title='bbox 1135 674 1199 768; x_wconf 90' lang='lat' dir='ltr'>qui</span> <span class='ocrx_word' id='word_1_12' title='bbox 1226 692 1348 745; x_wconf 88' lang='lat' dir='ltr'>contra</span> <span class='ocrx_word' id='word_1_13' title='bbox 1367 693 1559 767; x_wconf 90' lang='lat' dir='ltr'>parentum</span> <span class='ocrx_word' id='word_1_14' title='bbox 1588 669 1795 746; x_wconf 87' lang='lat' dir='ltr'>consensum</span> <span class='ocrx_word' id='word_1_15' title='bbox 1824 675 1886 747; x_wconf 84' lang='lat' dir='ltr'>vel</span> <span class='ocrx_word' id='word_1_16' title='bbox 1903 675 1943 748; x_wconf 96' lang='lat' dir='ltr'>in</span> 
     </span>
     <span class='ocr_line' id='line_1_3' title="bbox 282 772 1943 871; baseline -0.002 -22"><span class='ocrx_word' id='word_1_17' title='bbox 282 776 438 850; x_wconf 71' lang='lat' dir='ltr'>statuere</span> <span class='ocrx_word' id='word_1_18' title='bbox 459 772 609 847; x_wconf 85' lang='lat' dir='ltr'>debeat?</span> <span class='ocrx_word' id='word_1_19' title='bbox 634 775 704 863; x_wconf 89' lang='lat' dir='ltr'>Qui</span> <span class='ocrx_word' id='word_1_20' title='bbox 718 797 798 846; x_wconf 89' lang='lat' dir='ltr'>eam</span> <span class='ocrx_word' id='word_1_21' title='bbox 816 796 837 846; x_wconf 91' lang='lat' dir='ltr'>a</span> <span class='ocrx_word' id='word_1_22' title='bbox 852 776 981 846; x_wconf 87' lang='lat' dir='ltr'>marito</span> <span class='ocrx_word' id='word_1_23' title='bbox 1000 775 1099 845; x_wconf 87' lang='lat' dir='ltr'>Sem·</span> <span class='ocrx_word' id='word_1_24' title='bbox 1133 772 1307 868; x_wconf 88' lang='lat' dir='ltr'>gradibus</span> <span class='ocrx_word' id='word_1_25' title='bbox 1335 773 1456 845; x_wconf 89' lang='lat' dir='ltr'>divina</span> <span class='ocrx_word' id='word_1_26' title='bbox 1476 775 1557 871; x_wconf 90' lang='lat' dir='ltr'>Iege</span> <span class='ocrx_word' id='word_1_27' title='bbox 1581 772 1771 870; x_wconf 87' lang='lat' dir='ltr'>prohibitis</span> <span class='ocrx_word' id='word_1_28' title='bbox 1803 795 1943 847; x_wconf 89' lang='lat' dir='ltr'>contra·</span> 
     </span>
     <span class='ocr_line' id='line_1_4' title="bbox 284 872 1945 972; baseline -0.001 -25"><span class='ocrx_word' id='word_1_29' title='bbox 284 878 419 972; x_wconf 91' lang='lat' dir='ltr'>pronio</span> <span class='ocrx_word' id='word_1_30' title='bbox 442 874 704 963; x_wconf 74' lang='lat' dir='ltr'>divellendum,</span> <span class='ocrx_word' id='word_1_31' title='bbox 739 873 838 944; x_wconf 90' lang='lat' dir='ltr'>Titio</span> <span class='ocrx_word' id='word_1_32' title='bbox 856 872 977 968; x_wconf 88' lang='lat' dir='ltr'>sponso</span> <span class='ocrx_word' id='word_1_33' title='bbox 1002 873 1098 945; x_wconf 88' lang='lat' dir='ltr'>resti·</span> <span class='ocrx_word' id='word_1_34' title='bbox 1132 874 1235 944; x_wconf 89' lang='lat' dir='ltr'>hunt.</span> <span class='ocrx_word' id='word_1_35' title='bbox 1285 873 1323 945; x_wconf 92' lang='lat' dir='ltr'>Si</span> <span class='ocrx_word' id='word_1_36' title='bbox 1354 875 1436 968; x_wconf 93' lang='lat' dir='ltr'>quis</span> <span class='ocrx_word' id='word_1_37' title='bbox 1466 874 1778 969; x_wconf 64' lang='lat' dir='ltr'>excipereyelit,</span> <span class='ocrx_word' id='word_1_38' title='bbox 1812 878 1945 970; x_wconf 82' lang='lat' dir='ltr'>perrari</span> 
     </span>
     <span class='ocr_line' id='line_1_5' title="bbox 284 973 1943 1069; baseline -0.001 -21"><span class='ocrx_word' id='word_1_39' title='bbox 284 973 1099 1069; x_wconf 87' lang='lat' dir='ltr'>tuendam,&amp;posteriusilludmatrimonium</span> <span class='ocrx_word' id='word_1_40' title='bbox 1135 974 1262 1068; x_wconf 85' lang='lat' dir='ltr'>quidem</span> <span class='ocrx_word' id='word_1_41' title='bbox 1289 997 1314 1043; x_wconf 82' lang='lat' dir='ltr'>a</span> <span class='ocrx_word' id='word_1_42' title='bbox 1343 974 1584 1055; x_wconf 73' lang='lat' dir='ltr'>contrahente,</span> <span class='ocrx_word' id='word_1_43' title='bbox 1621 973 1677 1067; x_wconf 80' lang='lat' dir='ltr'>sed</span> <span class='ocrx_word' id='word_1_44' title='bbox 1695 978 1943 1048; x_wconf 73' lang='lat' dir='ltr'>matrimonium</span> 
     </span>
     <span class='ocr_line' id='line_1_6' title="bbox 284 1067 1942 1176; baseline 0.003 -30"><span class='ocrx_word' id='word_1_45' title='bbox 284 1075 435 1150; x_wconf 87' lang='lat' dir='ltr'>irritum</span> <span class='ocrx_word' id='word_1_46' title='bbox 454 1074 771 1171; x_wconf 88' lang='lat' dir='ltr'>pronunciandum</span> <span class='ocrx_word' id='word_1_47' title='bbox 793 1067 857 1144; x_wconf 90' lang='lat' dir='ltr'>esse</span> <span class='ocrx_word' id='word_1_48' title='bbox 877 1069 1105 1161; x_wconf 79' lang='lat' dir='ltr'>existimant,</span> <span class='ocrx_word' id='word_1_49' title='bbox 1130 1085 1308 1169; x_wconf 79' lang='lat' dir='ltr'>propterea</span> <span class='ocrx_word' id='word_1_50' title='bbox 1321 1097 1387 1144; x_wconf 82' lang='lat' dir='ltr'>nan</span> <span class='ocrx_word' id='word_1_51' title='bbox 1410 1070 1466 1172; x_wconf 77' lang='lat' dir='ltr'>effe</span> <span class='ocrx_word' id='word_1_52' title='bbox 1487 1077 1644 1167; x_wconf 85' lang='lat' dir='ltr'>irritum,</span> <span class='ocrx_word' id='word_1_53' title='bbox 1658 1075 1710 1176; x_wconf 80' lang='lat' dir='ltr'>fir</span> <span class='ocrx_word' id='word_1_54' title='bbox 1724 1075 1942 1172; x_wconf 74' lang='lat' dir='ltr'>utprcrat&amp;</span> 
     </span>
     <span class='ocr_line' id='line_1_7' title="bbox 285 1172 1943 1276; baseline 0.001 -29"><span class='ocrx_word' id='word_1_55' title='bbox 285 1173 383 1248; x_wconf 88' lang='lat' dir='ltr'>hisce</span> <span class='ocrx_word' id='word_1_56' title='bbox 404 1194 557 1249; x_wconf 90' lang='lat' dir='ltr'>utuntur</span> <span class='ocrx_word' id='word_1_57' title='bbox 582 1173 836 1271; x_wconf 81' lang='lat' dir='ltr'>argumentis:</span> <span class='ocrx_word' id='word_1_58' title='bbox 877 1172 921 1266; x_wconf 91' lang='lat'>1)</span> <span class='ocrx_word' id='word_1_59' title='bbox 946 1175 1000 1244; x_wconf 87' lang='lat' dir='ltr'>Ex</span> <span class='ocrx_word' id='word_1_60' title='bbox 1015 1176 1098 1244; x_wconf 87' lang='lat' dir='ltr'>iuris</span> <span class='ocrx_word' id='word_1_61' title='bbox 1116 1175 1250 1267; x_wconf 63' lang='lat' dir='ltr'>deripit</span> <span class='ocrx_word' id='word_1_62' title='bbox 1262 1217 1276 1254; x_wconf 87' lang='lat'>,</span> <span class='ocrx_word' id='word_1_63' title='bbox 1300 1172 1401 1269; x_wconf 83' lang='lat' dir='ltr'>quise</span> <span class='ocrx_word' id='word_1_64' title='bbox 1423 1176 1553 1246; x_wconf 83' lang='lat' dir='ltr'>divitem</span> <span class='ocrx_word' id='word_1_65' title='bbox 1562 1179 1756 1270; x_wconf 79' lang='lat' dir='ltr'>promittit,</span> <span class='ocrx_word' id='word_1_66' title='bbox 1769 1177 1806 1276; x_wconf 81' lang='lat' dir='ltr'><em>fi</em></span> <span class='ocrx_word' id='word_1_67' title='bbox 1825 1201 1863 1248; x_wconf 83' lang='lat' dir='ltr'>ra</span> <span class='ocrx_word' id='word_1_68' title='bbox 1890 1191 1943 1248; x_wconf 80' lang='lat' dir='ltr'>ra·</span> 
     </span>
     <span class='ocr_line' id='line_1_8' title="bbox 284 1271 1941 1374; baseline 0.001 -28"><span class='ocrx_word' id='word_1_69' title='bbox 284 1276 390 1346; x_wconf 80' lang='lat' dir='ltr'>diuini</span> <span class='ocrx_word' id='word_1_70' title='bbox 419 1276 575 1374; x_wconf 82' lang='lat' dir='ltr'>deristoae.</span> <span class='ocrx_word' id='word_1_71' title='bbox 640 1273 773 1368; x_wconf 81' lang='lat' dir='ltr'>Sponsa</span> <span class='ocrx_word' id='word_1_72' title='bbox 797 1294 920 1346; x_wconf 88' lang='lat' dir='ltr'>coram</span> <span class='ocrx_word' id='word_1_73' title='bbox 945 1272 1023 1367; x_wconf 88' lang='lat' dir='ltr'>Deo</span> <span class='ocrx_word' id='word_1_74' title='bbox 1050 1271 1098 1345; x_wconf 86' lang='lat' dir='ltr'>est</span> <span class='ocrx_word' id='word_1_75' title='bbox 1133 1274 1173 1343; x_wconf 82' lang='lat' dir='ltr'>lis</span> <span class='ocrx_word' id='word_1_76' title='bbox 1191 1298 1258 1345; x_wconf 82' lang='lat' dir='ltr'>uon</span> <span class='ocrx_word' id='word_1_77' title='bbox 1273 1276 1347 1372; x_wconf 75' lang='lat' dir='ltr'>stt,</span> <span class='ocrx_word' id='word_1_78' title='bbox 1370 1297 1425 1346; x_wconf 84' lang='lat' dir='ltr'>mr</span> <span class='ocrx_word' id='word_1_79' title='bbox 1444 1287 1553 1346; x_wconf 84' lang='lat' dir='ltr'>tamen</span> <span class='ocrx_word' id='word_1_80' title='bbox 1578 1276 1879 1374; x_wconf 79' lang='lat' dir='ltr'>matrimoniumrst</span> <span class='ocrx_word' id='word_1_81' title='bbox 1897 1281 1941 1347; x_wconf 91' lang='lat' dir='ltr'>ir·</span> 
     </span>
     <span class='ocr_line' id='line_1_9' title="bbox 284 1370 1942 1470; baseline 0.001 -22"><span class='ocrx_word' id='word_1_82' title='bbox 284 1397 385 1448; x_wconf 82' lang='lat' dir='ltr'>uxor</span> <span class='ocrx_word' id='word_1_83' title='bbox 393 1377 491 1448; x_wconf 92' lang='lat' dir='ltr'>illius</span> <span class='ocrx_word' id='word_1_84' title='bbox 507 1425 519 1464; x_wconf 97' lang='lat'>,</span> <span class='ocrx_word' id='word_1_85' title='bbox 547 1376 606 1447; x_wconf 89' lang='lat' dir='ltr'>cui</span> <span class='ocrx_word' id='word_1_86' title='bbox 616 1374 780 1470; x_wconf 88' lang='lat' dir='ltr'>legitime</span> <span class='ocrx_word' id='word_1_87' title='bbox 796 1379 829 1445; x_wconf 78' lang='grc' dir='ltr'>δι</span> <span class='ocrx_word' id='word_1_88' title='bbox 844 1371 1034 1445; x_wconf 81' lang='lat' dir='ltr'>solenniter</span> <span class='ocrx_word' id='word_1_89' title='bbox 1051 1370 1099 1444; x_wconf 89' lang='lat' dir='ltr'>est</span> <span class='ocrx_word' id='word_1_90' title='bbox 1133 1376 1262 1455; x_wconf 84' lang='lat' dir='ltr'>ritum·;</span> <span class='ocrx_word' id='word_1_91' title='bbox 1296 1373 1517 1463; x_wconf 81' lang='lat' dir='ltr'>obvertunt,</span> <span class='ocrx_word' id='word_1_92' title='bbox 1556 1378 1650 1448; x_wconf 88' lang='lat' dir='ltr'>inter</span> <span class='ocrx_word' id='word_1_93' title='bbox 1679 1379 1887 1449; x_wconf 78' lang='lat' dir='ltr'>accidentalia</span> <span class='ocrx_word' id='word_1_94' title='bbox 1907 1384 1942 1450; x_wconf 75' lang='grc' dir='ltr'>δι</span> 
     </span>
    </p>

    <p class='ocr_par' dir='ltr' id='par_1_3' title="bbox 231 1472 2027 2169">
     <span class='ocr_line' id='line_1_10' title="bbox 231 1472 2019 1574; baseline 0.001 -28"><span class='ocrx_word' id='word_1_95' title='bbox 231 1555 235 1560; x_wconf 54' lang='grc'>,</span> <span class='ocrx_word' id='word_1_96' title='bbox 287 1473 516 1571; x_wconf 75' lang='lat' dir='ltr'>desponsata,</span> <span class='ocrx_word' id='word_1_97' title='bbox 540 1476 637 1547; x_wconf 89' lang='lat' dir='ltr'>unde</span> <span class='ocrx_word' id='word_1_98' title='bbox 648 1473 756 1546; x_wconf 90' lang='lat' dir='ltr'>etiam</span> <span class='ocrx_word' id='word_1_99' title='bbox 774 1497 858 1543; x_wconf 79' lang='lat' dir='ltr'>uror</span> <span class='ocrx_word' id='word_1_100' title='bbox 878 1473 1096 1567; x_wconf 88' lang='lat' dir='ltr'>adpellatur,</span> <span class='ocrx_word' id='word_1_101' title='bbox 1123 1472 1353 1568; x_wconf 71' lang='lat' dir='ltr'>substantialia</span> <span class='ocrx_word' id='word_1_102' title='bbox 1379 1474 1603 1548; x_wconf 87' lang='lat' dir='ltr'>matrimonii</span> <span class='ocrx_word' id='word_1_103' title='bbox 1631 1472 1696 1547; x_wconf 87' lang='lat' dir='ltr'>esse</span> <span class='ocrx_word' id='word_1_104' title='bbox 1720 1477 1940 1574; x_wconf 86' lang='lat' dir='ltr'>distinguen-</span> <span class='ocrx_word' id='word_1_105' title='bbox 2017 1568 2019 1572; x_wconf 18' lang='grc' dir='ltr'>ι</span> 
     </span>
     <span class='ocr_line' id='line_1_11' title="bbox 286 1571 2027 1673; baseline 0.001 -25"><span class='ocrx_word' id='word_1_106' title='bbox 286 1574 381 1648; x_wconf 86' lang='lat' dir='ltr'>Gen.</span> <span class='ocrx_word' id='word_1_107' title='bbox 407 1574 536 1645; x_wconf 87' lang='lat' dir='ltr'><strong>XXIX.</strong></span> <span class='ocrx_word' id='word_1_108' title='bbox 567 1592 627 1649; x_wconf 83' lang='lat'>21.</span> <span class='ocrx_word' id='word_1_109' title='bbox 672 1571 806 1645; x_wconf 76' lang='lat' dir='ltr'>Illattlr.</span> <span class='ocrx_word' id='word_1_110' title='bbox 830 1572 857 1644; x_wconf 92' lang='lat'>1.</span> <span class='ocrx_word' id='word_1_111' title='bbox 888 1589 946 1645; x_wconf 88' lang='lat'>20.</span> <span class='ocrx_word' id='word_1_112' title='bbox 974 1593 1015 1644; x_wconf 90' lang='lat' dir='ltr'>ac</span> <span class='ocrx_word' id='word_1_113' title='bbox 1032 1574 1097 1669; x_wconf 93' lang='lat' dir='ltr'>qui</span> <span class='ocrx_word' id='word_1_114' title='bbox 1134 1576 1248 1666; x_wconf 91' lang='lat' dir='ltr'>dum;</span> <span class='ocrx_word' id='word_1_115' title='bbox 1274 1573 1440 1645; x_wconf 87' lang='lat' dir='ltr'>fraudem</span> <span class='ocrx_word' id='word_1_116' title='bbox 1453 1575 1571 1663; x_wconf 88' lang='lat' dir='ltr'>enim,</span> <span class='ocrx_word' id='word_1_117' title='bbox 1596 1574 1841 1673; x_wconf 85' lang='lat' dir='ltr'>quasponsase</span> <span class='ocrx_word' id='word_1_118' title='bbox 1855 1600 1943 1649; x_wconf 84' lang='lat' dir='ltr'>ven·</span> <span class='ocrx_word' id='word_1_119' title='bbox 2025 1579 2027 1584; x_wconf 82' lang='grc'><strong>’</strong></span> 
     </span>
     <span class='ocr_line' id='line_1_12' title="bbox 288 1671 1944 1771; baseline 0.001 -24"><span class='ocrx_word' id='word_1_120' title='bbox 288 1676 439 1747; x_wconf 86' lang='lat' dir='ltr'>alterius</span> <span class='ocrx_word' id='word_1_121' title='bbox 470 1673 630 1769; x_wconf 87' lang='lat' dir='ltr'>sponsam</span> <span class='ocrx_word' id='word_1_122' title='bbox 655 1674 840 1761; x_wconf 86' lang='lat' dir='ltr'>violavit,</span> <span class='ocrx_word' id='word_1_123' title='bbox 875 1694 948 1743; x_wconf 93' lang='lat' dir='ltr'>non</span> <span class='ocrx_word' id='word_1_124' title='bbox 974 1672 1096 1746; x_wconf 92' lang='lat' dir='ltr'>minus</span> <span class='ocrx_word' id='word_1_125' title='bbox 1134 1672 1301 1768; x_wconf 90' lang='lat' dir='ltr'>ditatpro</span> <span class='ocrx_word' id='word_1_126' title='bbox 1318 1671 1462 1761; x_wconf 79' lang='lat' dir='ltr'>libera,</span> <span class='ocrx_word' id='word_1_127' title='bbox 1482 1675 1669 1771; x_wconf 89' lang='lat' dir='ltr'>adtingere</span> <span class='ocrx_word' id='word_1_128' title='bbox 1692 1676 1805 1770; x_wconf 84' lang='lat' dir='ltr'>ipsam</span> <span class='ocrx_word' id='word_1_129' title='bbox 1820 1677 1944 1749; x_wconf 89' lang='lat' dir='ltr'>eoniu-</span> 
     </span>
     <span class='ocr_line' id='line_1_13' title="bbox 286 1770 1943 1876; baseline 0.002 -30"><span class='ocrx_word' id='word_1_130' title='bbox 286 1776 674 1869; x_wconf 87' lang='lat' dir='ltr'>neemitiuspunitur,</span> <span class='ocrx_word' id='word_1_131' title='bbox 701 1772 1001 1869; x_wconf 84' lang='lat' dir='ltr'>quamsralterius</span> <span class='ocrx_word' id='word_1_132' title='bbox 1015 1794 1098 1843; x_wconf 89' lang='lat' dir='ltr'>eon·</span> <span class='ocrx_word' id='word_1_133' title='bbox 1133 1773 1187 1867; x_wconf 90' lang='lat' dir='ltr'>gii</span> <span class='ocrx_word' id='word_1_134' title='bbox 1212 1770 1463 1858; x_wconf 87' lang='lat' dir='ltr'>substantiam,</span> <span class='ocrx_word' id='word_1_135' title='bbox 1490 1778 1588 1876; x_wconf 88' lang='lat' dir='ltr'>quod</span> <span class='ocrx_word' id='word_1_136' title='bbox 1603 1775 1646 1845; x_wconf 86' lang='lat' dir='ltr'>de</span> <span class='ocrx_word' id='word_1_137' title='bbox 1669 1773 1823 1870; x_wconf 80' lang='lat' dir='ltr'>addusio</span> <span class='ocrx_word' id='word_1_138' title='bbox 1845 1775 1943 1850; x_wconf 87' lang='lat' dir='ltr'>frau-</span> 
     </span>
     <span class='ocr_line' id='line_1_14' title="bbox 285 1868 1944 1971; baseline -0.001 -25"><span class='ocrx_word' id='word_1_139' title='bbox 285 1874 417 1971; x_wconf 89' lang='lat' dir='ltr'>iugem</span> <span class='ocrx_word' id='word_1_140' title='bbox 430 1868 611 1947; x_wconf 84' lang='lat' dir='ltr'>violasset:</span> <span class='ocrx_word' id='word_1_141' title='bbox 638 1874 745 1945; x_wconf 90' lang='lat' dir='ltr'>Deut.</span> <span class='ocrx_word' id='word_1_142' title='bbox 762 1871 874 1944; x_wconf 91' lang='lat' dir='ltr'><strong>XXII.</strong></span> <span class='ocrx_word' id='word_1_143' title='bbox 895 1887 955 1954; x_wconf 83' lang='lat'>23.</span> <span class='ocrx_word' id='word_1_144' title='bbox 983 1871 1098 1966; x_wconf 85' lang='lat' dir='ltr'>Siquis</span> <span class='ocrx_word' id='word_1_145' title='bbox 1134 1873 1188 1943; x_wconf 89' lang='lat' dir='ltr'>dis</span> <span class='ocrx_word' id='word_1_146' title='bbox 1204 1872 1371 1967; x_wconf 86' lang='lat' dir='ltr'>exemplo</span> <span class='ocrx_word' id='word_1_147' title='bbox 1395 1872 1465 1943; x_wconf 85' lang='lat' dir='ltr'>dici</span> <span class='ocrx_word' id='word_1_148' title='bbox 1483 1876 1619 1967; x_wconf 86' lang='lat' dir='ltr'>nequit.</span> <span class='ocrx_word' id='word_1_149' title='bbox 1672 1876 1735 1969; x_wconf 77' lang='lat'>4)</span> <span class='ocrx_word' id='word_1_150' title='bbox 1762 1876 1816 1947; x_wconf 83' lang='lat' dir='ltr'>Ex</span> <span class='ocrx_word' id='word_1_151' title='bbox 1827 1878 1944 1946; x_wconf 86' lang='lat' dir='ltr'>matri·</span> 
     </span>
     <span class='ocr_line' id='line_1_15' title="bbox 271 1971 1939 2082; baseline 0.001 -36"><span class='ocrx_word' id='word_1_152' title='bbox 271 1971 440 2082; x_wconf 70' lang='lat' dir='ltr'>spoufhm</span> <span class='ocrx_word' id='word_1_153' title='bbox 454 1974 590 2045; x_wconf 85' lang='lat' dir='ltr'>alterius</span> <span class='ocrx_word' id='word_1_154' title='bbox 602 1974 791 2051; x_wconf 80' lang='lat' dir='ltr'>uiolauerit,</span> <span class='ocrx_word' id='word_1_155' title='bbox 817 1972 976 2065; x_wconf 80' lang='lat' dir='ltr'>lapidibus</span> <span class='ocrx_word' id='word_1_156' title='bbox 985 1974 1099 2042; x_wconf 83' lang='lat' dir='ltr'>obrue.</span> <span class='ocrx_word' id='word_1_157' title='bbox 1132 1976 1232 2043; x_wconf 79' lang='lat' dir='ltr'>monii</span> <span class='ocrx_word' id='word_1_158' title='bbox 1238 1971 1426 2067; x_wconf 82' lang='lat' dir='ltr'>posterioris</span> <span class='ocrx_word' id='word_1_159' title='bbox 1434 1976 1621 2043; x_wconf 77' lang='lat' dir='ltr'>conditione.</span> <span class='ocrx_word' id='word_1_160' title='bbox 1647 1973 1780 2070; x_wconf 90' lang='lat' dir='ltr'>Sponsa</span> <span class='ocrx_word' id='word_1_161' title='bbox 1795 1977 1939 2072; x_wconf 83' lang='lat' dir='ltr'>copiam</span> 
     </span>
     <span class='ocr_line' id='line_1_16' title="bbox 287 2069 1998 2169; baseline 0 -23"><span class='ocrx_word' id='word_1_162' title='bbox 287 2090 371 2157; x_wconf 78' lang='lat' dir='ltr'>rur3</span> <span class='ocrx_word' id='word_1_163' title='bbox 384 2082 417 2147; x_wconf 77' lang='grc' dir='ltr'>δι</span> <span class='ocrx_word' id='word_1_164' title='bbox 433 2075 577 2147; x_wconf 87' lang='lat' dir='ltr'>additur</span> <span class='ocrx_word' id='word_1_165' title='bbox 590 2075 701 2161; x_wconf 89' lang='lat' dir='ltr'>ratio,</span> <span class='ocrx_word' id='word_1_166' title='bbox 719 2075 795 2169; x_wconf 86' lang='lat' dir='ltr'>quia</span> <span class='ocrx_word' id='word_1_167' title='bbox 809 2069 991 2143; x_wconf 81' lang='lat' dir='ltr'>humiliavit</span> <span class='ocrx_word' id='word_1_168' title='bbox 1016 2095 1097 2144; x_wconf 86' lang='lat' dir='ltr'>uxo·</span> <span class='ocrx_word' id='word_1_169' title='bbox 1132 2069 1185 2143; x_wconf 93' lang='lat' dir='ltr'>sui</span> <span class='ocrx_word' id='word_1_170' title='bbox 1203 2072 1339 2143; x_wconf 86' lang='lat' dir='ltr'>faciens</span> <span class='ocrx_word' id='word_1_171' title='bbox 1368 2072 1471 2143; x_wconf 88' lang='lat' dir='ltr'>alteri</span> <span class='ocrx_word' id='word_1_172' title='bbox 1495 2073 1686 2145; x_wconf 88' lang='lat' dir='ltr'>committit</span> <span class='ocrx_word' id='word_1_173' title='bbox 1702 2075 1943 2165; x_wconf 85' lang='lat' dir='ltr'>adulterium,</span> <span class='ocrx_word' id='word_1_174' title='bbox 1996 2092 1998 2096; x_wconf 85' lang='grc'><strong><em>·</em></strong></span> 
     </span>
    </p>

    <p class='ocr_par' dir='ltr' id='par_1_4' title="bbox 240 2168 2015 2868">
     <span class='ocr_line' id='line_1_17' title="bbox 240 2168 1943 2270; baseline -0.001 -22"><span class='ocrx_word' id='word_1_175' title='bbox 240 2201 243 2206; x_wconf 95' lang='grc'><strong><em>·</em></strong></span> <span class='ocrx_word' id='word_1_176' title='bbox 289 2199 362 2248; x_wconf 78' lang='lat' dir='ltr'>rem</span> <span class='ocrx_word' id='word_1_177' title='bbox 375 2177 522 2269; x_wconf 84' lang='lat' dir='ltr'>proximi</span> <span class='ocrx_word' id='word_1_178' title='bbox 533 2172 606 2268; x_wconf 85' lang='lat' dir='ltr'>sai.</span> <span class='ocrx_word' id='word_1_179' title='bbox 657 2173 715 2266; x_wconf 83' lang='lat'>2.)</span> <span class='ocrx_word' id='word_1_180' title='bbox 754 2173 809 2244; x_wconf 88' lang='lat' dir='ltr'>Ex</span> <span class='ocrx_word' id='word_1_181' title='bbox 816 2172 958 2268; x_wconf 77' lang='lat' dir='ltr'>sponsae</span> <span class='ocrx_word' id='word_1_182' title='bbox 977 2172 1097 2270; x_wconf 85' lang='lat' dir='ltr'>obliga·</span> <span class='ocrx_word' id='word_1_183' title='bbox 1131 2191 1173 2243; x_wconf 93' lang='lat' dir='ltr'>ut</span> <span class='ocrx_word' id='word_1_184' title='bbox 1199 2168 1330 2242; x_wconf 89' lang='lat' dir='ltr'>constat</span> <span class='ocrx_word' id='word_1_185' title='bbox 1352 2192 1424 2240; x_wconf 95' lang='lat' dir='ltr'>non</span> <span class='ocrx_word' id='word_1_186' title='bbox 1440 2169 1555 2243; x_wconf 93' lang='lat' dir='ltr'>solum</span> <span class='ocrx_word' id='word_1_187' title='bbox 1572 2174 1706 2269; x_wconf 88' lang='lat' dir='ltr'>exlege</span> <span class='ocrx_word' id='word_1_188' title='bbox 1721 2174 1866 2262; x_wconf 85' lang='lat' dir='ltr'>divina,</span> <span class='ocrx_word' id='word_1_189' title='bbox 1885 2173 1943 2247; x_wconf 89' lang='lat' dir='ltr'>sed</span> 
     </span>
     <span class='ocr_line' id='line_1_18' title="bbox 288 2267 1942 2369; baseline -0.001 -21"><span class='ocrx_word' id='word_1_190' title='bbox 288 2278 387 2348; x_wconf 75' lang='lat' dir='ltr'>tiore.</span> <span class='ocrx_word' id='word_1_191' title='bbox 438 2273 566 2346; x_wconf 91' lang='lat' dir='ltr'>Omnis</span> <span class='ocrx_word' id='word_1_192' title='bbox 591 2273 734 2344; x_wconf 84' lang='lat' dir='ltr'>donatio</span> <span class='ocrx_word' id='word_1_193' title='bbox 754 2292 830 2344; x_wconf 84' lang='lat' dir='ltr'>rata</span> <span class='ocrx_word' id='word_1_194' title='bbox 857 2273 1011 2368; x_wconf 82' lang='lat' dir='ltr'>requirit</span> <span class='ocrx_word' id='word_1_195' title='bbox 1035 2296 1098 2367; x_wconf 89' lang='lat' dir='ltr'>po·</span> <span class='ocrx_word' id='word_1_196' title='bbox 1135 2271 1244 2341; x_wconf 85' lang='lat' dir='ltr'>etiam</span> <span class='ocrx_word' id='word_1_197' title='bbox 1265 2292 1310 2340; x_wconf 91' lang='lat' dir='ltr'>ex</span> <span class='ocrx_word' id='word_1_198' title='bbox 1331 2267 1466 2344; x_wconf 88' lang='lat' dir='ltr'>constit.</span> <span class='ocrx_word' id='word_1_199' title='bbox 1489 2269 1647 2344; x_wconf 89' lang='lat' dir='ltr'><strong>LXXIV.</strong></span> <span class='ocrx_word' id='word_1_200' title='bbox 1668 2274 1822 2361; x_wconf 88' lang='lat' dir='ltr'>Leonis,</span> <span class='ocrx_word' id='word_1_201' title='bbox 1861 2296 1942 2369; x_wconf 87' lang='lat' dir='ltr'>quae</span> 
     </span>
     <span class='ocr_line' id='line_1_19' title="bbox 291 2368 1945 2471; baseline -0.002 -23"><span class='ocrx_word' id='word_1_202' title='bbox 291 2371 453 2448; x_wconf 85' lang='lat' dir='ltr'>testatem</span> <span class='ocrx_word' id='word_1_203' title='bbox 473 2373 662 2461; x_wconf 86' lang='lat' dir='ltr'>donantis,</span> <span class='ocrx_word' id='word_1_204' title='bbox 688 2396 781 2442; x_wconf 82' lang='lat' dir='ltr'>armo</span> <span class='ocrx_word' id='word_1_205' title='bbox 798 2371 1100 2467; x_wconf 82' lang='lat' dir='ltr'>enimpotestdoma-</span> <span class='ocrx_word' id='word_1_206' title='bbox 1134 2368 1179 2442; x_wconf 88' lang='lat' dir='ltr'>src</span> <span class='ocrx_word' id='word_1_207' title='bbox 1199 2369 1325 2441; x_wconf 84' lang='lat' dir='ltr'>habet:</span> <span class='ocrx_word' id='word_1_208' title='bbox 1351 2370 1453 2458; x_wconf 79' lang='lat' dir='ltr'>Sarra</span> <span class='ocrx_word' id='word_1_209' title='bbox 1479 2370 1527 2445; x_wconf 63' lang='lat' dir='ltr'>ss</span> <span class='ocrx_word' id='word_1_210' title='bbox 1548 2397 1670 2470; x_wconf 80' lang='lat' dir='ltr'>magna</span> <span class='ocrx_word' id='word_1_211' title='bbox 1686 2370 1945 2471; x_wconf 74' lang='lat' dir='ltr'>sextasprrodur</span> 
     </span>
     <span class='ocr_line' id='line_1_20' title="bbox 291 2467 1946 2570; baseline 0.001 -27"><span class='ocrx_word' id='word_1_212' title='bbox 291 2499 350 2556; x_wconf 79' lang='lat' dir='ltr'>rr,</span> <span class='ocrx_word' id='word_1_213' title='bbox 376 2476 460 2570; x_wconf 86' lang='lat' dir='ltr'>qaod</span> <span class='ocrx_word' id='word_1_214' title='bbox 490 2497 555 2543; x_wconf 84' lang='lat' dir='ltr'>aon</span> <span class='ocrx_word' id='word_1_215' title='bbox 580 2469 675 2542; x_wconf 80' lang='lat' dir='ltr'>babet</span> <span class='ocrx_word' id='word_1_216' title='bbox 698 2474 733 2542; x_wconf 84' lang='lat' dir='ltr'>ia</span> <span class='ocrx_word' id='word_1_217' title='bbox 751 2473 819 2566; x_wconf 87' lang='lat' dir='ltr'>sua</span> <span class='ocrx_word' id='word_1_218' title='bbox 838 2470 1004 2567; x_wconf 83' lang='lat' dir='ltr'>potestate.</span> <span class='ocrx_word' id='word_1_219' title='bbox 1051 2475 1101 2546; x_wconf 89' lang='lat' dir='ltr'>At</span> <span class='ocrx_word' id='word_1_220' title='bbox 1123 2467 1246 2565; x_wconf 76' lang='lat' dir='ltr'>statuit</span> <span class='ocrx_word' id='word_1_221' title='bbox 1257 2493 1323 2563; x_wconf 88' lang='lat' dir='ltr'>pro</span> <span class='ocrx_word' id='word_1_222' title='bbox 1344 2470 1502 2542; x_wconf 85' lang='lat' dir='ltr'>adulterio</span> <span class='ocrx_word' id='word_1_223' title='bbox 1528 2471 1737 2558; x_wconf 81' lang='lat' dir='ltr'>babendum,</span> <span class='ocrx_word' id='word_1_224' title='bbox 1769 2474 1806 2570; x_wconf 80' lang='lat' dir='ltr'><em>st</em></span> <span class='ocrx_word' id='word_1_225' title='bbox 1817 2473 1946 2568; x_wconf 78' lang='lat' dir='ltr'>sponsa</span> 
     </span>
     <span class='ocr_line' id='line_1_21' title="bbox 292 2567 1945 2670; baseline -0.002 -22"><span class='ocrx_word' id='word_1_226' title='bbox 292 2572 417 2670; x_wconf 89' lang='lat' dir='ltr'>sponsa</span> <span class='ocrx_word' id='word_1_227' title='bbox 435 2622 446 2663; x_wconf 86' lang='lat'>,</span> <span class='ocrx_word' id='word_1_228' title='bbox 473 2596 555 2668; x_wconf 80' lang='lat' dir='ltr'>quae</span> <span class='ocrx_word' id='word_1_229' title='bbox 581 2568 691 2643; x_wconf 87' lang='lat' dir='ltr'>fidem</span> <span class='ocrx_word' id='word_1_230' title='bbox 706 2573 1012 2645; x_wconf 84' lang='lat' dir='ltr'>matrimonialem</span> <span class='ocrx_word' id='word_1_231' title='bbox 1034 2577 1100 2646; x_wconf 94' lang='lat' dir='ltr'>uni</span> <span class='ocrx_word' id='word_1_232' title='bbox 1134 2572 1258 2641; x_wconf 82' lang='lat' dir='ltr'>uiuente</span> <span class='ocrx_word' id='word_1_233' title='bbox 1278 2567 1507 2665; x_wconf 78' lang='lat' dir='ltr'>adiursparrso</span> <span class='ocrx_word' id='word_1_234' title='bbox 1529 2574 1564 2642; x_wconf 81' lang='lat' dir='ltr'>im</span> <span class='ocrx_word' id='word_1_235' title='bbox 1583 2575 1826 2643; x_wconf 78' lang='lat' dir='ltr'>matrimonium</span> <span class='ocrx_word' id='word_1_236' title='bbox 1849 2576 1945 2644; x_wconf 84' lang='lat' dir='ltr'>alteri</span> 
     </span>
     <span class='ocr_line' id='line_1_22' title="bbox 293 2661 2015 2768; baseline -0.002 -22"><span class='ocrx_word' id='word_1_237' title='bbox 293 2675 427 2760; x_wconf 81' lang='lat' dir='ltr'>dedit,</span> <span class='ocrx_word' id='word_1_238' title='bbox 470 2694 542 2744; x_wconf 94' lang='lat' dir='ltr'>non</span> <span class='ocrx_word' id='word_1_239' title='bbox 568 2672 725 2766; x_wconf 90' lang='lat' dir='ltr'>amplius</span> <span class='ocrx_word' id='word_1_240' title='bbox 750 2670 957 2767; x_wconf 89' lang='lat' dir='ltr'>potestatem</span> <span class='ocrx_word' id='word_1_241' title='bbox 994 2672 1101 2746; x_wconf 91' lang='lat' dir='ltr'>habet</span> <span class='ocrx_word' id='word_1_242' title='bbox 1135 2672 1363 2768; x_wconf 79' lang='lat' dir='ltr'>coniungatur.</span> <span class='ocrx_word' id='word_1_243' title='bbox 1421 2661 1537 2766; x_wconf 82' lang='lat' dir='ltr'>Atqui</span> <span class='ocrx_word' id='word_1_244' title='bbox 1556 2673 1732 2743; x_wconf 88' lang='lat' dir='ltr'>adulteria</span> <span class='ocrx_word' id='word_1_245' title='bbox 1760 2694 1833 2743; x_wconf 95' lang='lat' dir='ltr'>non</span> <span class='ocrx_word' id='word_1_246' title='bbox 1864 2672 1945 2746; x_wconf 91' lang='lat' dir='ltr'>sunt</span> <span class='ocrx_word' id='word_1_247' title='bbox 2011 2731 2015 2742; x_wconf 24' lang='lat' dir='ltr'>x</span> 
     </span>
     <span class='ocr_line' id='line_1_23' title="bbox 291 2767 1946 2868; baseline -0.002 -22"><span class='ocrx_word' id='word_1_248' title='bbox 291 2775 460 2847; x_wconf 89' lang='lat' dir='ltr'>eamdem</span> <span class='ocrx_word' id='word_1_249' title='bbox 483 2771 592 2844; x_wconf 89' lang='lat' dir='ltr'>fidem</span> <span class='ocrx_word' id='word_1_250' title='bbox 619 2771 728 2843; x_wconf 92' lang='lat' dir='ltr'>dandi</span> <span class='ocrx_word' id='word_1_251' title='bbox 746 2773 859 2843; x_wconf 89' lang='lat' dir='ltr'>alteri.</span> <span class='ocrx_word' id='word_1_252' title='bbox 909 2773 1100 2868; x_wconf 88' lang='lat' dir='ltr'>Ergolide</span> <span class='ocrx_word' id='word_1_253' title='bbox 1137 2767 1404 2856; x_wconf 86' lang='lat' dir='ltr'>confirmanda,</span> <span class='ocrx_word' id='word_1_254' title='bbox 1420 2771 1946 2868; x_wconf 83' lang='lat' dir='ltr'>neceommcontinuutiopro-</span> 
     </span>
    </p>

    <p class='ocr_par' dir='ltr' id='par_1_5' title="bbox 231 2868 2145 3268">
     <span class='ocr_line' id='line_1_24' title="bbox 231 2868 2037 2968; baseline -0.002 -22"><span class='ocrx_word' id='word_1_255' title='bbox 231 2959 240 2968; x_wconf 41' lang='grc'>,</span> <span class='ocrx_word' id='word_1_256' title='bbox 289 2869 634 2966; x_wconf 73' lang='lat' dir='ltr'>faslo.illudtentet,</span> <span class='ocrx_word' id='word_1_257' title='bbox 662 2868 864 2943; x_wconf 69' lang='lat' dir='ltr'>contradus</span> <span class='ocrx_word' id='word_1_258' title='bbox 883 2871 949 2943; x_wconf 91' lang='lat' dir='ltr'>erit</span> <span class='ocrx_word' id='word_1_259' title='bbox 962 2873 1099 2945; x_wconf 90' lang='lat' dir='ltr'>irritus.</span> <span class='ocrx_word' id='word_1_260' title='bbox 1135 2868 1945 2967; x_wconf 86' lang='lat' dir='ltr'>movenda,sedadulterapotiusacomplexi·</span> <span class='ocrx_word' id='word_1_261' title='bbox 2031 2903 2037 2912; x_wconf 89' lang='lat'><strong>·</strong></span> 
     </span>
     <span class='ocr_line' id='line_1_25' title="bbox 293 2966 1944 3068; baseline -0.001 -24"><span class='ocrx_word' id='word_1_262' title='bbox 293 2973 333 3045; x_wconf 90' lang='lat' dir='ltr'>Si</span> <span class='ocrx_word' id='word_1_263' title='bbox 353 2974 436 3068; x_wconf 91' lang='lat' dir='ltr'>quis</span> <span class='ocrx_word' id='word_1_264' title='bbox 459 2969 676 3064; x_wconf 84' lang='lat' dir='ltr'>distinguere</span> <span class='ocrx_word' id='word_1_265' title='bbox 694 2973 782 3043; x_wconf 79' lang='lat' dir='ltr'>uelit</span> <span class='ocrx_word' id='word_1_266' title='bbox 808 2971 902 3042; x_wconf 92' lang='lat' dir='ltr'>inter</span> <span class='ocrx_word' id='word_1_267' title='bbox 926 2974 1101 3065; x_wconf 79' lang='lat' dir='ltr'>promiffio·</span> <span class='ocrx_word' id='word_1_268' title='bbox 1137 2966 1205 3040; x_wconf 90' lang='lat' dir='ltr'>bus</span> <span class='ocrx_word' id='word_1_269' title='bbox 1233 2969 1386 3040; x_wconf 88' lang='lat' dir='ltr'>adulteri</span> <span class='ocrx_word' id='word_1_270' title='bbox 1422 2967 1687 3058; x_wconf 89' lang='lat' dir='ltr'>abstrahenda,</span> <span class='ocrx_word' id='word_1_271' title='bbox 1722 2971 1944 3068; x_wconf 87' lang='lat' dir='ltr'>&amp;legitimo</span> 
     </span>
     <span class='ocr_line' id='line_1_26' title="bbox 289 3066 1946 3167; baseline -0.001 -23"><span class='ocrx_word' id='word_1_272' title='bbox 289 3096 364 3144; x_wconf 81' lang='lat' dir='ltr'>uem</span> <span class='ocrx_word' id='word_1_273' title='bbox 385 3070 432 3146; x_wconf 64' lang='lat' dir='ltr'>ss</span> <span class='ocrx_word' id='word_1_274' title='bbox 452 3074 684 3148; x_wconf 79' lang='lat' dir='ltr'>traditionem,</span> <span class='ocrx_word' id='word_1_275' title='bbox 722 3067 819 3165; x_wconf 85' lang='lat' dir='ltr'>quast</span> <span class='ocrx_word' id='word_1_276' title='bbox 849 3069 949 3166; x_wconf 89' lang='lat' dir='ltr'>posstt</span> <span class='ocrx_word' id='word_1_277' title='bbox 979 3069 1102 3167; x_wconf 88' lang='lat' dir='ltr'>sponsa</span> <span class='ocrx_word' id='word_1_278' title='bbox 1137 3069 1267 3139; x_wconf 87' lang='lat' dir='ltr'>marito</span> <span class='ocrx_word' id='word_1_279' title='bbox 1294 3066 1519 3141; x_wconf 80' lang='lat' dir='ltr'>restituenda.</span> <span class='ocrx_word' id='word_1_280' title='bbox 1574 3071 1671 3166; x_wconf 88' lang='lat' dir='ltr'>Ergo</span> <span class='ocrx_word' id='word_1_281' title='bbox 1694 3073 1802 3143; x_wconf 89' lang='lat' dir='ltr'>etiam</span> <span class='ocrx_word' id='word_1_282' title='bbox 1822 3070 1946 3167; x_wconf 84' lang='lat' dir='ltr'>sponsa</span> 
     </span>
     <span class='ocr_line' id='line_1_27' title="bbox 288 3165 2145 3268; baseline -0.001 -25"><span class='ocrx_word' id='word_1_283' title='bbox 288 3173 583 3268; x_wconf 83' lang='lat' dir='ltr'>unipromittere</span> <span class='ocrx_word' id='word_1_284' title='bbox 599 3171 814 3266; x_wconf 84' lang='lat' dir='ltr'>coniugium</span> <span class='ocrx_word' id='word_1_285' title='bbox 828 3193 894 3265; x_wconf 87' lang='lat' dir='ltr'>per</span> <span class='ocrx_word' id='word_1_286' title='bbox 908 3169 1100 3266; x_wconf 87' lang='lat' dir='ltr'>sponsalia,</span> <span class='ocrx_word' id='word_1_287' title='bbox 1136 3165 1264 3255; x_wconf 83' lang='lat' dir='ltr'>abeo,</span> <span class='ocrx_word' id='word_1_288' title='bbox 1292 3168 1350 3239; x_wconf 90' lang='lat' dir='ltr'>cui</span> <span class='ocrx_word' id='word_1_289' title='bbox 1365 3166 1441 3261; x_wconf 91' lang='lat' dir='ltr'>post</span> <span class='ocrx_word' id='word_1_290' title='bbox 1457 3166 1762 3263; x_wconf 89' lang='lat' dir='ltr'>desponsationem</span> <span class='ocrx_word' id='word_1_291' title='bbox 1779 3172 1882 3244; x_wconf 88' lang='lat' dir='ltr'>alteri</span> <span class='ocrx_word' id='word_1_292' title='bbox 1894 3169 1946 3242; x_wconf 88' lang='lat' dir='ltr'>fa·</span> <span class='ocrx_word' id='word_1_293' title='bbox 2025 3225 2028 3230; x_wconf 86' lang='grc'>-</span> <span class='ocrx_word' id='word_1_294' title='bbox 2141 3251 2145 3262; x_wconf 48' lang='grc'>,</span> 
     </span>
    </p>

    <p class='ocr_par' dir='ltr' id='par_1_6' title="bbox 231 3263 1948 3470">
     <span class='ocr_line' id='line_1_28' title="bbox 231 3263 1948 3367; baseline -0.002 -22"><span class='ocrx_word' id='word_1_295' title='bbox 231 3289 246 3298; x_wconf 86' lang='grc'><em>“</em></span> <span class='ocrx_word' id='word_1_296' title='bbox 292 3280 428 3346; x_wconf 77' lang='lat' dir='ltr'>&amp;eum</span> <span class='ocrx_word' id='word_1_297' title='bbox 440 3269 798 3343; x_wconf 87' lang='lat' dir='ltr'>aliomatrimonium</span> <span class='ocrx_word' id='word_1_298' title='bbox 811 3273 1021 3343; x_wconf 85' lang='lat' dir='ltr'>contrahere</span> <span class='ocrx_word' id='word_1_299' title='bbox 1035 3293 1100 3367; x_wconf 89' lang='lat' dir='ltr'>pet</span> <span class='ocrx_word' id='word_1_300' title='bbox 1137 3263 1233 3338; x_wconf 76' lang='lat' dir='ltr'>slam</span> <span class='ocrx_word' id='word_1_301' title='bbox 1270 3266 1419 3361; x_wconf 75' lang='lat' dir='ltr'>nupsit,</span> <span class='ocrx_word' id='word_1_302' title='bbox 1468 3268 1665 3362; x_wconf 89' lang='lat' dir='ltr'>eripienda.</span> <span class='ocrx_word' id='word_1_303' title='bbox 1722 3273 1948 3344; x_wconf 81' lang='lat' dir='ltr'>Diuturairar</span> 
     </span>
     <span class='ocr_line' id='line_1_29' title="bbox 289 3369 1941 3470; baseline -0.002 -26"><span class='ocrx_word' id='word_1_304' title='bbox 289 3369 502 3469; x_wconf 87' lang='lat' dir='ltr'>praesentem</span> <span class='ocrx_word' id='word_1_305' title='bbox 521 3370 772 3457; x_wconf 89' lang='lat' dir='ltr'>traditionem,</span> <span class='ocrx_word' id='word_1_306' title='bbox 799 3388 998 3465; x_wconf 87' lang='lat' dir='ltr'>regerunt,</span> <span class='ocrx_word' id='word_1_307' title='bbox 1031 3395 1101 3442; x_wconf 87' lang='lat' dir='ltr'>ram</span> <span class='ocrx_word' id='word_1_308' title='bbox 1135 3369 1286 3458; x_wconf 80' lang='lat' dir='ltr'>temporis</span> <span class='ocrx_word' id='word_1_309' title='bbox 1295 3378 1462 3461; x_wconf 83' lang='lat' dir='ltr'>precatum</span> <span class='ocrx_word' id='word_1_310' title='bbox 1485 3391 1550 3438; x_wconf 82' lang='lat' dir='ltr'>nou</span> <span class='ocrx_word' id='word_1_311' title='bbox 1571 3369 1715 3449; x_wconf 81' lang='lat' dir='ltr'>minuit,</span> <span class='ocrx_word' id='word_1_312' title='bbox 1731 3371 1797 3466; x_wconf 83' lang='lat' dir='ltr'>sed</span> <span class='ocrx_word' id='word_1_313' title='bbox 1809 3382 1910 3470; x_wconf 81' lang='lat' dir='ltr'>auget</span> <span class='ocrx_word' id='word_1_314' title='bbox 1926 3419 1941 3448; x_wconf 86' lang='lat'>,</span> 
     </span>
    </p>

    <p class='ocr_par' dir='ltr' id='par_1_7' title="bbox 247 3467 2016 3571">
     <span class='ocr_line' id='line_1_30' title="bbox 247 3467 2016 3571; baseline 0.001 -32"><span class='ocrx_word' id='word_1_315' title='bbox 247 3499 254 3506; x_wconf 95' lang='lat'>·</span> <span class='ocrx_word' id='word_1_316' title='bbox 292 3496 377 3571; x_wconf 83' lang='lat' dir='ltr'>qaae</span> <span class='ocrx_word' id='word_1_317' title='bbox 392 3471 545 3566; x_wconf 73' lang='lat' dir='ltr'>promisti</span> <span class='ocrx_word' id='word_1_318' title='bbox 550 3467 609 3564; x_wconf 87' lang='lat' dir='ltr'>sui</span> <span class='ocrx_word' id='word_1_319' title='bbox 622 3470 829 3539; x_wconf 84' lang='lat' dir='ltr'>traditionem</span> <span class='ocrx_word' id='word_1_320' title='bbox 847 3472 930 3548; x_wconf 78' lang='lat' dir='ltr'>urii,</span> <span class='ocrx_word' id='word_1_321' title='bbox 954 3494 1106 3566; x_wconf 32' lang='lat' dir='ltr'>monam..</span> <span class='ocrx_word' id='word_1_322' title='bbox 1135 3477 1289 3560; x_wconf 81' lang='lat' dir='ltr'>tantoque</span> <span class='ocrx_word' id='word_1_323' title='bbox 1307 3470 1471 3565; x_wconf 86' lang='lat' dir='ltr'>grauiora</span> <span class='ocrx_word' id='word_1_324' title='bbox 1488 3471 1575 3562; x_wconf 73' lang='lat' dir='ltr'>suut</span> <span class='ocrx_word' id='word_1_325' title='bbox 1602 3472 1774 3548; x_wconf 83' lang='lat' dir='ltr'>erimina,</span> <span class='ocrx_word' id='word_1_326' title='bbox 1821 3483 1945 3567; x_wconf 82' lang='lat' dir='ltr'>quarto</span> <span class='ocrx_word' id='word_1_327' title='bbox 2005 3485 2016 3515; x_wconf 41' lang='grc' dir='ltr'>ι’</span> 
     </span>
    </p>

    <p class='ocr_par' dir='ltr' id='par_1_8' title="bbox 231 3561 1980 3670">
     <span class='ocr_line' id='line_1_31' title="bbox 287 3561 1980 3670; baseline -0.001 -28.032"><span class='ocrx_word' id='word_1_328' title='bbox 287 3575 380 3670; x_wconf 81' lang='lat' dir='ltr'>plius</span> <span class='ocrx_word' id='word_1_329' title='bbox 405 3573 521 3642; x_wconf 81' lang='lat' dir='ltr'>habere</span> <span class='ocrx_word' id='word_1_330' title='bbox 543 3566 786 3663; x_wconf 81' lang='lat' dir='ltr'>potestatemsr</span> <span class='ocrx_word' id='word_1_331' title='bbox 823 3571 974 3640; x_wconf 81' lang='lat' dir='ltr'>tradendi</span> <span class='ocrx_word' id='word_1_332' title='bbox 998 3572 1100 3643; x_wconf 82' lang='lat' dir='ltr'>alteri.</span> <span class='ocrx_word' id='word_1_333' title='bbox 1136 3567 1260 3637; x_wconf 83' lang='lat' dir='ltr'>diutius</span> <span class='ocrx_word' id='word_1_334' title='bbox 1280 3567 1434 3663; x_wconf 75' lang='lat' dir='ltr'>infelicem</span> <span class='ocrx_word' id='word_1_335' title='bbox 1449 3561 1980 3670; x_wconf 74' lang='lat' dir='ltr'>autmamretinmraaigamm;‘</span> 
     </span>
    </p>

    <p class='ocr_par' dir='ltr' id='par_1_9' title="bbox 247 3666 2146 4374">
     <span class='ocr_line' id='line_1_32' title="bbox 247 3666 2146 3769; baseline -0.002 -23"><span class='ocrx_word' id='word_1_336' title='bbox 247 3681 260 3694; x_wconf 84' lang='grc'>’“</span> <span class='ocrx_word' id='word_1_337' title='bbox 294 3673 345 3746; x_wconf 90' lang='lat' dir='ltr'>Ut</span> <span class='ocrx_word' id='word_1_338' title='bbox 361 3671 459 3743; x_wconf 91' lang='lat' dir='ltr'>enim</span> <span class='ocrx_word' id='word_1_339' title='bbox 479 3672 621 3741; x_wconf 87' lang='lat' dir='ltr'>maritas</span> <span class='ocrx_word' id='word_1_340' title='bbox 636 3692 702 3740; x_wconf 81' lang='lat' dir='ltr'>nort</span> <span class='ocrx_word' id='word_1_341' title='bbox 718 3667 811 3739; x_wconf 81' lang='lat' dir='ltr'>habet</span> <span class='ocrx_word' id='word_1_342' title='bbox 826 3668 1016 3765; x_wconf 81' lang='lat' dir='ltr'>potestatem</span> <span class='ocrx_word' id='word_1_343' title='bbox 1033 3695 1103 3743; x_wconf 88' lang='lat' dir='ltr'>ror·</span> <span class='ocrx_word' id='word_1_344' title='bbox 1139 3688 1216 3762; x_wconf 86' lang='lat' dir='ltr'>cap.</span> <span class='ocrx_word' id='word_1_345' title='bbox 1243 3666 1321 3738; x_wconf 84' lang='lat' dir='ltr'>Nou</span> <span class='ocrx_word' id='word_1_346' title='bbox 1344 3670 1433 3738; x_wconf 81' lang='lat' dir='ltr'>debet</span> <span class='ocrx_word' id='word_1_347' title='bbox 1455 3667 1529 3743; x_wconf 69' lang='lat' dir='ltr'>&amp;a</span> <span class='ocrx_word' id='word_1_348' title='bbox 1566 3669 1609 3740; x_wconf 92' lang='lat' dir='ltr'>de</span> <span class='ocrx_word' id='word_1_349' title='bbox 1625 3671 1791 3769; x_wconf 88' lang='lat' dir='ltr'>consang.</span> <span class='ocrx_word' id='word_1_350' title='bbox 1804 3680 1844 3744; x_wconf 68' lang='grc' dir='ltr'>δι</span> <span class='ocrx_word' id='word_1_351' title='bbox 1859 3670 1946 3743; x_wconf 88' lang='lat' dir='ltr'>adsr-</span> <span class='ocrx_word' id='word_1_352' title='bbox 2142 3751 2146 3758; x_wconf 53' lang='grc'><em>,</em></span> 
     </span>
     <span class='ocr_line' id='line_1_33' title="bbox 288 3768 2036 3868; baseline 0.001 -27"><span class='ocrx_word' id='word_1_353' title='bbox 288 3769 468 3868; x_wconf 76' lang='lat' dir='ltr'>perisses,</span> <span class='ocrx_word' id='word_1_354' title='bbox 481 3770 543 3866; x_wconf 79' lang='lat' dir='ltr'>sed</span> <span class='ocrx_word' id='word_1_355' title='bbox 563 3793 667 3848; x_wconf 82' lang='lat' dir='ltr'>uxor,</span> <span class='ocrx_word' id='word_1_356' title='bbox 692 3770 949 3841; x_wconf 84' lang='lat' dir='ltr'>aeruxorlrahrt</span> <span class='ocrx_word' id='word_1_357' title='bbox 958 3771 1102 3866; x_wconf 72' lang='lat' dir='ltr'>potesla-</span> <span class='ocrx_word' id='word_1_358' title='bbox 1137 3768 1202 3837; x_wconf 87' lang='lat' dir='ltr'>nit.</span> <span class='ocrx_word' id='word_1_359' title='bbox 1261 3768 1317 3863; x_wconf 86' lang='lat'>5.)</span> <span class='ocrx_word' id='word_1_360' title='bbox 1344 3768 1398 3838; x_wconf 86' lang='lat' dir='ltr'>Ex</span> <span class='ocrx_word' id='word_1_361' title='bbox 1417 3771 1665 3862; x_wconf 76' lang='lat' dir='ltr'>comparatione.</span> <span class='ocrx_word' id='word_1_362' title='bbox 1716 3773 1752 3843; x_wconf 89' lang='lat' dir='ltr'>Si</span> <span class='ocrx_word' id='word_1_363' title='bbox 1773 3772 1858 3844; x_wconf 86' lang='lat' dir='ltr'>licet</span> <span class='ocrx_word' id='word_1_364' title='bbox 1871 3792 1948 3843; x_wconf 87' lang='lat' dir='ltr'>ma·</span> <span class='ocrx_word' id='word_1_365' title='bbox 2032 3795 2036 3802; x_wconf 89' lang='lat'><em>·</em></span> 
     </span>
     <span class='ocr_line' id='line_1_34' title="bbox 293 3867 1947 3965; baseline 0.002 -24"><span class='ocrx_word' id='word_1_366' title='bbox 293 3885 356 3946; x_wconf 79' lang='lat' dir='ltr'>um</span> <span class='ocrx_word' id='word_1_367' title='bbox 373 3869 594 3965; x_wconf 82' lang='lat' dir='ltr'>corporissui,</span> <span class='ocrx_word' id='word_1_368' title='bbox 611 3868 675 3963; x_wconf 79' lang='lat' dir='ltr'>fid</span> <span class='ocrx_word' id='word_1_369' title='bbox 692 3874 853 3952; x_wconf 86' lang='lat' dir='ltr'>maritur;</span> <span class='ocrx_word' id='word_1_370' title='bbox 883 3867 1105 3943; x_wconf 75' lang='lat' dir='ltr'>1.Cor.V11,-</span> <span class='ocrx_word' id='word_1_371' title='bbox 1138 3867 1207 3937; x_wconf 89' lang='lat' dir='ltr'>rito</span> <span class='ocrx_word' id='word_1_372' title='bbox 1228 3889 1384 3940; x_wconf 85' lang='lat' dir='ltr'>uxorem</span> <span class='ocrx_word' id='word_1_373' title='bbox 1399 3867 1498 3942; x_wconf 91' lang='lat' dir='ltr'>suam</span> <span class='ocrx_word' id='word_1_374' title='bbox 1514 3890 1676 3965; x_wconf 86' lang='lat' dir='ltr'>repetere</span> <span class='ocrx_word' id='word_1_375' title='bbox 1696 3894 1768 3948; x_wconf 90' lang='lat' dir='ltr'>non</span> <span class='ocrx_word' id='word_1_376' title='bbox 1790 3869 1947 3946; x_wconf 83' lang='lat' dir='ltr'>obstante</span> 
     </span>
     <span class='ocr_line' id='line_1_35' title="bbox 289 3964 1948 4069; baseline 0.004 -23"><span class='ocrx_word' id='word_1_377' title='bbox 289 3971 397 4069; x_wconf 69' lang='lat' dir='ltr'>Ipsae</span> <span class='ocrx_word' id='word_1_378' title='bbox 412 3968 534 4066; x_wconf 92' lang='lat' dir='ltr'>sponsa</span> <span class='ocrx_word' id='word_1_379' title='bbox 551 3967 743 4041; x_wconf 89' lang='lat' dir='ltr'>nonhabet</span> <span class='ocrx_word' id='word_1_380' title='bbox 766 3967 1103 4065; x_wconf 84' lang='lat' dir='ltr'>potestatemseelo·</span> <span class='ocrx_word' id='word_1_381' title='bbox 1135 3967 1326 4063; x_wconf 86' lang='lat' dir='ltr'>religionis</span> <span class='ocrx_word' id='word_1_382' title='bbox 1350 3964 1420 4038; x_wconf 85' lang='lat' dir='ltr'>srve</span> <span class='ocrx_word' id='word_1_383' title='bbox 1440 3989 1621 4063; x_wconf 82' lang='lat' dir='ltr'>perpetuae</span> <span class='ocrx_word' id='word_1_384' title='bbox 1638 3973 1864 4052; x_wconf 86' lang='lat' dir='ltr'>continentiae</span> <span class='ocrx_word' id='word_1_385' title='bbox 1882 3993 1948 4042; x_wconf 64' lang='grc' dir='ltr'>νῦ·</span> 
     </span>
     <span class='ocr_line' id='line_1_36' title="bbox 294 4066 2056 4167; baseline -0.001 -22"><span class='ocrx_word' id='word_1_386' title='bbox 294 4072 403 4145; x_wconf 84' lang='lat' dir='ltr'>candi</span> <span class='ocrx_word' id='word_1_387' title='bbox 424 4071 526 4142; x_wconf 89' lang='lat' dir='ltr'>alteri</span> <span class='ocrx_word' id='word_1_388' title='bbox 548 4067 693 4165; x_wconf 93' lang='lat' dir='ltr'>sponso,</span> <span class='ocrx_word' id='word_1_389' title='bbox 727 4091 794 4141; x_wconf 87' lang='lat' dir='ltr'>nec</span> <span class='ocrx_word' id='word_1_390' title='bbox 823 4068 967 4166; x_wconf 91' lang='lat' dir='ltr'>sponsus</span> <span class='ocrx_word' id='word_1_391' title='bbox 996 4070 1103 4143; x_wconf 88' lang='lat' dir='ltr'>habet</span> <span class='ocrx_word' id='word_1_392' title='bbox 1135 4086 1198 4154; x_wconf 93' lang='lat' dir='ltr'>to,</span> <span class='ocrx_word' id='word_1_393' title='bbox 1231 4066 1359 4162; x_wconf 89' lang='lat' dir='ltr'>utique</span> <span class='ocrx_word' id='word_1_394' title='bbox 1389 4068 1498 4140; x_wconf 91' lang='lat' dir='ltr'>etiam</span> <span class='ocrx_word' id='word_1_395' title='bbox 1524 4067 1608 4167; x_wconf 84' lang='lat' dir='ltr'>licet</span> <span class='ocrx_word' id='word_1_396' title='bbox 1632 4068 1754 4165; x_wconf 94' lang='lat' dir='ltr'>sponso</span> <span class='ocrx_word' id='word_1_397' title='bbox 1783 4091 1946 4166; x_wconf 81' lang='lat' dir='ltr'>repetere</span> <span class='ocrx_word' id='word_1_398' title='bbox 2052 4117 2056 4122; x_wconf 96' lang='lat'>-</span> 
     </span>
     <span class='ocr_line' id='line_1_37' title="bbox 289 4163 1949 4272; baseline -0.001 -29"><span class='ocrx_word' id='word_1_399' title='bbox 289 4168 574 4272; x_wconf 81' lang='lat' dir='ltr'>potestatemsrbi</span> <span class='ocrx_word' id='word_1_400' title='bbox 594 4166 1102 4265; x_wconf 88' lang='lat' dir='ltr'>adiungendialiamsponsam</span> <span class='ocrx_word' id='word_1_401' title='bbox 1137 4166 1236 4240; x_wconf 89' lang='lat' dir='ltr'>suam</span> <span class='ocrx_word' id='word_1_402' title='bbox 1260 4163 1421 4259; x_wconf 87' lang='lat' dir='ltr'>sponsam</span> <span class='ocrx_word' id='word_1_403' title='bbox 1443 4190 1515 4238; x_wconf 93' lang='lat' dir='ltr'>non</span> <span class='ocrx_word' id='word_1_404' title='bbox 1539 4168 1695 4242; x_wconf 87' lang='lat' dir='ltr'>obstante</span> <span class='ocrx_word' id='word_1_405' title='bbox 1724 4165 1795 4246; x_wconf 82' lang='lat' dir='ltr'>&#39;tide</span> <span class='ocrx_word' id='word_1_406' title='bbox 1826 4171 1949 4243; x_wconf 86' lang='lat' dir='ltr'>matri-</span> 
     </span>
     <span class='ocr_line' id='line_1_38' title="bbox 291 4265 1948 4374; baseline -0.001 -30"><span class='ocrx_word' id='word_1_407' title='bbox 291 4290 445 4374; x_wconf 87' lang='lat' dir='ltr'>propter</span> <span class='ocrx_word' id='word_1_408' title='bbox 463 4270 688 4341; x_wconf 89' lang='lat' dir='ltr'>intercedens</span> <span class='ocrx_word' id='word_1_409' title='bbox 706 4265 855 4362; x_wconf 72' lang='lat' dir='ltr'>padum</span> <span class='ocrx_word' id='word_1_410' title='bbox 867 4269 1101 4342; x_wconf 83' lang='lat' dir='ltr'>eontrarium.</span> <span class='ocrx_word' id='word_1_411' title='bbox 1136 4265 1287 4338; x_wconf 87' lang='lat' dir='ltr'>moniali</span> <span class='ocrx_word' id='word_1_412' title='bbox 1304 4265 1406 4337; x_wconf 91' lang='lat' dir='ltr'>alteri</span> <span class='ocrx_word' id='word_1_413' title='bbox 1424 4265 1654 4362; x_wconf 91' lang='lat' dir='ltr'>postmodum</span> <span class='ocrx_word' id='word_1_414' title='bbox 1665 4271 1756 4344; x_wconf 88' lang='lat' dir='ltr'>data.</span> <span class='ocrx_word' id='word_1_415' title='bbox 1807 4271 1877 4343; x_wconf 91' lang='lat' dir='ltr'>Sed</span> <span class='ocrx_word' id='word_1_416' title='bbox 1885 4293 1948 4344; x_wconf 86' lang='lat' dir='ltr'>ve·</span> 
     </span>
    </p>

    <p class='ocr_par' dir='ltr' id='par_1_10' title="bbox 288 4364 1991 4966">
     <span class='ocr_line' id='line_1_39' title="bbox 293 4364 1949 4466; baseline 0 -24"><span class='ocrx_word' id='word_1_417' title='bbox 293 4373 349 4464; x_wconf 82' lang='lat'>3.)</span> <span class='ocrx_word' id='word_1_418' title='bbox 358 4371 413 4466; x_wconf 77' lang='lat' dir='ltr'>Ert</span> <span class='ocrx_word' id='word_1_419' title='bbox 428 4370 537 4441; x_wconf 82' lang='lat' dir='ltr'>diuina</span> <span class='ocrx_word' id='word_1_420' title='bbox 545 4367 875 4465; x_wconf 65' lang='lat' dir='ltr'>prohibitionesseus</span> <span class='ocrx_word' id='word_1_421' title='bbox 885 4364 1005 4440; x_wconf 86' lang='lat' dir='ltr'>severe</span> <span class='ocrx_word' id='word_1_422' title='bbox 1018 4392 1102 4465; x_wconf 87' lang='lat' dir='ltr'>pro·</span> <span class='ocrx_word' id='word_1_423' title='bbox 1135 4365 1343 4461; x_wconf 85' lang='lat' dir='ltr'>rumprius.</span> <span class='ocrx_word' id='word_1_424' title='bbox 1392 4366 1730 4464; x_wconf 88' lang='lat' dir='ltr'>Ergo&amp;posterius.</span> <span class='ocrx_word' id='word_1_425' title='bbox 1764 4373 1949 4460; x_wconf 64' lang='lat' dir='ltr'>„cornuta</span> 
     </span>
     <span class='ocr_line' id='line_1_40' title="bbox 290 4459 1950 4568; baseline 0.001 -25"><span class='ocrx_word' id='word_1_426' title='bbox 290 4469 413 4544; x_wconf 81' lang='lat' dir='ltr'>hibuit</span> <span class='ocrx_word' id='word_1_427' title='bbox 433 4470 472 4541; x_wconf 92' lang='lat' dir='ltr'>in</span> <span class='ocrx_word' id='word_1_428' title='bbox 490 4459 617 4568; x_wconf 68' lang='lat' dir='ltr'>negritia</span> <span class='ocrx_word' id='word_1_429' title='bbox 620 4469 770 4565; x_wconf 78' lang='lat' dir='ltr'>fratrem</span> <span class='ocrx_word' id='word_1_430' title='bbox 785 4470 1010 4554; x_wconf 80' lang='lat' dir='ltr'>circumuenire</span> <span class='ocrx_word' id='word_1_431' title='bbox 1024 4517 1035 4549; x_wconf 94' lang='lat'>,</span> <span class='ocrx_word' id='word_1_432' title='bbox 1069 4492 1102 4542; x_wconf 77' lang='grc' dir='ltr'>ι.</span> <span class='ocrx_word' id='word_1_433' title='bbox 1140 4464 1396 4554; x_wconf 87' lang='lat' dir='ltr'>confirmatur,</span> <span class='ocrx_word' id='word_1_434' title='bbox 1412 4467 1498 4562; x_wconf 89' lang='lat' dir='ltr'>quia</span> <span class='ocrx_word' id='word_1_435' title='bbox 1511 4486 1640 4538; x_wconf 88' lang='lat' dir='ltr'>votum</span> <span class='ocrx_word' id='word_1_436' title='bbox 1653 4467 1753 4560; x_wconf 89' lang='lat' dir='ltr'>Deo,</span> <span class='ocrx_word' id='word_1_437' title='bbox 1770 4471 1859 4546; x_wconf 83' lang='lat' dir='ltr'>fides</span> <span class='ocrx_word' id='word_1_438' title='bbox 1873 4492 1950 4544; x_wconf 88' lang='lat' dir='ltr'>ma·</span> 
     </span>
     <span class='ocr_line' id='line_1_41' title="bbox 288 4564 1991 4664; baseline 0.001 -22"><span class='ocrx_word' id='word_1_439' title='bbox 288 4564 665 4664; x_wconf 76' lang='lat' dir='ltr'>ThesslV.6.Atquae</span> <span class='ocrx_word' id='word_1_440' title='bbox 679 4565 1104 4663; x_wconf 85' lang='lat' dir='ltr'>alteridesponsataalteri</span> <span class='ocrx_word' id='word_1_441' title='bbox 1139 4565 1356 4638; x_wconf 90' lang='lat' dir='ltr'>trimonialis</span> <span class='ocrx_word' id='word_1_442' title='bbox 1372 4566 1654 4653; x_wconf 88' lang='lat' dir='ltr'>hominidatur,</span> <span class='ocrx_word' id='word_1_443' title='bbox 1681 4571 1817 4664; x_wconf 74' lang='lat' dir='ltr'>quodsi</span> <span class='ocrx_word' id='word_1_444' title='bbox 1833 4569 1950 4644; x_wconf 89' lang='lat' dir='ltr'>oban-</span> <span class='ocrx_word' id='word_1_445' title='bbox 1989 4657 1991 4661; x_wconf 11' lang='lat' dir='ltr'>y</span> 
     </span>
     <span class='ocr_line' id='line_1_42' title="bbox 292 4663 1951 4767; baseline -0.002 -21"><span class='ocrx_word' id='word_1_446' title='bbox 292 4669 426 4759; x_wconf 78' lang='lat' dir='ltr'>nubit,</span> <span class='ocrx_word' id='word_1_447' title='bbox 462 4690 586 4743; x_wconf 86' lang='lat' dir='ltr'>contra</span> <span class='ocrx_word' id='word_1_448' title='bbox 601 4669 706 4744; x_wconf 84' lang='lat' dir='ltr'>illam</span> <span class='ocrx_word' id='word_1_449' title='bbox 729 4666 799 4739; x_wconf 84' lang='lat' dir='ltr'>Ilei</span> <span class='ocrx_word' id='word_1_450' title='bbox 820 4666 1104 4762; x_wconf 91' lang='lat' dir='ltr'>prohibitionem</span> <span class='ocrx_word' id='word_1_451' title='bbox 1138 4663 1617 4760; x_wconf 82' lang='lat' dir='ltr'>tiquiorempromisstonem</span> <span class='ocrx_word' id='word_1_452' title='bbox 1640 4667 1951 4767; x_wconf 85' lang='lat' dir='ltr'>&amp;obligationem</span> 
     </span>
     <span class='ocr_line' id='line_1_43' title="bbox 290 4759 1949 4866; baseline -0.001 -23"><span class='ocrx_word' id='word_1_453' title='bbox 290 4771 384 4866; x_wconf 85' lang='lat' dir='ltr'>agit.</span> <span class='ocrx_word' id='word_1_454' title='bbox 434 4771 530 4866; x_wconf 90' lang='lat' dir='ltr'>Ergo</span> <span class='ocrx_word' id='word_1_455' title='bbox 553 4788 674 4842; x_wconf 88' lang='lat' dir='ltr'>ratum</span> <span class='ocrx_word' id='word_1_456' title='bbox 695 4765 896 4839; x_wconf 85' lang='lat' dir='ltr'>&amp;firmum</span> <span class='ocrx_word' id='word_1_457' title='bbox 917 4759 1267 4850; x_wconf 60' lang='lat' dir='ltr'>matrimo-&#39;aotum</span> <span class='ocrx_word' id='word_1_458' title='bbox 1297 4763 1375 4835; x_wconf 86' lang='lat' dir='ltr'>Deo</span> <span class='ocrx_word' id='word_1_459' title='bbox 1413 4761 1551 4837; x_wconf 79' lang='lat' dir='ltr'>fesium</span> <span class='ocrx_word' id='word_1_460' title='bbox 1580 4767 1745 4840; x_wconf 91' lang='lat' dir='ltr'>redditur</span> <span class='ocrx_word' id='word_1_461' title='bbox 1777 4770 1949 4857; x_wconf 89' lang='lat' dir='ltr'>irritum,</span> 
     </span>
     <span class='ocr_line' id='line_1_44' title="bbox 291 4864 1950 4966; baseline -0.001 -24"><span class='ocrx_word' id='word_1_462' title='bbox 291 4871 401 4942; x_wconf 92' lang='lat' dir='ltr'>nium</span> <span class='ocrx_word' id='word_1_463' title='bbox 414 4888 648 4964; x_wconf 89' lang='lat' dir='ltr'>nequaquam</span> <span class='ocrx_word' id='word_1_464' title='bbox 664 4867 851 4938; x_wconf 90' lang='lat' dir='ltr'>contrahit.</span> <span class='ocrx_word' id='word_1_465' title='bbox 903 4867 989 4953; x_wconf 88' lang='lat' dir='ltr'>Quae</span> <span class='ocrx_word' id='word_1_466' title='bbox 1003 4869 1112 4939; x_wconf 83' lang='lat' dir='ltr'>enIm·</span> <span class='ocrx_word' id='word_1_467' title='bbox 1136 4864 1265 4957; x_wconf 87' lang='lat' dir='ltr'>utique</span> <span class='ocrx_word' id='word_1_468' title='bbox 1279 4865 1394 4936; x_wconf 93' lang='lat' dir='ltr'>multo</span> <span class='ocrx_word' id='word_1_469' title='bbox 1411 4864 1527 4960; x_wconf 86' lang='lat' dir='ltr'>magis</span> <span class='ocrx_word' id='word_1_470' title='bbox 1542 4885 1690 4962; x_wconf 90' lang='lat' dir='ltr'>propter</span> <span class='ocrx_word' id='word_1_471' title='bbox 1705 4869 1950 4966; x_wconf 79' lang='lat' dir='ltr'>antiquiorem</span> 
     </span>
    </p>

    <p class='ocr_par' dir='ltr' id='par_1_11' title="bbox 246 4961 2031 5269">
     <span class='ocr_line' id='line_1_45' title="bbox 246 4961 1950 5064; baseline 0.001 -24"><span class='ocrx_word' id='word_1_472' title='bbox 246 5039 252 5046; x_wconf 86' lang='grc'><strong>,</strong></span> <span class='ocrx_word' id='word_1_473' title='bbox 294 4987 423 5058; x_wconf 78' lang='lat' dir='ltr'>eontra</span> <span class='ocrx_word' id='word_1_474' title='bbox 456 4966 680 5041; x_wconf 83' lang='lat' dir='ltr'>manifestam</span> <span class='ocrx_word' id='word_1_475' title='bbox 703 4965 786 5064; x_wconf 22' lang='lat' dir='ltr'>*Dei</span> <span class='ocrx_word' id='word_1_476' title='bbox 820 4965 1115 5061; x_wconf 88' lang='lat' dir='ltr'>prohibitionem.</span> <span class='ocrx_word' id='word_1_477' title='bbox 1136 4962 1404 5060; x_wconf 73' lang='lat' dir='ltr'>promissionem</span> <span class='ocrx_word' id='word_1_478' title='bbox 1428 4971 1462 5034; x_wconf 77' lang='grc' dir='ltr'>δι</span> <span class='ocrx_word' id='word_1_479' title='bbox 1483 4961 1747 5060; x_wconf 80' lang='lat' dir='ltr'>obligationem</span> <span class='ocrx_word' id='word_1_480' title='bbox 1768 4967 1950 5063; x_wconf 72' lang='lat' dir='ltr'>promissio</span> 
     </span>
     <span class='ocr_line' id='line_1_46' title="bbox 294 5060 1951 5162; baseline -0.001 -20"><span class='ocrx_word' id='word_1_481' title='bbox 294 5069 590 5160; x_wconf 75' lang='lat' dir='ltr'>contrahuntur,</span> <span class='ocrx_word' id='word_1_482' title='bbox 629 5087 703 5138; x_wconf 88' lang='lat' dir='ltr'>non</span> <span class='ocrx_word' id='word_1_483' title='bbox 727 5064 806 5138; x_wconf 90' lang='lat' dir='ltr'>sunt</span> <span class='ocrx_word' id='word_1_484' title='bbox 831 5086 909 5136; x_wconf 88' lang='lat' dir='ltr'>rata</span> <span class='ocrx_word' id='word_1_485' title='bbox 934 5072 968 5138; x_wconf 76' lang='grc' dir='ltr'>δι</span> <span class='ocrx_word' id='word_1_486' title='bbox 987 5066 1106 5162; x_wconf 88' lang='lat' dir='ltr'>legiti-</span> <span class='ocrx_word' id='word_1_487' title='bbox 1140 5063 1283 5134; x_wconf 90' lang='lat' dir='ltr'>homini</span> <span class='ocrx_word' id='word_1_488' title='bbox 1317 5060 1411 5135; x_wconf 77' lang='lat' dir='ltr'>sasla</span> <span class='ocrx_word' id='word_1_489' title='bbox 1445 5063 1547 5137; x_wconf 88' lang='lat' dir='ltr'>irrita</span> <span class='ocrx_word' id='word_1_490' title='bbox 1579 5067 1863 5161; x_wconf 88' lang='lat' dir='ltr'>pronuncianda.</span> <span class='ocrx_word' id='word_1_491' title='bbox 1900 5067 1951 5140; x_wconf 89' lang='lat' dir='ltr'>-Si</span> 
     </span>
     <span class='ocr_line' id='line_1_47' title="bbox 292 5157 2031 5269; baseline -0.006 -23"><span class='ocrx_word' id='word_1_492' title='bbox 292 5161 363 5246; x_wconf 75' lang='lat' dir='ltr'>ntes</span> <span class='ocrx_word' id='word_1_493' title='bbox 376 5169 566 5269; x_wconf 80' lang='lat' dir='ltr'>coniugia,</span> <span class='ocrx_word' id='word_1_494' title='bbox 590 5185 631 5245; x_wconf 91' lang='lat' dir='ltr'>ut</span> <span class='ocrx_word' id='word_1_495' title='bbox 640 5163 770 5244; x_wconf 81' lang='lat' dir='ltr'>constat</span> <span class='ocrx_word' id='word_1_496' title='bbox 779 5166 945 5267; x_wconf 79' lang='lat' dir='ltr'>exemplo</span> <span class='ocrx_word' id='word_1_497' title='bbox 963 5187 1104 5259; x_wconf 88' lang='lat' dir='ltr'>eorum,</span> <span class='ocrx_word' id='word_1_498' title='bbox 1141 5161 1224 5259; x_wconf 76' lang='lat' dir='ltr'>quis</span> <span class='ocrx_word' id='word_1_499' title='bbox 1253 5161 1342 5238; x_wconf 87' lang='lat' dir='ltr'>velit</span> <span class='ocrx_word' id='word_1_500' title='bbox 1363 5162 1562 5259; x_wconf 84' lang='lat' dir='ltr'>excipere,</span> <span class='ocrx_word' id='word_1_501' title='bbox 1586 5161 1643 5265; x_wconf 77' lang='lat' dir='ltr'>affe</span> <span class='ocrx_word' id='word_1_502' title='bbox 1670 5168 1703 5240; x_wconf 83' lang='lat' dir='ltr'>di</span> <span class='ocrx_word' id='word_1_503' title='bbox 1719 5157 1838 5242; x_wconf 73' lang='lat' dir='ltr'>crim&#39;m</span> <span class='ocrx_word' id='word_1_504' title='bbox 1865 5169 1954 5237; x_wconf 83' lang='lat' dir='ltr'>imrr</span> <span class='ocrx_word' id='word_1_505' title='bbox 2029 5172 2031 5178; x_wconf 83' lang='lat'>&#39;</span> 
     </span>
    </p>

    <p class='ocr_par' dir='ltr' id='par_1_12' title="bbox 1850 5290 1956 5344">
     <span class='ocr_line' id='line_1_48' title="bbox 1850 5290 1956 5344; baseline 0.028 -3"><span class='ocrx_word' id='word_1_506' title='bbox 1850 5290 1956 5344; x_wconf 85' lang='lat' dir='ltr'>mart·</span> 
     </span>
    </p>
   </div>
   <div class='ocr_carea' id='block_1_3' title="bbox 0 0 2451 5984">
    <p class='ocr_par' dir='ltr' id='par_1_13' title="bbox 0 0 2451 5984">
     <span class='ocr_line' id='line_1_49' title="bbox 0 0 2451 5984; baseline 0 0"><span class='ocrx_word' id='word_1_507' title='bbox 0 0 2451 5984; x_wconf 95' lang='lat' dir='ltr'> </span> 
     </span>
    </p>
   </div>
  </div>
 </body>
</html>
