4884 5984
245 526 247 539 .
385 499 459 580 252
507 474 657 579 cocus
682 466 813 548 mevi.
835 469 934 545 cnr.
956 468 1003 543 x,
1038 462 1167 545 sacr.
1190 469 1251 542 nt.
1278 468 1389 544 aar.
1415 471 1459 545 n.
1483 466 1649 545 uentu.
1678 468 1730 545 n.
1760 471 1991 547 nummu.

354 704 356 711 ·
380 662 443 758 fid
458 681 496 733 ea
509 680 573 731 nott
574 653 664 753 facit
679 652 921 728 matrimonium
931 647 1195 745 infhlabile,nam
1229 649 1340 726 trallae
1354 676 1419 746 par
1442 654 1540 724 verba
1567 654 1606 722 rie
1624 652 1816 748 praesenti.
1868 648 1958 723 Cum
1977 652 2028 722 illo

388 764 445 834 slla
464 754 641 831 eoniunssia
665 751 783 847 Chrysi
797 775 868 823 tam
881 752 992 821 aalma
1014 774 1078 820 non
1093 747 1196 845 estin
1230 752 1343 847 igitur
1359 752 1539 823 catholicis
1559 752 1667 847 prius
1684 752 1895 849 transigat,
1918 752 1976 842 qui
1986 771 2028 819 no

309 856 320 871 '
382 859 527 958 solomlis
550 908 561 938 ,
584 866 623 922 ot
644 864 750 946 patet.
800 850 1056 925 Matrimonium
1085 860 1193 919 autem
1231 867 1343 943 gant,
1371 852 1538 944 copulam
1565 845 1631 921 etse
1651 871 1811 943 partem
1847 848 2030 921 sacramenti
2064 916 2067 947 ‚

391 949 835 1052 consummatumltadetaliar
860 947 1067 1041 (reliquas)
1091 949 1193 1025 daos,
1214 947 1305 1041 'inte
1334 967 1486 1019 rantem.
1536 950 1586 1041 3.)
1611 950 1704 1019 Rato
1730 944 1971 1018 matrimonio
1986 944 2030 1017 al·
2064 980 2067 997 ·

390 1071 430 1128 ut
440 1065 535 1149 patet
554 1074 594 1122 ea
609 1047 717 1122 Panlo
729 1045 853 1143 liphes.
869 1045 916 1119 V.
940 1045 995 1140 ptri
1011 1067 1077 1113 non
1090 1046 1193 1114 dixit:
1232 969 1333 1212 pusi
1347 1038 1458 1115 deesse
1480 1046 1717 1117 concedimus
1738 1093 1751 1133 ,
1782 1046 1799 1137 (
1815 1045 1910 1116 alias
1933 1064 1955 1113 a
1972 1064 2031 1114 ton·

390 1156 652 1229 sacramentum
677 1151 746 1218 hoe
771 1165 948 1245 magnum
973 1141 1020 1213 esl
1043 1139 1116 1218 &a
1135 1141 1195 1240 ny
1247 1162 1408 1214 ummato
1439 1165 1511 1214 non
1533 1141 1859 1241 distingueretur)
1885 1141 1943 1214 sed
1964 1136 2032 1211 dest-

386 1241 1196 1350 postquamdireratessruntduoincarneuna3
1232 1236 1311 1312 siun
1331 1241 1393 1314 ille
1414 1262 1481 1313 nec
1498 1238 1718 1312 essentialem
1745 1265 1819 1313 nec
1845 1240 2031 1335 integralem

236 1338 257 1355 “
391 1353 478 1448 qood
498 1358 579 1418 certe
588 1342 636 1438 fit
651 1367 714 1438 per
729 1344 897 1435 capulam,
924 1338 971 1414 ὃ*
986 1336 1198 1430 confirmator
1232 1339 1392 1432 aliquam
1412 1338 1577 1435 coniugii·
1585 1357 1765 1432 partem,
1795 1339 1860 1411 sed
1874 1335 2031 1409 usumsm

395 1450 453 1523 lat
473 1456 576 1517 toton
592 1467 632 1514 ex
645 1467 707 1529 ea,
729 1443 815 1535 qnod
826 1440 861 1538 fi
880 1440 1125 1507 matrimonium
1141 1459 1197 1506 ra·
1232 1437 1478 1529 operationem
1502 1440 1672 1508 duntaxat
1688 1439 1904 1509 concernit.
1942 1435 2031 1522 Quat

255 1604 257 1609 .
396 1559 469 1618 tam
487 1566 553 1614 non
572 1539 824 1633 consummatam
863 1533 1036 1635 gnifiearrt
1050 1538 1198 1606 animam
1234 1533 1739 1630 daigiturBellarminusfic
1765 1532 2032 1608 intematum

396 1639 517 1731 cariffi
543 1663 616 1712 tam
641 1639 715 1710 ettlr
739 1660 794 1714 a,
834 1648 1002 1731 oqueretur
1026 1631 1083 1730 effe
1105 1636 1199 1730 diga·
1233 1635 1337 1705 monio
1358 1646 1434 1703 rata
1456 1633 1578 1729 aliquid
1590 1630 1682 1727 deejl.
1736 1636 1848 1732 Ergo
1865 1634 1959 1714 illud,
1974 1634 2033 1729 puts

366 1789 368 1793 .
394 1765 506 1818 mum,
524 1743 581 1836 poi
594 1739 659 1806 duo
674 1738 881 1808 matrimonia
894 1744 972 1803 rata
984 1736 1201 1817 contraxerit,
1233 1733 1263 1801 ri
1278 1730 1359 1827 deest
1371 1777 1386 1808 ,
1411 1728 1542 1825 estpars
1561 1735 1726 1825 quaedam
1743 1734 1930 1829 integrator
1940 1758 1955 1816 ‚·
1975 1752 2033 1829 pro·

394 1841 466 1913 acet
479 1861 582 1911 annm
598 1845 728 1906 tantam
746 1834 806 1904 an't
827 1833 949 1902 nullum
966 1828 1201 1922 confirmmaoe·
1236 1829 1329 1900 cedit
1350 1851 1458 1902 anon
1473 1826 1657 1901 distributo
1675 1831 1725 1900 ad
1747 1828 2031 1905 distributumad

394 1940 469 2018 rit,
495 1936 594 2032 quod
612 1932 659 2005 esl
674 1952 797 2004 contra
810 1952 886 2024 cap.
898 1930 1055 2000 Debitum
1076 1935 1141 1999 &a
1157 1929 1200 1999 de
1236 1924 1450 2015 firmative,
1477 1927 1576 2022 quod
1607 1924 1657 1998 est
1682 1921 1958 2025 α’συλλὸγιςον.
1996 1926 2029 2022 4]

397 2036 566 2133 digamis.
593 2032 724 2127 Srqorla
731 2041 851 2124 patet,
877 2051 954 2098 nam
967 2027 1111 2124 digamia
1126 2051 1202 2096 roa·
1235 2023 1408 2098 Perfettia
1430 2026 1563 2119 duplex
1581 2022 1648 2110 csl,
1671 2022 1857 2124 effeotialt'r
1872 2036 1909 2101 δι
1923 2030 2032 2101 mata

397 2135 542 2205 traltitar
555 2124 988 2228 exdffeliuflgnifitationis
1002 2127 1098 2195 uniat
1107 2124 1200 2197 Cleri·
1235 2125 1318 2192 talit.
1365 2124 1404 2194 Si
1428 2125 1471 2194 de
1500 2121 1725 2217 persedione
1749 2124 1916 2224 ellmiali
1933 2125 2032 2223 quati

327 2232 346 2247 ’“
385 2230 521 2331 stiram
537 2250 603 2297 ona
630 2226 779 2323 reelrfia,
806 2248 905 2322 qaam
925 2223 1120 2310 nonhabet,
1144 2223 1201 2318 pai
1235 2236 1322 2306 tur,
1347 2222 1560 2317 coniugium
1591 2240 1713 2295 ratum
1751 2247 1777 2299 a
1809 2225 2030 2298 consummate

288 2396 293 2411 Α,
397 2353 471 2401 eam
489 2328 613 2396 deabus
643 2325 812 2394 contraiit.
863 2320 963 2415 Resp.
991 2323 1044 2414 1.)
1071 2318 1201 2392 Matri·
1235 2338 1308 2387 non
1322 2316 1469 2405 differt,
1493 2338 1534 2389 ut
1546 2318 1817 2411 imperfectum
1835 2344 1860 2396 a
1879 2318 2032 2419 perfetio,

342 2504 344 2509 ,
399 2427 568 2500 monium
584 2441 703 2493 ratum
723 2419 806 2507 ,ad
836 2420 933 2513 quod
953 2420 1116 2489 nondum
1145 2439 1201 2489 ae·
1236 2415 1322 2581 puio
1343 2416 1514 2512 coniugio
1540 2438 1615 2488 rato
1639 2420 1735 2491 nihil
1763 2422 1976 2517 quidquam
1994 2422 2033 2490 dt·

398 2524 490 2598 cessst
509 2520 660 2614 copula,
686 2538 756 2613 non
773 2535 920 2612 propter
944 2513 1124 2586 desesium
1138 2516 1201 2586 ali·
1263 2513 1331 2599 cit,
1357 2516 1455 2606 quod
1477 2515 1522 2586 ad
1548 2511 1771 2589 essentialem
1798 2520 1969 2617 coniugii
1978 2538 2032 2614 pet·

397 2624 503 2694 cuius
520 2617 631 2715 partis
649 2617 860 2784 inteprantis
876 2636 940 2684 nott
951 2611 1200 2706 tanseammatem
1235 2607 1431 2683 sectionem
1439 2614 1636 2705 requiritur
1642 2662 1658 2716 ,
1671 2615 1809 2690 adsunt
1820 2619 1927 2689 enim
1937 2636 2032 2691 omno

398 2719 557 2803 dicitur,
584 2713 706 2807 (quod
754 2712 962 2785 ellarminus
977 2711 1013 2781 in
1030 2707 1090 2782 sua
1105 2714 1201 2781 c'om-
1237 2707 1374 2796 causae,
1401 2733 1448 2781 ex
1477 2709 1610 2803 quibus
1636 2708 1839 2787 essentialis
1861 2718 1921 2789 rei
1945 2713 2032 2811 porse·

395 2817 582 2912 paratione
600 2809 869 2904 praesupponit)
894 2809 951 2883 sed
974 2828 1122 2903 propter
1143 2811 1200 2879 de·
1238 2800 1307 2876 llio
1330 2809 1516 2902 dependet.
1568 2808 1665 2881 luter
1692 2808 1874 2893 Mariam
1907 2809 2031 2904 &Just-

292 2912 298 2921 '
397 2911 536 2985 sessum
547 2908 631 2980 usus
646 2907 714 2979 five
728 2908 966 3001 operationis,
991 2927 1070 3000 qua
1087 2908 1131 2976 ad
1149 2905 1202 2977 rei
1234 2903 1351 2995 phum
1383 2904 1452 2977 fuit
1474 2927 1606 2981 uorum
1635 2907 1913 3002 &perfectum
1939 2911 2032 2983 conio·

398 3004 579 3081 essentiam
610 3005 821 3098 neutiquam
848 3005 1013 3098 pertinet.
1034 3038 1036 3043 ·
1061 3002 1202 3075 Alberi-
1236 3003 1371 3093 gium,
1398 3002 1480 3076 teste
1509 3003 1713 3099 Augustino
1738 3008 1808 3081 lib.
1833 3010 1883 3082 ΙΙ.
1905 3012 1947 3083 de
1965 2992 2032 3082 conl

397 3128 462 3178 cns
489 3103 641 3191 Gentilis
668 3101 732 3173 lib.
758 3100 820 3171 Vl.
843 3102 885 3171 de
916 3120 1015 3196 nupt.
1040 3120 1117 3195 cap.
1144 3110 1199 3180 18·
1236 3115 1366 3197 evang.
1376 3100 1574 3195 capt-lib.
1584 3104 1611 3172 l.
1623 3103 1667 3175 de
1680 3114 1840 3200 nupe&
1858 3103 2031 3202 concupisc

396 3200 659 3297 consommatio,
682 3197 834 3296 puamfit
849 3201 1025 3293 improprie
1045 3199 1200 3275 dicimos.
1237 3217 1314 3291 cap·
1337 3220 1394 3273 11.
1419 3222 1486 3272 nee
1506 3194 1673 3273 diffitente
1699 3200 1941 3279 Bellarmino
1963 3201 2029 3279 dido

395 3303 487 3400 quast
498 3300 782 3371 anteeantatitam
798 3297 919 3392 asquia
937 3296 1013 3389 defit
1029 3299 1074 3365 ad
1087 3299 1211 3367 matri·
1235 3296 1342 3382 loco,
1368 3320 1487 3391 neque
1499 3319 1619 3370 nmen
1631 3298 2029 3394 losephunMariamte·

395 3404 496 3475 monii
508 3397 737 3494 parseffionem
758 3446 771 3474 ,
794 3396 874 3466 nilis
895 3397 955 3491 trist
973 3419 994 3463 o
1010 3418 1047 3464 ar
1064 3393 1201 3490 persesii
1236 3395 1364 3491 gnavit
1383 3392 1516 3469 Matth.
1534 3395 1562 3466 l.
1584 3413 1643 3489 25.
1669 3401 1771 3471 male
1794 3402 1922 3501 igiiur
1935 3400 2030 3475 conio·

394 3497 594 3571 matrimonii
624 3493 674 3585 est.
724 3470 817 3564 Vide
842 3491 1003 3585 superius
1036 3514 1076 3563 ca
1104 3492 1198 3563 .V1.
1234 3494 1341 3588 gium
1354 3511 1478 3565 ratum
1496 3493 1680 3567 confertur
1695 3498 1850 3573 homati
1863 3496 2028 3575 claudottl

261 3662 263 3667 .
395 3608 429 3681 ς.
457 3611 542 3688 412.
567 3614 604 3685 q.
621 3592 665 3662 ll.
715 3592 773 3683 a.)
799 3589 1038 3685 Recognoscat
1065 3517 1198 3661 iollae-
1234 3611 1365 3677 coeeo,
1407 3614 1493 3666 cum
1509 3614 1582 3663 nan
1602 3595 1685 3667 deso
1706 3597 1743 3667 ei
1761 3597 1921 3695 aliquod
1943 3619 2027 3672 mem

395 3694 518 3764 minus
534 3689 595 3761 sua
609 3683 720 3760 verba
739 3687 802 3760 lib.
825 3688 868 3759 de
889 3689 1045 3760 matrim.
1069 3708 1144 3782 cap.
1164 3705 1196 3778 5.
1233 3685 1341 3760 brutn
1362 3688 1550 3787 integrale.
1601 3691 1639 3763 Si
1652 3694 1695 3764 de
1723 3697 1926 3771 accidentali
1939 3694 2026 3794 perst-

393 3787 486 3882 tesp.
505 3791 551 3859 ad
576 3794 610 3860 6.
641 3787 818 3880 Decopala
838 3787 997 3883 coniugali
1010 3785 1095 3880 sont
1114 3789 1197 3857 deae
1233 3782 1353 3858 diona
1378 3791 1575 3881 quaerimr,
1611 3793 1892 3886 concedimus,
1933 3792 2025 3868 matri

320 3924 324 3931 ·
395 3889 557 3982 opiniones
584 3886 820 3957 catholicarum.
871 3885 1014 3976 Quidam
1034 3887 1117 3954 enim
1142 3887 1196 3955 da·
1231 3885 1398 3957 monium
1427 3907 1548 3960 ratum
1561 3909 1583 3960 a
1597 3887 1857 3966 consummato
1881 3894 2023 3973 differte,

391 3999 464 4059 cent
486 3987 632 4081 rapulam
653 3984 741 4053 illam
768 4003 867 4074 neque
880 3979 1123 4071 sacramentam
1145 4005 1198 4054 rte-
1230 4000 1271 4052 ut
1299 3982 1553 4077 imperialium
1573 4007 1593 4058 a
1618 3984 1785 4080 perfodio
1803 4014 1817 4083 3
1852 3992 1917 4066 sed
1939 4012 1979 4063 eu
1995 4006 2023 4059 et

391 4109 453 4180 que
473 4082 811 4177 partemsarramenti
833 4075 915 4173 effe,
930 4077 990 4172 sad
1018 4078 1198 4174 ostansa
1232 4077 1361 4152 inferri
1382 4084 1536 4176 nequit,
1576 4086 1674 4177 quod
1691 4086 1789 4161 illud
1811 4089 1854 4163 stt
1871 4088 2022 4170 solubile,

390 4182 554 4278 lom,fiae
573 4180 705 4276 officiam
719 4178 947 4256 matrimonii,
966 4181 1104 4269 proinde
1119 4180 1198 4274 qaid
1230 4179 1299 4247 hoc
1319 4202 1406 4260 uero
1435 4178 1651 4269 insolubile,
1692 4185 1920 4261 miserabilis
1951 4187 2023 4258 anto

390 4281 639 4351 arridmtariam
659 4272 715 4373 effe
734 4273 876 4369 resposita
897 4276 1103 4344 matrimonii.
1126 4278 1196 4348 Alii
1229 4277 1617 4383 petitioprincipiioell,
1636 4285 1787 4374 quaudo
1800 4282 2021 4361 Bellarminu

309 4416 312 4423 ·
388 4377 651 4471 nolonteopalam
667 4374 864 4471 coniugalem
877 4368 933 4469 effe
942 4384 1072 4465 partem
1084 4396 1196 4468 qaam·
1229 4374 1388 4447 hocloco
1405 4373 1543 4448 scribit:
1566 4381 1600 4447 id
1614 4383 1701 4474 qaod
1716 4380 1814 4474 vdress
1838 4383 2022 4457 matrinmit

390 4476 675 4572 damjirrrameati
686 4521 701 4551 ,
726 4495 791 4543 nan
804 4474 930 4567 pridem
945 4465 1196 4566 effantialemsed
1227 4484 1327 4552 rato,
1352 4472 1444 4567 estid
1454 4521 1467 4551 ,
1494 4478 1672 4572 qoadsaeit
1684 4476 1771 4549 illud
1780 4483 1932 4578 fhleebilr.
1982 4479 2020 4572 ς.)

386 4575 597 4673 integralem,
623 4571 671 4648 s!
690 4575 758 4643 ideo
777 4581 854 4643 ante
875 4572 1020 4662 rapulam
1037 4573 1194 4665 adpellari
1228 4568 1346 4655 Quare
1368 4594 1496 4644 eorum
1520 4572 1759 4648 sacerdotium
1781 4629 1795 4666 ,
1845 4585 1912 4679 qui
1925 4598 2018 4681 patttt

264 4754 267 4759 ,
386 4687 524 4751 ratam,
540 4668 954 4767 sednontansammatnm.
1005 4669 1191 4741 Omnerta·
1227 4662 1332 4739 officii
1346 4667 1398 4741 sui
1415 4674 1578 4775 nondupt
1593 4675 1876 4766 administrant,
1906 4706 1971 4754 non
1983 4676 2018 4748 di·

381 4793 458 4840 men
483 4773 517 4840 in
546 4795 582 4839 aa
601 4769 811 4857 conuenirent,
838 4780 878 4838 at
904 4767 1052 4862 (quod)
1078 4771 1190 4862 copula
1226 4767 1545 4862 caturstaeeraatiam
1559 4786 1671 4843 ratam
1691 4772 1739 4847 gy
1758 4782 2016 4874 nonronsumnr

384 4890 450 4940 aaa
458 4872 509 4964 fit
527 4857 803 4962 parreffentialie,
830 4863 1190 4961 &propteraasaera-
1224 4873 1315 4951 teon,
1343 4868 1420 4940 eius
1434 4869 1487 4939 rei
1496 4862 1589 4942 iatio
1598 4869 1728 4943 frustra
1738 4879 1940 4969 quaeritur,
1953 4894 2016 4949 auu

384 4981 526 5040 rumam
539 4967 738 5036 matrimonii
755 4976 858 5034 totum
878 4966 1190 5061 acplanum,paan·
1225 4961 1294 5031 hoc
1315 4986 1360 5036 cx
1386 4962 1452 5036 usu
1475 4968 1648 5063 loquendi
1672 4972 1785 5045 unice
1818 4977 2012 5072 dependent

384 5079 454 5140 ton
472 5065 518 5139 aa
531 5077 646 5162 partes
659 5044 851 5163 ellentialer,
874 5066 1105 5140 inueniaturio
1120 5088 1190 5138 coa·
1224 5052 1348 5149 suffieit
1380 5061 1508 5155 nobis,
1537 5066 1635 5163 quod
1671 5072 1954 5159 matrimonium
1972 5091 2011 5142 ra·

1931 5191 2009 5249 tumn
