4884 5984
471 535 475 540 ,
565 457 629 534 nr
677 458 906 548 naturave
955 458 1216 538 aroanna
1265 465 1320 540 m
1353 399 1480 563 'svnt
1529 465 1799 548 canonino.
1926 475 1998 556 ‘aa
2046 579 2050 588 1

365 647 437 736 liii
452 649 574 752 poffint
593 656 725 755 diuerso
738 654 828 753 sexu
844 658 932 732 inter
948 654 987 753 se
1006 658 1169 755 ·c0njugio
1193 657 1299 736 detur.
1323 662 1489 748 (numerit
1510 687 1622 737 antem
1650 660 1828 738 seeundum
1855 688 1997 755 eompu-

365 754 562 840 ronuenire,
589 779 662 832 curn
684 754 725 833 ii
741 759 803 856 ipst
821 758 1019 852 agnationis
1028 761 1087 852 jus
1107 759 1168 830 lea·
1194 764 1353 834 tationem
1371 766 1453 850 juris
1468 762 1591 851 civilis)
1614 768 1654 833 Et
1678 767 1806 852 postea:
1839 760 1883 837 Si
1905 764 1996 837 divi·

366 849 1169 951 dqer'enonqueant,sedcognationistanturntito·
1191 881 1238 931 na
1270 871 1302 932 te
1333 870 1562 955 preteream,
1594 858 1720 955 saltem
1753 863 1992 957 imperatorum

361 943 478 1046 tastti
490 957 715 1054 connexistnt.
739 954 1169 1048 Ergoconiirmatdmbro·
1188 971 1376 1055 maeepta,
1400 979 1421 1029 a
1444 956 1562 1052 quibus
1584 959 1817 1059 amplissimum
1839 961 1991 1061 accepisti

363 1041 430 1118 fias
437 1052 587 1138 regulam
597 1079 747 1142 quartam
759 1053 1166 1143 superius.8.CCLXXXl.
1191 1055 1358 1140 bonorem,
1376 1053 1466 1128 ltaual
1488 1078 1629 1151 naquam
1642 1060 1813 1154 preterire
1829 1071 1860 1132 te
1876 1058 1989 1134 debue-

364 1144 590 1235 propafitam,
615 1159 704 1239 quod
725 1152 912 1248 probibitio
932 1151 1168 1247 compleiiatur
1190 1168 1280 1230 runt.
1332 1150 1426 1228 Nam
1461 1081 1656 1254 ibeodofius
1681 1157 1864 1252 imperator
1885 1160 1989 1232 etiane
2032 1199 2034 1204 .
2102 1203 2104 1208 ·

364 1251 541 1338 &rumque
557 1274 661 1344 genus
679 1252 965 1348 propinquitatis,
983 1253 1055 1349 stae
1069 1276 1112 1324 ex
1128 1277 1166 1323 n-
1186 1253 1356 1350 potrueles
1366 1254 1501 1346 sratres
1524 1250 1565 1327 fii
1585 1253 1798 1352 consobrinos
1812 1259 1918 1331 uetuit
1936 1257 1989 1329 in·

364 1349 500 1437 traque,
524 1347 599 1446 βυι
622 1373 666 1423 ex
689 1351 852 1423 alterutro
877 1360 1008 1422 tantum
1025 1361 1166 1446 parente
1189 1351 1292 1450 tense
1316 1353 1469 1448 conjugii
1493 1356 1667 1426 convenire
1687 1356 1836 1439 nomine,
1869 1352 1911 1430 8
1933 1353 1988 1451 se·

364 1441 535 1535 originem
552 1446 678 1523 trabat.
720 1460 766 1542 ι.)
778 1455 824 1521 Ex
836 1457 911 1537 jnre
923 1449 1075 1521 naturali.
1105 1445 1165 1521 In·
1188 1452 1385 1552 uerifflmam
1425 1474 1539 1524 aenam
1547 1452 1691 1552 statuit,
1710 1455 1743 1554 β
1760 1455 1834 1549 quis
1849 1465 1988 1528 temero«

364 1539 540 1614 terbidum
558 1549 623 1645 esi,
649 1550 776 1637 inquit,
800 1549 1033 1642 natnraejure,
1060 1546 1164 1624 inter·
1188 1576 1224 1624 re
1243 1550 1342 1647 ausus
1365 1477 1441 1647 rsit
1461 1550 1617 1644 fratrum
1639 1554 1702 1647 pia
1728 1554 1878 1648 pignora
1891 1581 1903 1633 ‚·
1946 1547 1988 1627 i!

361 1635 491 1714 ditium
510 1644 553 1742 ιβ
569 1644 660 1742 lege,
683 1669 754 1741 quae
767 1650 812 1747 est
826 1648 861 1720 in
875 1643 1036 1719 cordibus
1052 1648 1163 1742 fingu-
1189 1662 1298 1723 tamen
1316 1649 1369 1723 illi
1387 1650 1527 1723 invicem
1540 1648 1611 1747 fibi
1630 1648 1773 1746 aquales
1782 1648 1888 1747 ssent,
1911 1662 1988 1724 tan

361 1734 488 1813 taran.
550 1740 767 1820 Interdiiium
790 1748 834 1844 esi
858 1743 1059 1819 inviolabili
1077 1769 1163 1841 peae-
1187 1751 1356 1826 tummodo
1384 1750 1464 1847 quia
1491 1749 1759 1844 propinquitatis
1786 1749 1988 1849 neeeffitudi·

354 1833 547 1935 scriptione
567 1844 736 1939 pietatis,
779 1845 882 1918 titulo
912 1843 1167 1954 neceffitudinis7
1188 1874 1227 1936 ne
1254 1844 1295 1923 ii
1307 1849 1474 1943 fraterna
1488 1845 1664 1944 sercietatis
1685 1847 1842 1943 ligantur
1867 1851 1988 1923 aincu·
2095 1837 2104 1866 ⁸

369 1930 514 2034 Quanta
529 1939 720 2038 hujusmodi
737 1945 884 2018 invenies
903 1967 970 2016 non
986 1940 1045 2042 effe
1062 1945 1163 2018 inter·
1187 1943 1248 2029 lo,
1267 1948 1394 2046 pietati
1411 1969 1465 2019 eos
1486 1947 1604 2042 uoluit¹
1622 1946 1760 2028 debere,
1794 1948 1882 2044 quod
1911 1947 1987 2022 nati

359 2033 455 2110 dina
469 2034 543 2134 lege
559 2065 622 2138 per
640 2039 761 2137 Mosen
781 2042 892 2127 edita,
922 2038 964 2115 li
986 2055 1096 2115 tamen
1111 2045 1164 2116 iu·
1178 2044 1272 2144 sunt.
1307 2052 1468 2119 Provocat
1484 2043 1678 2118 Ambrosius
1691 2050 1732 2118 ad
1749 2043 1859 2138 legem
1872 2045 1986 2120 Theo·

362 2134 604 2236 ordinassent
622 2142 766 2238 quodam
785 2165 863 2216 uoce
882 2138 1041 2214 naturae?
1065 2148 1162 2216 Hanc
1185 2146 1285 2224 dosri,
1311 2170 1384 2234 que
1401 2166 1550 2217 tamena
1577 2142 1651 2214 siliis
1673 2147 1743 2232 ejas
1773 2146 1985 2235 postmodum

359 2239 474 2307 tatem
492 2234 576 2332 legis
595 2240 753 2314 naturalis
776 2238 1037 2330 prohibitionem
1053 2244 1161 2313 dedu·
1186 2241 1250 2314 suit
1267 2242 1448 2333 abrogata,
1476 2264 1514 2313 ut
1528 2243 1728 2314 ostendimus
1747 2237 1915 2332 superius:
1930 2267 1986 2317 er·
2121 2241 2127 2252 ’

357 2333 640 2428 arimbertus,
663 2361 735 2411 tum
749 2365 789 2410 ex
807 2341 981 2411 nominum
999 2337 1162 2410 confusio·
1185 2366 1232 2432 go
1251 2344 1412 2427 attendit,
1441 2342 1669 2431 magistratum
1690 2338 1902 2412 christianum
1926 2340 1986 2415 be⁴
2127 2411 2133 2418 .

360 2455 406 2504 ne
426 2456 468 2505 ex
487 2433 545 2506 tali
571 2441 727 2530 conjugio
747 2434 896 2518 oritura,
922 2460 994 2509 tum
1018 2463 1056 2510 ex
1081 2460 1159 2526 pro-
1184 2439 1265 2512 bere
1287 2440 1479 2528 potestatem
1502 2436 1631 2509 serendi
1656 2436 1809 2529 segesta
1831 2437 1984 2530 prohibi·
2030 2471 2034 2480 ·
2115 2506 2119 2514 .

362 2530 452 2602 xima
477 2538 641 2620 ejusmodi
665 2532 879 2623 personarum
900 2537 1158 2624 propinquitate.
1185 2540 1226 2609 tis
1243 2536 1412 2629 gradibus.
1472 2533 1699 2607 protendebat
1713 2540 1890 2618 Paternus,
1909 2557 1984 2608 ma·

362 2623 566 2727 Interroga,
589 2635 717 2722 inquit,
740 2636 911 2707 nominum
936 2633 1160 2727 religionem,
1185 2636 1380 2709 trimoninm
1402 2635 1491 2707 inter
1505 2633 1673 2730 patrueles
1691 2629 1750 2729 ese
1768 2633 1876 2708 alicui
1892 2634 1984 2707 sela·

348 2749 479 2826 ,tempe
512 2733 697 2806 auunculus
728 2735 742 2805 i
769 2757 785 2805 e
812 2734 935 2831 filius,
976 2733 1036 2805 illa
1063 2732 1161 2827 bajus
1184 2746 1322 2819 natum,
1339 2738 1372 2805 id
1389 2736 1453 2818 esi,
1471 2728 1679 2804 intercessisse
1696 2730 1981 2820 dispensationem,

360 2829 474 2926 teptis
490 2841 640 2904 uocatur.
731 2830 850 2928 etipse
870 2830 1161 2926 tereaoratsanus
1184 2830 1378 2906 Ambrosius
1398 2828 1592 2921 respondet,
1618 2829 1683 2903 boc
1707 2829 1778 2924 legi
1806 2855 1872 2903 non
1895 2852 1982 2926 prae·

361 2926 553 3015 nominum,
578 2954 652 3002 cum
671 2929 732 3004 bic
748 2952 849 3004 auum
864 2929 1008 3027 resonet,
1026 2927 1161 3003 idaliae
1177 2932 1343 3027 judicare.
1394 2932 1497 3023 Quod
1519 2930 1659 3000 enimin
1680 2951 1857 3002 commune
1872 2930 1982 3001 statui·

361 3047 480 3101 nornen
498 3028 547 3100 ad
565 3031 784 3116 auunculum,
811 3031 898 3126 quad
918 3030 965 3101 ad
984 3052 1085 3101 avum
1109 3053 1160 3101 re·
1184 3054 1260 3111 rur,
1286 3036 1316 3103 ei
1331 3050 1460 3101 tantum
1473 3024 1607 3114 proficit
1620 3047 1675 3098 aut
1693 3025 1874 3099 relaxatum
1891 3030 1984 3101 ride·

356 3122 492 3219 serati
535 3122 673 3224 Quanta
694 3128 810 3203 deinde
833 3132 935 3202 etiam
955 3127 1157 3225 reliquorum
1182 3150 1248 3201 tur.
1299 3132 1355 3220 4.)
1373 3126 1428 3198 Ab
1454 3124 1629 3197 honestate.
1681 3121 1981 3220 Multasunt‚(in·

358 3223 509 3324 eonsufio
524 3227 772 3301 uocabulorum.
822 3227 916 3301 idem
937 3252 1022 3302 avus
1047 3222 1088 3301 8
1098 3225 1158 3323 so-
1181 3230 1367 3322 quinque
1385 3224 1464 3297 licet
1483 3220 1623 3316 sacere,
1649 3219 1714 3318 sed
1739 3247 1804 3297 non
1832 3223 1980 3321 expedit.

358 3345 414 3398 ter
431 3322 611 3414 vocabere,
637 3350 676 3401 ea
696 3351 820 3424 quoque
839 3327 905 3401 tibi
917 3329 1025 3423 neptis
1041 3322 1083 3399 si
1096 3351 1157 3398 nu·
1187 3321 1311 3398 Omnia
1332 3324 1419 3397 enim
1436 3321 1562 3405 licent,¹
1572 3319 1637 3418 sed
1654 3344 1719 3393 nan
1744 3327 1857 3396 omnia
1878 3347 1979 3419 expe·

361 3445 418 3498 rus
447 3421 582 3520 diverso
608 3430 741 3499 nomine
762 3426 1021 3524 nuncupabitur.
1073 3422 1157 3497 Mu-
1180 3425 1289 3499 diunt.
1346 3420 1471 3524 Omnia
1493 3419 1609 3505 licent,
1626 3416 1772 3516 sednon
1793 3423 1975 3520 edificant.

360 3519 546 3598 matonam
558 3525 660 3598 etiam
670 3526 803 3620 fratres
819 3525 952 3622 diversa
971 3521 1154 3608 uocabula,
1182 3519 1225 3597 Si
1247 3542 1327 3615 ergo
1353 3522 1456 3594 etiam
1476 3514 1519 3590 ab
1540 3517 1585 3592 iis
1604 3540 1666 3592 nos
1695 3534 1829 3592 reuocat
1848 3522 1977 3617 aposto·

361 3631 399 3694 nt
415 3617 480 3694 illa
489 3621 610 3718 seierus
618 3624 734 3720 sratri
742 3629 806 3725 stt,
835 3627 893 3724 ifle
916 3650 1015 3721 gener
1028 3620 1154 3717 sorori.
1180 3620 1253 3702 lus,
1279 3642 1432 3716 quanm
1454 3616 1643 3713 aedificant,
1666 3618 1829 3712 quoermdo
1842 3618 1977 3714 facien·

362 3713 484 3796 mbae
501 3723 667 3797 auunculo
683 3721 749 3820 suo
768 3727 899 3817 neptis,
934 3721 976 3798 si
997 3723 1156 3795 immacu.
1180 3721 1447 3815 imputamus,
1469 3716 1556 3811 quod
1573 3713 1614 3790 ii
1621 3732 1695 3787 ‘non
1712 3716 1789 3791 licet
1802 3717 1888 3815 legis
1899 3737 1978 3790 ora·

361 3817 508 3896 latorum
518 3823 703 3920 pignorum
719 3826 847 3898 caritas
865 3819 1049 3915 illecebroso
1062 3842 1155 3893 amo·
1179 3818 1254 3891 culo
1283 3814 1324 3891 si
1347 3841 1414 3890 nou
1437 3814 1584 3912 edificat
1611 3812 1818 3913 discrepante
1836 3814 1978 3914 pietatis

360 3941 395 3993 re
410 3929 568 3996 maurus.
594 3927 636 3993 Et
653 3926 783 4010 postea:
813 3917 906 4017 Quid
919 3932 988 3992 tam
995 3919 1154 4015 solemne,
1180 3912 1323 3990 ordine?
1348 3923 1438 4006 Ergo
1464 3912 1654 3984 Ambrosius
1678 3914 1801 4005 probat
1825 3912 1978 4006 regulam

360 4039 458 4117 mam
473 4016 720 4116 osculaminter
736 4020 936 4094 auunculum
957 4018 997 4094 di
1016 4030 1154 4115 neptem,
1179 4017 1384 4091 Modestini:
1424 4008 1467 4083 In
1491 4013 1620 4108 nuptiis
1646 4036 1713 4085 non
1732 4011 1863 4107 solum,
1896 4009 1979 4108 quid

358 4117 447 4216 faoi
458 4119 521 4274 ise
541 4120 633 4216 quast
647 4119 738 4218 filia
756 4119 872 4200 debet,
897 4118 967 4192 lraec
984 4121 1075 4217 quast
1093 4140 1156 4211 pa·
1179 4114 1305 4200 liceat,
1324 4109 1508 4225 s‘dslsl'm
1524 4109 1609 4206 qnid
1629 4110 1870 4213 bonestumfit‚
1886 4109 1977 4208 sem·

357 4219 468 4296 teeti.
508 4216 571 4291 boc
587 4218 698 4315 igitur
717 4216 889 4315 inoffensa
909 4218 1046 4312 pietatis
1066 4214 1157 4309 oscu-
1174 4216 1297 4313 peresi
1315 4207 1566 4306 respiciendum.

353 4313 428 4392 itata
444 4314 629 4418 suspeHum
651 4317 764 4412 satier
791 4317 831 4390 de
852 4315 979 4389 talibus
1002 4316 1158 4410 cogitaa·
1255 4319 1283 4403 §.
1311 4312 1511 4383 cccxtn.
1563 4306 1765 4395 Augustinus
1795 4305 1870 4378 libr.
1901 4310 1975 4378 XV.

355 4415 401 4492 do
427 4418 582 4513 nuptiis,
611 4412 653 4489 si
675 4415 949 4514 religiosffimum
964 4412 1157 4508 sacramen·
1180 4415 1222 4484 de
1238 4416 1304 4481 eir.
1327 4408 1391 4479 Dei
1413 4431 1486 4493 cap.
1507 4402 1606 4477 XVI.
1627 4410 1669 4474 de
1696 4403 1873 4492 prohibitis
1898 4429 1995 4510 gres

352 4524 429 4592 iam
448 4518 540 4590 caris
558 4515 761 4612 pignoribus
780 4512 928 4610 eripies?
965 4519 1056 4604 Ergo
1078 4517 1158 4584 Am·
1180 4507 1277 4580 dibus
1293 4503 1335 4577 lie
1354 4500 1494 4576 disserit:
1527 4505 1716 4582 „Humano
1744 4527 1868 4592 genere
1890 4495 1978 4574 cres·

351 4611 486 4689 brolios
507 4617 638 4701 statuit,
666 4642 685 4687 a
704 4617 868 4704 conjugiis
894 4610 983 4696 illis,
1019 4636 1058 4683 ex
1084 4612 1158 4697 qui·
1180 4627 1306 4687 „cente
1328 4615 1362 4679 dr
1382 4599 1602 4690 multiplicato
1621 4602 1720 4670 etiam
1747 4603 1834 4673 inter
1856 4601 1977 4688 impios

349 4709 421 4788 buo
448 4710 656 4788 confitsaones
675 4713 932 4804 adpellationum
961 4710 1157 4800 p'i'opinqui·
1180 4708 1354 4785 „deorum
1377 4693 1559 4772 muliorum
1590 4694 1811 4788 falsorumque
1833 4698 1979 4771 cultores

349 4813 435 4888 teda
454 4823 490 4887 dt
509 4816 716 4906 cognationis
736 4816 917 4888 oriuntur,
939 4807 1042 4896 ipsam
1062 4830 1157 4878 natu·
1180 4801 1257 4884 „fic
1282 4795 1450 4871 observari
1473 4798 1661 4878 cernimus,
1687 4818 1723 4868 ut
1751 4798 1874 4870 etiamst
1902 4821 1980 4887 per·

348 4909 639 4990 temabborrere.
705 4918 752 5002 3.)
775 4917 819 4982 Eu
833 4918 906 4997 jure
928 4906 1030 4977 cirili.
1082 4902 1158 4976 Hic
1181 4898 1313 4982 „versis
1331 4895 1461 4988 legibus
1479 4896 1715 4985 permittantur
1734 4892 1879 4967 fraterna
1900 4920 1981 4967 eon·
2092 4973 2109 4992 s
2177 4975 2184 4982 ,

348 5011 504 5107 cmqair)
523 5014 647 5086 tertius
669 5012 799 5108 gradus
817 5012 880 5106 est,
905 5005 964 5101 qui
983 5004 1084 5075 etiam
1108 5004 1156 5075 ri·
1179 5000 1324 5088 „jugia,
1354 4996 1471 5067 melior
1499 5014 1610 5064 tamen
1642 4989 1845 5088 consuetudo
1876 4990 1980 5079 ipsam

348 5108 512 5203 uilijure
528 5111 739 5211 a'eonsortio
754 5107 911 5210 coequgii
927 5112 1083 5203 exceptus
1101 5102 1155 5178 vi.
1177 5096 1312 5180 „malit
1334 5092 1514 5206 exhorrere
1532 5090 1723 5172 licentiam,
1747 5104 1781 5167 de
1799 5116 1875 5163 cum
1893 5084 1984 5166 soro.

400 5211 500 5295 Tou.
524 5211 616 5292 XV.
1153 5290 1154 5294 Ν
1229 5197 1291 5269 Ti
1722 5229 1726 5236 '
1930 5215 1987 5268 ⁸⁸⁸
