4884 5984
523 518 587 590 or
638 517 823 594 caussa
867 491 1127 590 insciente
1178 507 1448 632 aurneinan,
1490 505 1721 596 connati.
1910 465 1976 610 ¹s's
2113 535 2116 550 ·

279 728 395 791 nerat,
420 712 515 783 un'de
548 708 681 784 Basilius
708 710 822 786 homil.
846 715 890 783 de
911 706 1046 802 paradis.
1075 721 1111 784 dr
1134 702 1242 788 loces,
1268 704 1423 778 molestie
1444 714 1479 780 dr
1497 707 1661 778 cruciatos
1680 704 1714 772 in
1736 694 1917 790 gellatione
1932 695 1969 764 dc

277 808 326 882 alii
344 834 384 882 ex
407 808 580 881 veteribus
594 813 799 882 contrariom
814 813 935 894 retlius
955 813 1108 881 statuunt.
1133 829 1255 896 pasto,
1280 828 1318 875 ut
1339 803 1399 876 sint
1422 802 1639 893 signaremus
1655 810 1691 876 dc
1721 792 1865 870 adtuales
1888 813 1968 861 con·

275 907 420 1000 Quidaoa
443 909 630 980 existimant
650 911 685 978 in
710 910 793 979 statu
823 911 1017 980 innocentie
1041 932 1109 978 non
1133 899 1244 977 clunes
1263 908 1304 974 de
1326 904 1375 972 ira
1399 903 1510 974 divina
1532 923 1673 992 propter
1695 915 1891 987 peccetumt
1914 889 1969 974 ln?

275 1000 366 1076 fuisse
381 1004 654 1095 multiplicandos
676 1005 823 1078 homines
838 1032 900 1097 per
920 1007 1110 1098 generatio·
1133 1006 1231 1076 terim
1253 1023 1362 1073 tamen
1383 996 1450 1089 ipsa
1475 1002 1673 1091 propagatio
1703 1006 1737 1070 δι
1767 985 1968 1079 multiplica·

274 1127 347 1176 uem
363 1104 534 1177 carnalem
548 1106 582 1174 in
604 1105 779 1195 conjugio,
813 1102 867 1177 sed
898 1109 998 1177 modo
1025 1129 1109 1193 quo·
1132 1104 1179 1172 tio
1213 1103 1346 1192 generis
1383 1099 1519 1172 humani
1551 1125 1612 1190 per
1636 1095 1831 1185 conjugium
1854 1106 1968 1158 manet

268 1203 349 1274 ‘dam
362 1201 518 1293 angelico
534 1207 775 1291 procreandos,
801 1200 853 1278 sed
870 1201 1004 1274 illorum
1018 1227 1110 1275 com·
1132 1201 1198 1272 Dei
1214 1200 1380 1270 ordinatio
1394 1224 1433 1270 ac
1455 1200 1606 1270 divinum
1632 1190 1853 1273 beneficium,
1876 1185 1966 1258 unde

275 1325 427 1371 mentum
446 1298 586 1372 inferius
603 1326 675 1391 cap.
688 1298 787 1373 Vlll.
802 1299 1005 1375 refellemus.
1021 1297 1110 1372 Fuis·
1132 1300 1279 1370 ,idemus
1305 1302 1483 1387 conjugem
1521 1294 1609 1369 suam
1638 1312 1734 1366 vocat
1758 1284 1901 1369 Evam,
1924 1304 1964 1356 cu

276 1392 419 1491 serergo
439 1401 539 1472 etiarn
560 1400 594 1468 in
618 1401 701 1472 statu
718 1401 913 1472 innocentie
935 1401 1107 1492 generatio
1131 1395 1219 1494 quoa
1237 1407 1344 1469 mater
1364 1391 1437 1493 <pit
1457 1395 1643 1470 sandonus
1665 1388 1859 1463 viventium.
1877 1388 1962 1456 Gen.

276 1520 335 1586 per
361 1494 575 1590 conjugalem
597 1497 750 1586 copulam
774 1495 882 1586 satta,
906 1491 961 1569 sed
984 1497 1107 1586 absque
1133 1493 1193 1567 lll.
1215 1517 1274 1566 20.
1325 1498 1398 1566 Poll
1433 1491 1621 1579 diluvium,
1646 1483 1905 1564 cum-Nocens
1929 1488 1965 1553 dc

279 1595 423 1669 libidinis
437 1599 558 1667 ardore
574 1604 609 1671 dt
624 1595 736 1686 lepra,
760 1620 798 1668 ac
817 1599 893 1684 quia
913 1598 946 1667 in
966 1590 1037 1687 ipso
1057 1599 1108 1667 in·
1132 1592 1191 1667 filii
1206 1591 1305 1681 ipsus
1321 1617 1360 1665 ex
1376 1619 1452 1665 arca
1470 1598 1729 1687 egrederentur,
1745 1589 1836 1658 Deus
1846 1583 1967 1656 iisdem

280 1696 441 1767 nocentiae
471 1694 555 1776 statu
581 1696 775 1786 conjugium
803 1696 1006 1784 institutum,
1033 1697 1109 1767 ideo
1134 1692 1275 1772 verbis,
1313 1692 1433 1780 quibus
1463 1694 1657 1784 conjugium
1683 1686 1867 1757 iuslitutum
1894 1696 1966 1750 erat

278 1793 418 1882 cogitari
439 1794 583 1880 nequit,
613 1793 650 1864 in
672 1817 807 1884 posnam
831 1796 973 1883 peccati,
1000 1789 1053 1866 vel
1069 1794 1109 1864 asi
1134 1799 1218 1866 Gen.
1236 1787 1263 1863 l.
1287 1799 1344 1870 28.
1366 1791 1602 1864 institutionem
1631 1781 1720 1857 suam
1736 1783 1882 1870 repetit,
1908 1774 1969 1848 be-

278 1891 404 1988 majora
419 1888 547 1983 flagitia
562 1890 695 1964 vitanda
717 1896 874 1964 duntaxat
897 1888 961 1964 ell'e
983 1893 1111 1964 iollitu·
1134 1891 1288 1966 nedicens
1318 1889 1466 1978 reliquiis
1493 1916 1533 1963 ex
1558 1878 1734 1960 universali
1754 1881 1809 1953 illa
1835 1874 1968 1986 genepic
2069 1912 2074 1923 ·
2166 1895 2171 1910 ·

279 2011 360 2064 tum.
418 1989 613 2083 Fulgentius
633 1992 676 2063 de
693 1991 779 2064 statu
802 1987 923 2063 vidual.
947 1991 1042 2079 episl.
1065 1987 1109 2062 ll.
1135 1990 1272 2070 humani
1296 1985 1463 2063 deletione
1487 2015 1527 2063 ec
1552 1978 1780 2086 πανολιθςὶᾳ
1815 1971 1969 2068 supersil-

230 2081 248 2102 ““
284 2081 497 2162 Cannutium
514 2109 594 2160 -non
619 2089 665 2189 ist
684 2112 730 2162 ex
748 2086 931 2192 colluvione
949 2089 1111 2186 peccati,
1135 2090 1222 2162 tibus
1241 2090 1278 2158 in
1296 2111 1372 2157 asoa
1392 2079 1613 2164 conservatis,
1637 2093 1673 2157 dc
1693 2079 1911 2171 precipiens,
1931 2081 1969 2141 ut

276 2183 335 2283 scd
346 2211 393 2261 ex
408 2186 616 2288 institutione
642 2182 718 2264 Dei.
1136 2182 1321 2262 crescerent
1339 2180 1470 2275 seseque
1483 2180 1754 2272 nsultiplicarent
1772 2181 1856 2252 Gen.
1868 2164 1968 2244 Vlll.

233 2291 258 2330 '·
324 2289 532 2376 pxtvnt.
561 2288 711 2368 Vidimus
728 2284 885 2366 laucius
900 2288 935 2359 in
953 2287 1114 2378 primeva
1142 2312 1195 2381 ¹7·
1222 2284 1283 2356 tx.
1309 2311 1335 2355 ι.
1376 2285 1454 2370 ill.)
1484 2280 1649 2379 Conjugii
1678 2278 1718 2350 in

282 2387 431 2476 conjugii
464 2387 699 2467 institutione,
735 2389 823 2475 quod
854 2391 943 2458 Deus
975 2380 1113 2475 ipse.de
1137 2408 1214 2458 nov.
1255 2383 1323 2482 tesi.
1355 2381 1456 2481 sada
1499 2377 1710 2484 instauratio.
1780 2368 1868 2462 nr.)
1912 2364 1969 2460 E?

281 2484 423 2557 muliere
462 2486 635 2572 condenda
669 2493 704 2559 dt
737 2487 894 2576 conJugio
916 2486 1115 2556 instituenda
1138 2489 1229 2560 Cum
1255 2483 1343 2555 enim
1365 2485 1456 2575 leges
1477 2482 1628 2576 conjugii
1648 2500 1709 2569 per
1760 2449 1891 2591 ‘5²⁴³aess
1906 2465 1970 2589 οἵ

282 2580 369 2676 passi
397 2579 654 2664 consultaverit,
675 2587 765 2671 quod
788 2577 1059 2668 consultationem
1080 2592 1115 2659 dt
1138 2585 1281 2657 (livonia
1318 2587 1529 2663 temeraria,
1576 2576 1715 2669 polist-
1761 2527 1968 2694 sgjlzpyllpp'

284 2683 457 2758 decretum
477 2677 576 2786 suum*
588 2677 726 2771 ipsemet
748 2674 948 2754 exsecutioni
962 2683 1115 2763 dederit,
1139 2684 1241 2756 naiaco
1265 2689 1299 2756 dt
1320 2704 1420 2775 vagas
1438 2681 1591 2756 libidines
1612 2675 1715 2749 client
1765 2710 1811 2756 η,
2030 2709 2034 2716 ·

285 2785 373 2872 prod
400 2783 437 2862 iu
463 2780 589 2855 decreti
607 2776 813 2853 exsecutione
832 2781 1006 2853 mulierem
1027 2775 1117 2862 suis,
1140 2779 1253 2854 inultis
1280 2784 1386 2855 modis
1408 2778 1636 2860 labesodatae,
1662 2775 1712 2846 li·

284 2901 321 2958 at
351 2876 397 2951 sic
425 2877 571 2967 loquar,
610 2879 762 2950 manilius
791 2875 860 2967 ipse
893 2877 1113 2964 sormaverit,
1140 2877 1284 2952 liusDei
1305 2875 1501 2952 inhumana
1524 2900 1641 2950 natura
1661 2876 1823 2961 adparens
1844 2889 1897 2939 eas
1920 2856 1972 2935 so-

231 2989 244 3024 “·
285 2979 369 3066 quud
388 2975 567 3050 formatam
589 2982 666 3050 ddae
681 2981 799 3049 marito
822 2979 854 3048 in
875 2971 1026 3067 paradiso
1048 2972 1117 3067 ipse
1141 2977 1284 3052 lenniter
1304 2979 1488 3070 repetivit,
1513 2971 1635 3049 Matth.
1660 2968 1752 3041 xlx.
1778 2992 1813 3062 4.
1846 2975 1879 3038 dr
1907 2959 1971 3036 hac

285 3079 478 3157 adduxerit,
501 3079 589 3163 quod
611 3078 736 3165 primos
754 3083 913 3167 conjuges
929 3079 998 3164 ipse
1012 3099 1115 3164 copu·
1139 3080 1266 3150 rarione
1284 3074 1431 3165 divinam
1445 3076 1593 3167 conjugii
1609 3071 1844 3143 institutionem
1861 3064 1971 3132 denuo

284 3169 378 3254 larit,
404 3178 494 3262 quod
510 3171 673 3262 copulatis
687 3169 755 3262 ipse
777 3172 1004 3252 benedixerit,
1024 3178 1114 3262 quod
1138 3175 1357 3257 instauravit,
1381 3175 1460 3263 quin
1482 3180 1550 3246 imo
1570 3171 1649 3242 ltuic
1672 3166 1782 3241 ordini
1799 3160 1972 3234 summam

243 3307 257 3320 ·
284 3267 392 3366 Ιιςειη
418 3273 698 3344 matrimonialem
725 3266 796 3362 ipse
822 3271 1114 3363 promulgaverit,
1137 3276 1335 3367 dignitatem
1354 3299 1414 3364 per
1438 3274 1471 3346 id
1487 3270 1691 3351 conciliavit,
1717 3264 1804 3353 quod
1819 3253 1973 3350 postfut-

234 4509 237 4528 ι
287 4455 408 4546 inquo
436 4456 630 4546 conjugium
658 4458 843 4542 institutum
875 4473 978 4536 erat,¹
998 4452 1117 4529 misere

281 3373 479 3460 quaomnia
503 3371 677 3442 evideaner
710 3371 883 3460 probant,
917 3375 1029 3444 Deum
1050 3367 1114 3444 elle
1138 3396 1273 3463 ceptum
1296 3373 1329 3442 in
1346 3373 1491 3465 Jordaue
1525 3365 1724 3458 baptismum
1746 3355 1974 3440 &solennem

282 3469 428 3561 conjugii
464 3491 615 3540 autorem
654 3478 688 3543 &
721 3464 850 3541 causam
881 3467 1115 3559 principalem,
1139 3477 1179 3546 ad
1196 3466 1342 3544 officium
1358 3457 1973 3558 mediatorisinaugurationemnuptiis

291 3561 686 3664 Quibsneeruditisunt
706 3569 740 3640 in
754 3566 828 3667 fide
845 3567 1035 3654 catholica,
1065 3572 1117 3642 in.
1140 3562 1316 3648 interesse,
1353 3593 1392 3640 ac
1419 3574 1567 3656 primum
1589 3562 1683 3637 suum
1710 3556 1909 3635 miraculum
1937 3556 1974 3624 iu

283 3669 350 3754 suit
368 3669 576 3758 Augustinus
591 3664 754 3740 nactsx.
767 3671 801 3738 in
815 3665 1117 3759 Johan.noverunt,
1140 3670 1204 3742 illis
1219 3670 1319 3740 edere
1339 3665 1471 3750 soluite
1494 3667 1572 3761 Joh.
1590 3663 1633 3737 ll.
1656 3687 1688 3736 a.
1712 3684 1779 3750 quo
1806 3650 1877 3745 ipso
1901 3677 1973 3724 ma·

285 3763 369 3860 poa
389 3759 487 3837 Deus
500 3764 626 3860 fecerit
642 3766 789 3861 nuptias.
842 3768 879 3836 ld
899 3761 1007 3854 ipsum
1033 3791 1101 3854 pre
1140 3765 1295 3841 nisestum
1311 3761 1413 3848 ferit,
1438 3792 1505 3839 non
1522 3770 1556 3837 in
1572 3785 1639 3838 ret.
1657 3758 1782 3844 solum,
1807 3751 1974 3828 sedetiam

283 3881 333 3937 ier
347 3865 549 3955 primevam
578 3866 727 3954 coniugii
752 3863 992 3938 institutionem
1018 3887 1117 3954 atque
1141 3870 1177 3940 in
1202 3891 1280 3937 nov.
1305 3866 1375 3937 tesl.
1398 3867 1592 3958 conjugium
1620 3885 1683 3952 pro
1704 3858 1816 3932 divina
1841 3855 1975 3928 tudina⁴

433 3973 436 3978 '
537 3963 779 4035 ordinationem
813 3961 934 4051 probat
967 3963 1031 4054 11.)
1062 3986 1118 4037 or·
1141 3968 1232 4042 tione
1257 3957 1321 4034 elle
1343 3961 1545 4038 habendum.
1579 3957 1782 4051 Epiphanius
1811 3960 1892 4030 tom.
1926 3947 1973 4030 ll.

288 4055 505 4154 llfflrdt't.
541 4056 635 4133 dinis
649 4061 991 4160 iujuscconfirsnatt'o.
1027 4066 1116 4136 Cum
1141 4061 1199 4135 lib.
1217 4059 1259 4134 ll.
1281 4058 1395 4136 haeces.
1414 4067 1472 4148 67.
1530 4057 1707 4159 Quomodo
1726 4080 1792 4131 nan
1810 4065 1975 4129 eruntne·

317 4137 495 4297 'mfil'ffls
542 4160 742 4250 enimprimi
758 4185 912 4250 parentes
924 4187 986 4252 per
1000 4173 1118 4252 pecca·
1140 4157 1304 4235 anstites
1327 4164 1454 4258 nuptia
1466 4217 1479 4252 ,
1514 4157 1554 4234 fs
1577 4161 1613 4233 in
1643 4153 1718 4228 Deo
1743 4152 1898 4232 scabentes
1924 4160 1976 4228 r'e·

318 4238 371 4282 tan
395 4236 480 4283 ma·
659 4262 665 4275 .
694 4261 702 4276 .

271 4315 280 4324 -
317 4300 409 4362 pm·
543 4283 615 4330 tum
634 4263 779 4332 divinam
797 4258 907 4349 legem
926 4256 1116 4352 transgressi
1139 4285 1243 4359 gnum
1276 4257 1462 4350 coelorum,
1493 4285 1567 4334 cum
1588 4267 1726 4332 uocatus
1741 4255 1796 4428 lit
1814 4251 1975 4349 salvator

544 4377 564 4430 e
589 4360 673 4429 statu
693 4359 889 4430 innocentia.»
915 4360 1115 4451 aegrosin,
1141 4358 1210 4534 ipse
1240 4356 1287 4430 ad
1315 4362 1475 4459 nuptias,
1506 4371 1545 4436 nt
1562 4355 1712 4453 nuptias
1762 4347 1976 4439 meditaret?

1172 4457 1330 4555 iquidenr
1344 4462 1434 4534 enim
1455 4453 1627 4556 sccusaffst
1647 4452 1695 4527 ad
1710 4454 1847 4550 nuptias
1863 4452 1899 4526 in
1943 4477 1977 4526 s-

292 4548 631 4668 excidill'ent,·1·)eus
652 4555 737 4630 lanc
761 4549 850 4626 suam
875 4558 1116 4634 ordinationem
1141 4557 1197 4645 ti,
1205 4557 1357 4657 profitio
1375 4559 1569 4658 nuptiarum
1585 4477 1976 4653 exsoluissfisiffer,gtls.

293 4655 400 4728 denuo
417 4672 576 4742 repeuvrt
599 4677 637 4724 ac
658 4650 894 4733 confirmarit,
916 4658 1049 4741 quando
1075 4657 1119 4726 de
1142 4681 1243 4758 quare
1263 4658 1390 4732 accedit
1408 4659 1456 4734 ad
1472 4658 1626 4757 nuptias,
1652 4664 1690 4729 ut
1701 4651 1833 4728 obturet
1845 4676 1908 4726 ora
1922 4677 1977 4728 co·

294 4745 428 4832 lmine,
465 4753 686 4838 ⁶⁰¹¹cevti0¹¹⁸
710 4761 745 4825 &
771 4775 870 4840 partu
893 4750 968 4841 ipss
988 4755 1119 4826 concio·
1142 4783 1236 4843 rum,
1259 4759 1317 4853 qui
1340 4758 1520 4857 loquantur
1541 4766 1659 4835 contra
1678 4747 1881 4829 veritatem?
1905 4756 1977 4829 Au·

234 4905 237 4912 .
296 4870 381 4923 uatus
396 4850 467 4938 esi,¹
488 4854 575 4923 Gen.
593 4846 655 4922 Ill.
683 4870 733 4939 ις.
762 4859 797 4923 &
821 4854 930 4924 16.ut
953 4849 1117 4943 intellige·
1142 4861 1291 4948 gostinus
1310 4859 1343 4930 in
1362 4863 1473 4948 quest.
1493 4877 1560 4931 vet.
1586 4863 1624 4927 ac
1647 4879 1723 4926 nou.
1746 4855 1815 4927 tesi.
1832 4877 1865 4941 q·
1894 4878 1975 4938 127.

298 4969 384 5032 rent,
422 4947 498 5037 posl
529 4941 658 5036 lapsum
689 4945 906 5019 nihilominus
934 4946 1119 5022 mansuram
1143 4953 1167 5028 1
1181 4954 1221 5051 se
1241 4953 1427 5053 (christus)
1454 4980 1492 5032 ro
1518 4966 1595 5029 atus
1616 4951 1814 5050 adnrsptias
1838 4952 1887 5025 ire
1910 4975 1978 5026 non
2080 4987 2089 4992 ·

297 5047 432 5140 conjugii
450 5047 715 5127 ordinationem,
738 5071 914 5135 perquam
934 5074 1039 5163 genus
1060 5049 1122 5119 hu·
1144 4982 1427 5158 sagienses,
1459 4983 1586 5131 {snm
1600 5050 1710 5148 solunt
1723 5048 1904 5150 prasentia
1916 5048 1979 5147 sui

296 5167 417 5220 rusum
441 5167 661 5236 propagetur.
711 5147 892 5230 Addootur
908 5151 1045 5252 quidem
1061 5151 1123 5252 dag
1144 5152 1325 5253 illustravit
1344 5178 1417 5244 sas,
1439 5153 1675 5238 verumetiam
1702 5148 1864 5233 contulit,
1888 5147 1979 5248 quoa

235 5345 237 5368 ,
342 5241 431 5334 Tm·
461 5237 564 5324 XV*
702 5369 719 5388 ι
1193 5257 1232 5339 Η
1839 5252 1975 5351 unas,

390 5535 404 5576 l
