4884 5984
424 489 497 580 160
629 485 786 562 Locus
806 488 930 560 XXVI.
956 485 1115 562 CAPUT
1135 489 1180 562 Χ.
1202 487 1325 565 SECT.
1348 492 1409 566 lli.
1435 489 1543 568 ott.
1571 491 1624 565 ll..
1643 487 1789 566 MEMB.
1809 489 1838 565 l.

425 668 514 760 quest
534 693 685 756 mortua,
712 684 749 750 dc
776 699 835 748 nos
859 674 920 750 lnc
952 678 1081 752 mtione
1104 673 1243 769 rlegali
1266 675 1352 763 bile,
1374 684 1428 756 cui
1446 707 1510 773 per
1530 682 1680 756 accidens
1701 680 1891 772 contingit,
1918 691 1958 748 ut
1974 669 2019 748 ob
2034 671 2078 746 sn·

422 763 582 846 seruitute
608 770 740 844 liberati
773 778 864 872 dcin
887 773 1077 850 libertatem
1100 777 1241 848 restituti
1265 782 1624 868 pervetuensadulterii
1638 780 1764 852 crimen
1774 774 1982 850 dffolnrm
2030 775 2079 844 Sic

421 864 532 942 timus.
568 869 720 944 Ulterius
736 895 804 943 non
823 876 1041 966 progreditur
1054 871 1238 963 apotolos,
1265 875 1489 962 jurisconsulti
1516 877 1766 950 matrimonium
1787 871 1975 972 deliniunt,
1994 869 2080 956 qoud

420 989 485 1039 occ
496 988 589 1040 extra
613 968 709 1042 illum
738 966 875 1060 scopum
899 969 1077 1044 similitudo
1101 968 1239 1061 rpostoli
1264 971 1304 1044 sc
1334 975 1519 1052 individue
1542 976 1622 1050 uitae
1638 972 1786 1071 soricius
1810 967 1854 1048 85
1877 964 2080 1064 conjuctffivi

422 1067 470 1138 esl
486 1069 701 1141 extendenda.
741 1069 856 1166 ¹Quod
874 1065 896 1138 st
912 1069 965 1140 vel
980 1072 1123 1143 mcuime
1140 1091 1236 1142 extra
1262 1069 1367 1146 nihilo
1385 1071 1495 1146 remen
1518 1075 1627 1146 minuc
1648 1087 1789 1164 propter
1809 1067 2013 1144 adulterium
2030 1065 2079 1136 di·

420 1163 519 1238 illum
537 1159 674 1256 scopum
697 1163 944 1239 similitudinem
963 1169 1140 1240 rddusttm
1161 1168 1235 1256 quis
1258 1175 1404 1244 portium
1423 1169 1498 1244 fieri
1511 1169 1600 1259 posse
1613 1172 1810 1242 concedunt.
1864 1171 2078 1257 Legemprn·

420 1263 600 1338 crtendere
631 1265 732 1344 relic,
759 1263 843 1337 nihil
870 1265 961 1336 aliud
984 1289 1025 1338 ex
1048 1289 1090 1339 eo
1108 1262 1236 1338 inferre
1258 1287 1373 1356 pterea
1396 1269 1560 1360 spostolus
1581 1269 1735 1350 adducit,
1754 1267 1831 1353 quir
1848 1264 1960 1356 Judzi
1987 1277 2078 1334 erant

420 1363 564 1452 poterit,
586 1386 686 1451 quarn
711 1357 812 1442 illud,
838 1367 929 1450 quod
953 1367 1235 1451 quemadmodum
1257 1390 1420 1456 perquam
1439 1367 1632 1461 canapium,
1654 1387 1693 1437 cc
1710 1366 1897 1458 dodrinam
1918 1365 1963 1434 de
1977 1357 2075 1432 uber·
2105 1415 2109 1440 .

419 1464 527 1552 Judei
539 1483 605 1532 nou
618 1461 787 1549 potuerint
798 1457 957 1550 spirituali
974 1458 1030 1533 suc
1043 1459 1235 1534 fornintio·
1258 1484 1327 1539 tate
1344 1463 1519 1550 christiana
1532 1465 1567 1534 in
1584 1461 1697 1554 legem
1726 1455 1902 1534 mosaicrm
1924 1459 2078 1548 iniurium
2106 1475 2109 1550 l

421 1584 464 1630 ne
481 1567 600 1653 iugum
616 1558 699 1650 legis
722 1581 896 1642 excutere,
926 1562 975 1631 ita
999 1559 1236 1633 adultera'non
1259 1571 1295 1635 dc
1325 1555 1598 1635 contumeliosam
1632 1556 1697 1632 esse
1729 1554 1978 1642 erillimrbcnt,
2003 1558 2078 1630 inde
2106 1577 2109 1644 l

419 1653 519 1750 poffit
533 1665 652 1750 iugum
666 1658 882 1748 conjugiiper
895 1656 1149 1731 fornicationem
1161 1680 1236 1728 cor·
1258 1659 1420 1746 peculiari
1437 1655 1572 1733 consilio
1585 1655 1751 1747 aposlolus
1769 1655 2023 1730 similitudinem
2040 1676 2082 1726 et·
2107 1651 2109 1666 ’

418 1760 568 1849 porrlem
582 1777 746 1828 excutere.
796 1761 842 1828 Ar
855 1779 923 1830 non
936 1754 1170 1846 queriturlroc
1185 1753 1236 1826 lo·
1257 1751 1326 1848 ipsc
1338 1757 1414 1848 lege
1432 1757 1570 1845 petitam
1583 1759 1748 1830 adducere
1767 1754 1886 1828 voluit.
1912 1755 2079 1841 2)‚.Con·

418 1880 480 1937 co,
527 1881 570 1928 cn
587 1851 736 1928 adultera
750 1849 850 1943 polilt
870 1851 923 1927 vol
943 1853 1062 1926 debent
1079 1874 1236 1926 excutere
1258 1853 1391 1942 „clusio
1413 1852 1552 1943 aposloli
1565 1878 1632 1924 non
1656 1873 1729 1924 erut
1752 1847 1880 1934 solum,
1902 1874 1973 1928 uon
1995 1849 2077 1924 obli·

416 1975 547 2047 partem
577 1955 789 2026 innocentem
837 1948 892 2023 sed
915 1975 957 2023 cn
975 1974 1053 2040 prus
1074 1952 1232 2023 innocens
1257 1954 1360 2044 „pari
1383 1951 1574 2024 christianos
1593 1954 1633 2022 cd
1657 1949 1790 2041 legem,
1824 1949 2005 2022 sedetiam
2018 1947 2076 2022 ob·

419 2053 477 2126 obs
500 2048 531 2123 se
554 2073 708 2124 excutere
732 2006 831 2139 polilt
852 2047 1062 2127 adulteram?
1085 2051 1120 2120 id
1140 2049 1231 2138 quod
1253 2097 1278 2133 „
1287 2049 1384 2142 ligici
1408 2052 1451 2122 cd
1473 2072 1542 2123 non
1566 2050 1792 2136 recipiendam
1820 2045 1927 2134 ullam
1952 2045 2076 2132 elium:

416 2147 490 2224 ficri
505 2145 596 2238 posse
608 2173 646 2221 ac
664 2148 791 2220 licitum
811 2143 874 2220 eise
889 2151 1005 2219 eadem
1019 2144 1232 2218 similitudine
1254 2145 1367 2234 „ficut
1393 2148 1494 2220 etiam
1517 2143 1652 2219 Hebraei
1681 2142 1942 2238 obligabrurur,
1965 2143 2076 2238 legem

417 2274 438 2320 a
464 2244 622 2335 spirituali
656 2248 812 2336 conjugio
841 2247 982 2317 dedum
1011 2244 1232 2318 demoniircri
1256 2241 1390 2333 „Mosu
1406 2239 1537 2317 secrrre
1558 2264 1630 2316 toto
1653 2265 1823 2333 tempore,
1847 2267 1918 2331 quo
1933 2265 1975 2316 ea
1991 2245 2082 2316 rive·

418 2349 537 2436 potest.
602 2343 896 2437 Quemadmodum
932 2343 1023 2415 enim
1055 2339 1233 2421 christus,
1255 2341 1364 2429 „bar,
1390 2365 1452 2417 nec
1466 2361 1621 2433 poterent
1644 2339 1714 2413 ullo
1736 2361 1903 2431 pretextu
1923 2365 2000 2414 erm
2022 2343 2074 2414 de·

304 2513 307 2518 .
415 2440 559 2521 ecclcstae
590 2436 654 2512 sue
686 2435 838 2530 sponsus,
870 2436 1043 2532 synagoge
1068 2439 1231 2531 Judricae,
1256 2436 1441 2528 „serere,‚.
1506 2435 1607 2536 Resp.
1627 2437 1651 2512 fi
1669 2437 1849 2512 Christiani
1882 2435 2073 2534 obligantur

416 2566 489 2630 qur
510 2540 678 2630 quondum
706 2558 779 2613 erat
808 2535 907 2627 ipfiur
933 2532 1048 2627 sponse
1070 2545 1107 2612 dc
1125 2561 1231 2623 uror,
1254 2541 1377 2614 cdnon
1387 2537 1613 2627 recipiendum
1633 2535 1737 2610 ullum
1751 2534 1850 2609 alium
1864 2533 2072 2628 legemem
2094 2537 2096 2542 ’

415 2638 486 2734 Jer.
512 2644 574 2711 ΙΙΙ.
604 2660 634 2712 r.
657 2633 777 2710 Erech.
804 2639 896 2710 xvt.
921 2649 954 2722 8.
978 2644 1045 2710 dcc.
1076 2632 1232 2708 libellum
1255 2639 1359 2730 igitur
1385 2632 1537 2726 pontifici
1552 2658 1690 2708 tommo
1708 2635 1862 2708 tribuunt
1881 2635 2072 2723 pomnen

414 2737 550 2830 repudii
574 2735 685 2815 dedit,
706 2754 744 2806 ut
768 2756 836 2807 noo
861 2732 1002 2823 emplius
1033 2729 1135 2805 fuerit
1161 2729 1232 2820 einr
1255 2732 1492 2826 promulgandi
1504 2729 1596 2826 leger
1617 2726 1851 2806 conscientiam
1869 2729 2068 2826 obligante.

416 2857 520 2916 uxor,
540 2829 600 2906 Os.
616 2839 656 2905 11.
675 2860 707 2909 2.
730 2827 785 2906 sed
799 2831 949 2905 uliamex
963 2830 1119 2926 gentibus
1133 2823 1232 2918 spon·
1256 2855 1318 2923 per
1340 2827 1527 2904 universtm
1551 2827 1723 2903 ecclesiam
1746 2826 1996 2904 observandus?
2018 2849 2069 2904 eur

291 3000 293 3004 ,
416 2931 484 3007 sam
508 2929 568 3004 fibi
586 2931 744 3024 elegerit,
770 2939 805 3005 dr
818 2929 1097 3020 quemrdmodum
1122 2924 1231 2998 cdhuc
1254 2931 1470 3002 traditionum
1497 2926 1717 3001 humanarum
1743 2935 1863 3020 jugum
1894 2950 2011 3004 contre
2033 2925 2067 2999 li·

417 3029 516 3103 hodie
531 3026 745 3119 particulares
758 3025 907 3100 ecclesus
921 3046 1062 3116 propter
1074 3022 1230 3112 adulteri·
1254 3027 1418 3100 bertatem
1440 3047 1508 3098 tam
1526 3050 1606 3100 caro
1629 3027 1739 3117 pretio
1758 3023 1931 3101 aChrislo
1949 3045 2065 3118 perum

415 3154 477 3204 um
501 3123 699 3218 spiritualer
716 3124 746 3198 se
764 3123 913 3210 abdicat,
936 3134 972 3198 dc
988 3123 1066 3196 alies
1084 3113 1118 3195 iit
1136 3117 1231 3213 spiri·
1253 3123 1443 3198 hominibus
1465 3126 1667 3214 imponunt?
1690 3127 1751 3198 Sed
1764 3126 1807 3196 de
1823 3120 1874 3195 hit
1893 3123 1993 3208 alibi,
2010 3121 2064 3196 luc

415 3225 540 3302 tudem
559 3220 708 3313 sponsam
729 3221 791 3294 sibi
804 3221 921 3313 eligit:
942 3218 985 3292 lic
1000 3221 1231 3293 maritururo·
1254 3221 1329 3296 loco
1364 3245 1558 3310 monemus,
1592 3218 1829 3294 Bellarminum
1862 3223 2064 3313 ipsumam

414 3350 487 3402 rem
501 3321 685 3396 adulteram
701 3347 720 3394 a
738 3317 769 3394 sc
793 3323 918 3411 poterit
939 3320 1060 3409 eiicere
1076 3329 1110 3394 dc
1132 3317 1230 3393 clirm
1257 3318 1506 3394 similitudieem
1525 3321 1611 3392 uitro
1625 3326 1762 3410 scopum
1780 3327 1815 3392 dc
1834 3319 1925 3393 ultra
1941 3345 2064 3411 compr·

418 3426 551 3498 docere.¹
1256 3422 1390 3493 tutionis
1406 3421 1541 3490 tertium
1562 3422 1760 3500 extendere,
1782 3416 1864 3504 quin
1890 3427 1927 3493 dc
1946 3419 2063 3514 npo'ro·

510 3530 539 3611 §.
556 3518 771 3588 Dtxxxvt.
823 3521 860 3584 ln
876 3509 983 3603 specie
993 3514 1232 3590 contranollrae
1255 3545 1306 3595 ou
1323 3515 1545 3589 similitudinis
1556 3519 1689 3605 penitus
1705 3517 1883 3590 invertere.
1939 3518 2063 3610 Apulo·

413 3614 638 3706 explicationis
660 3609 873 3685 fundamenta
902 3618 1043 3705 regerit:
1079 3622 1112 3700 1)
1131 3608 1231 3708 Apo·
1254 3615 1306 3686 lus
1331 3617 1421 3687 eninr
1444 3613 1554 3704 legem
1581 3634 1751 3701 comparat
1776 3614 1868 3694 viro,
1896 3637 1984 3690 uter
2000 3636 2062 3687 vet·

410 3716 533 3819 siolum
548 3706 684 3804 oosncffi
702 3710 881 3807 ostendere,
906 3735 971 3784 non
983 3710 1098 3806 solum
1115 3715 1229 3806 conjn-
1254 3713 1303 3783 bis
1320 3710 1419 3801 ipsius
1435 3708 1689 3782 matrifemffime
1712 3711 1836 3797 liquem·
1859 3712 1938 3793 sex,
1950 3713 2061 3800 mouit,

412 3814 467 3912 gii
487 3808 655 3886 vinculum
684 3830 750 3879 non
767 3809 887 3882 durare
901 3813 974 3910 post
995 3821 1149 3888 mortem,
1166 3808 1230 3906 sed
1252 3809 1381 3884 liomirn'
1404 3810 1618 3888 dominatur,
1640 3818 1764 3904 quanio
1792 3809 2060 3903 campanulum

414 3909 1229 4004 etiamduroretonnmporeoitaeulnriuscon-
1251 3933 1285 3982 ar
1313 3910 1477 3980 dominari
1502 3911 1549 3979 est
1574 3911 1703 3987 mariti,
1727 3931 1795 3977 non
1825 3912 1949 3982 uxoris.
2000 3905 2059 3982 dcl·

406 4015 516 4111 jugis,
568 4003 661 4078 Num
684 4004 772 4078 illud
783 4028 848 4077 non
862 4006 983 4078 dirrare
1000 4011 1074 4106 post
1090 4019 1228 4082 moriem
1252 4008 1411 4082 larmirus
1439 4027 1554 4079 contra
1579 4004 1689 4097 legem
1713 4007 1848 4077 ridetur
1877 4025 2060 4097 computare

413 4104 648 4204 apertifflmnnc
676 4112 770 4191 crac,
796 4129 852 4175 nec
867 4101 989 4203 fna‘ffet
1010 4130 1091 4202 opus
1120 4106 1166 4178 ad
1191 4110 1230 4179 id
1252 4109 1365 4190 uxori,
1392 4105 1468 4190 quia
1489 4128 1528 4174 cr
1542 4102 1602 4173 lnc
1618 4102 1830 4176 similitudine
1844 4106 2060 4179 demonstrare

407 4198 671 4299 perfruuntor
690 4198 848 4310 adlegare
872 4203 986 4300 legem.
1032 4202 1134 4293 Resp.
1160 4201 1230 4278 sco·
1251 4207 1361 4291 cupit,
1388 4205 1477 4288 quod
1514 4202 1650 4296 quidem
1679 4203 1784 4289 Judaei
1809 4225 1877 4274 non
1901 4205 2060 4294 potuerint

410 4328 493 4392 pum
518 4296 701 4384 apostolice
718 4301 946 4385 dilputationis
961 4307 1026 4372 iam
1041 4323 1115 4372 ante
1131 4323 1226 4374 mon·
1251 4299 1320 4373 ullo
1335 4320 1497 4388 pretextu
1513 4300 1622 4387 legem
1641 4294 1812 4387 deserere,
1835 4302 1946 4376 donec
1960 4324 2060 4374 morc-

410 4401 601 4478 slrtvimus,
624 4395 775 4481 adonem
794 4394 925 4482 suffieit,
943 4397 966 4468 st
983 4398 1131 4488 coniugii
1154 4403 1225 4473 riu.
1249 4421 1344 4471 retur
1371 4422 1432 4485 per
1454 4399 1727 4487 abrogationem,
1751 4396 1795 4468 fic
1816 4404 1976 4473 maritum
2002 4421 2059 4470 noo

410 4497 524 4571 culum
545 4514 653 4565 morte
677 4488 825 4573 dissolvi,
847 4504 880 4567 dc
899 4520 966 4567 non
980 4496 1066 4569 ultra
1082 4519 1225 4572 mortem
1249 4493 1338 4587 posse
1356 4494 1424 4565 ullo
1440 4517 1599 4583 praetcrru
1613 4518 1748 4564 uxorem
1767 4493 1941 4584 deserere,
1965 4500 2060 4570 donec

410 4601 532 4670 durrre
553 4595 722 4665 struuntur.
776 4592 881 4689 Quod
902 4591 923 4664 st
941 4592 993 4666 vel
1013 4596 1154 4669 menime
1176 4620 1226 4670 ec·
1249 4597 1419 4667 moriatur.
1477 4598 1510 4681 3)
1541 4588 1664 4666 nicio
1684 4587 1812 4691 Cin‘sti
1823 4619 1878 4665 nec
1894 4596 1931 4668 in
1944 4597 2061 4695 aposto·

410 4699 476 4771 ism
498 4717 539 4772 ep
558 4696 752 4762 extendatur
780 4689 975 4774 similitudo,
1003 4697 1093 4779 qnod
1110 4697 1225 4768 vincu·
1250 4693 1278 4766 li
1298 4691 1408 4765 uerbis
1429 4686 1611 4762 diuortium
1634 4690 1744 4786 quood
1772 4692 1948 4769 uinculum
1972 4694 2061 4768 bobes

409 4793 481 4864 lum
500 4785 649 4884 conjugii
662 4791 758 4858 duret
787 4811 856 4860 toto
874 4813 1026 4877 tempore
1050 4793 1125 4861 vite
1143 4795 1225 4866 alte·
1241 4789 1511 4884 fundumentum.
1561 4794 1621 4861 Sed
1644 4790 1764 4860 herde
1783 4815 1819 4863 re
1838 4817 1880 4862 ex
1900 4817 1995 4868 anteo
2016 4795 2059 4863 di·

408 4894 477 4963 rius
497 4890 664 4975 conjugis,
689 4907 798 4957 tamen
825 4887 907 4958 nihil
928 4888 1017 4960 aliud
1032 4885 1149 4959 inferri
1165 4915 1225 4980 po·
1249 4893 1310 4961 &ia
1333 4891 1493 4976 judicium
1517 4886 1587 4958 fieri
1604 4890 1718 4973 potest.
1771 4897 1811 4980 4)
1830 4888 1927 4964 Illud
1943 4893 2059 4991 aposto·

411 4991 509 5067 terit,
533 4987 734 5076 quomquod
754 4987 1002 5056 mnrimonium
1019 4980 1098 5058 inse
1118 4996 1152 5060 δι
1173 4984 1227 5061 sur
1250 4990 1297 5066 li.
1322 4983 1496 5058 scientibus
1524 4989 1632 5078 legem
1653 4985 1792 5072 loquor,
1818 5012 1841 5061 a
1867 4986 2058 5065 Theodorus

408 5107 529 5167 actoru
541 5077 785 5160 consideratum
803 5081 842 5155 lit
868 5081 1040 5160 vinculum
1059 5082 1228 5165 indissirlu·
1255 5084 1295 5164 ὅ
1312 5085 1494 5187 Antdtofio
1515 5085 1697 5187 exponitur
1717 5084 1758 5159 de
1778 5085 1851 5187 segc
1871 5104 2000 5167 nutura
2015 5085 2058 5160 uel

1977 5207 2061 5264 evae
