4884 5984
681 531 1079 622 ,oeconomias
1126 532 1389 611 oraturum
1439 533 1757 619 Necessum.
2038 557 2087 639 ῃ

338 787 343 794 -
372 728 657 829 quod-repetitur
674 741 777 816 Deut.
800 743 842 812 v.
871 738 924 811 16.
953 735 1077 810 Matth.
1096 727 1171 810 XV]
1187 761 1220 832 4.
1247 759 1303 810 tur
1315 735 1457 811 traditur
1470 740 1612 829 patellas
1627 743 1761 831 nuptias
1776 735 1851 816 filie
1866 736 2084 832 impediendi.

373 833 457 929 eph.
478 842 543 913 vt.
568 860 601 911 e.
624 833 780 911 Cot-111.
802 861 861 912 20.
882 833 940 907 ubi
959 858 1111 912 notanter
1130 841 1221 911 addi.
1246 842 1348 910 Exod.
1367 842 1459 912 XXl.
1485 858 1537 910 ιο.
1559 848 1612 928 jus
1636 841 1751 931 patriar
1772 842 1940 929 potestatis
1965 866 2005 915 eo
2026 873 2084 921 ex.

373 954 460 1022 turs
479 941 574 1027 quod
591 934 656 1015 filii
670 935 811 1009 debeant
826 934 1068 1015 abedircnord
1080 932 1220 1026 redita,
1245 937 1413 1017 tenditur,
1436 938 1525 1026 quod
1542 961 1639 1028 pater
1654 942 1754 1016 etiam
1769 937 1907 1035 servom
1930 939 2000 1017 lilio
2025 941 2083 1022 suo

367 1040 594 1135 peremnia,
622 1046 656 1113 δι
681 1038 716 1109 in
744 1037 920 1122 omnibus,
948 1061 1019 1125 quar
1041 1034 1139 1110 liberi
1160 1063 1218 1128 pa.
1243 1060 1381 1108 uxorem
1397 1037 1476 1108 dare
1490 1035 1615 1124 polilt,
1640 1040 1713 1134 (ita
1744 1041 1833 1112 enim
1860 1039 2086 1121 Hebraeorum

377 1135 531 1209 rentibus
559 1133 625 1208 suis
655 1136 818 1227 praeliare¹
837 1158 1001 1211 tenentur.
1073 1140 1104 1211 si
1125 1145 1215 1225 juxta
1242 1137 1392 1226 magistri
1419 1135 1656 1213 textumillum
1677 1140 1865 1228 expouuut)
1885 1164 1925 1212 ex
1947 1166 2015 1232 quo
2040 1143 2085 1220 stt
2193 1215 2196 1224 .

378 1231 615 1327 prescriptum
634 1233 732 1323 huius
753 1235 913 1327 precepti
937 1235 1036 1308 liberi
1059 1259 1216 1310 tenentur
1238 1232 1430 1306 inferimus:
1455 1236 1488 1306 Si
1508 1238 1622 1324 patriar
1640 1234 1981 1327 paternianum,
2003 1241 2084 1322 filia

378 1334 565 1419 honoram,
589 1333 812 1418 obedientiam
837 1345 873 1410 ὰ
896 1330 1132 1423 subjetlioncm
1156 1363 1216 1427 pr·
1238 1339 1386 1421 mnndum
1401 1334 1620 1424 constupratae
1632 1337 1881 1410 matrimonium
1890 1344 2083 1423 ratum,uel

380 1436 533 1511 rentibus
552 1436 588 1507 in
606 1432 780 1515 omnibus,
802 1457 875 1524 quae
903 1436 1023 1507 diuinae
1052 1433 1119 1530 legi
1147 1461 1214 1509 non
1240 1434 1372 1505 irritum
1397 1428 1529 1524 facere,
1556 1433 1668 1508 multo
1684 1437 1792 1527 magis
1805 1438 1895 1510 idem
1916 1444 2086 1528 permitti-

382 1541 597 1628 repugnant,
621 1534 799 1625 praestem
823 1533 938 1624 utique
964 1536 1064 1607 etiam
1088 1538 1123 1607 in
1146 1561 1216 1609 ma·
1240 1553 1295 1602 tur
1326 1532 1443 1621 patri,
1491 1537 1623 1623 quando
1651 1559 1705 1610 rer
1730 1532 1840 1608 adhuc
1863 1538 1996 1632 integra
2024 1545 2083 1621 est.

381 1635 701 1708 trimonioineundo
717 1631 922 1706 voluntatem
941 1655 1118 1723 parentum
1132 1637 1214 1712 citra
1239 1634 1301 1704 Sed
1324 1629 1417 1703 illud.
1470 1636 1563 1727 Ergo
1580 1642 1616 1709 δι
1640 1632 1715 1708 hoc.
1767 1631 1940 1736 Posterior
1959 1638 2082 1715 decilio

381 1732 480 1824 liujus
502 1734 663 1826 precepti
689 1730 900 1806 violationem
921 1734 1121 1823 postponere
1146 1760 1215 1808 non
1237 1733 1339 1803 exstat
1357 1735 1461 1804 Num.
1475 1738 1583 1805 XXX.
1604 1757 1640 1829 4.
1694 1730 1882 1832 Mulierst
1904 1737 2108 1837 quidpiam.
2177 1737 2182 1744 ’

377 1829 523 1924 potsunt.
540 1829 665 1905 Matth.
681 1829 765 1904 XV.
781 1853 813 1918 ς.
836 1833 916 1903 dicit
938 1831 1117 1914 Christus,
1145 1835 1215 1907 uio-
1237 1830 1389 1915 voverit,
1420 1825 1462 1903 fd
1470 1829 1982 1932 seconstrinxeritjurumento,
2006 1861 2081 1936 pnae

343 1975 352 1982 -
378 1930 442 2005 hri
463 1931 574 2025 legem
594 1933 636 2004 de
651 1929 850 2004 honorandis
870 1930 1092 2023 perentibus‘,¹
1110 1957 1216 2021 quru-
1237 1933 1280 2030 est
1296 1930 1332 2002 in
1348 1928 1447 2003 domo
1461 1929 1667 2028 patrissui,
1698 1929 1740 2007 8
1774 1934 1811 2005 in
1842 1944 1941 2010 aetate
1968 1939 2083 2017 adhuc

377 2034 422 2105 do
436 2029 534 2104 liberi
551 2027 617 2102 illis
631 2026 738 2101 insciis
755 2026 842 2102 bona
858 2052 1036 2120 parentum
1058 2034 1215 2105 dumelli-
1232 2027 1380 2128 puellari
1386 2056 1396 2112 3
1428 2057 1461 2103 v.
1486 2037 1523 2125 55
1538 2033 1573 2132 st
1599 2054 1637 2103 co
1664 2032 1795 2106 noverit
1816 2045 1918 2129 pater
1938 2043 2079 2130 uatum,
2218 2083 2224 2090 ·

381 2127 647 2218 rasubtrahunt,
663 2139 697 2206 δι
713 2133 788 2201 Deo
805 2130 840 2199 in
855 2129 982 2220 templo
996 2134 1111 2204 eadem
1130 2128 1214 2204 offe·
1238 2128 1326 2226 quod
1337 2127 1493 2228 pollicita
1510 2134 1576 2230 est,
1606 2058 1662 2205 Cf
1663 2134 1910 2228 juramentum,
1937 2160 2000 2234 quo
2021 2137 2080 2214 ab«

324 2225 328 2232 ’
379 2251 481 2314 runt,
521 2252 561 2302 ut
593 2228 730 2320 quidam
763 2226 859 2300 illum
889 2228 1000 2301 locum
1023 2232 1213 2318 accipiunt:
1238 2229 1368 2324 ligauit
1388 2228 1671 2325 animandum,
1700 2229 1741 2305 id
1755 2236 2006 2321 turturinum·
2020 2263 2080 2314 rea

377 2351 502 2420 quanto
517 2351 603 2421 ergo
617 2329 723 2420 magis
739 2326 882 2400 violatur
900 2329 1094 2409 lexdivina,
1109 2344 1213 2416 quan-⁶
1236 2331 1322 2416 erit,
1345 2326 1510 2425 quidquid
1525 2327 1686 2426 pollicita
1710 2335 1753 2434 est
1771 2326 1813 2404 ὅ
1824 2333 1979 2429 juravit,
2003 2362 2080 2436 ope-

378 2431 420 2502 do
447 2428 547 2504 liberi
569 2424 600 2500 se
619 2421 706 2516 ipsos
728 2451 748 2498 e
771 2429 879 2516 patria
898 2430 1057 2518 potestrte
1086 2424 1213 2501 subtra·
1236 2452 1271 2503 re
1291 2427 1480 2523 complebit.
1501 2455 1532 2501 v.
1558 2440 1591 2504 6.
1642 2426 1707 2504 Sin
1732 2441 1843 2505 antem
1872 2434 1982 2510 eodem
2002 2438 2078 2528 cie,

378 2525 480 2611 hunt,
502 2523 626 2611 insciis,
643 2524 702 2598 vel
717 2525 829 2598 invitis
846 2525 1038 2616 parentibus
1058 2530 1211 2618 conjugia
1236 2539 1275 2601 ut
1291 2528 1461 2614 audierit,
1488 2528 1739 2604 contradixerit
1761 2541 1880 2627 parer,
1926 2532 1968 2609 fr
1993 2550 2078 2618 uota
2199 2576 2207 2590 ·

342 2617 349 2624 ’
376 2626 623 2720 toatmhendo?
650 2621 818 2721 Speciulir
836 2629 1037 2717 proponitur
1051 2625 1085 2696 in
1103 2628 1211 2697 omni-
1239 2624 1281 2702 8
1295 2632 1491 2724 juramenta
1514 2631 1584 2725 ejus
1605 2629 1709 2704 irritu
1733 2641 1857 2714 erunt,
1903 2630 2078 2716 Dominus

375 2729 435 2800 bur
447 2723 514 2800 illic
532 2722 702 2815 scripture
719 2726 840 2805 dictis,
866 2728 902 2796 in
922 2726 1041 2814 quibus
1063 2726 1211 2815 parenti·
1234 2730 1404 2826 propitius
1423 2728 1561 2815 eiecit,
1586 2753 1622 2802 eo
1644 2729 1733 2827 quad
1748 2729 1999 2813 contradixerit
2010 2760 2078 2837 pua

377 2821 436 2899 bor
454 2830 577 2900 dantur
597 2845 764 2914 precepta
790 2827 832 2897 de
854 2822 966 2896 liberis
987 2825 1019 2894 in
1041 2824 1206 2896 matrimo·
1235 2838 1302 2912 tert
1328 2855 1368 2902 ex
1390 2853 1457 2917 quo
1477 2854 1495 2899 a
1516 2830 1636 2918 majori
1651 2834 1691 2902 ad
1712 2831 1821 2903 urinas
1842 2830 1886 2904 stc
1902 2838 2077 2914 concludi·

376 2928 432 2999 aio
449 2927 627 2999 elocandir.
649 2929 749 2998 Exod.
768 2928 924 2996 XXXrV.
946 2933 1002 2998 16.
1055 2918 1136 2995 Non
1154 2944 1211 2993 ac·
1234 2953 1330 3000 naus:
1358 2929 1390 3000 Si
1405 2949 1501 3016 pater
1518 2949 1634 2999 votum
1659 2926 1734 3000 lilir
1756 2934 1832 3003 Deo
1850 2929 1976 3009 factm
1997 2963 2079 3012 con.

379 3023 478 3121 cipies
495 3046 637 3100 uxorem
659 3022 754 3123 filiis
774 3022 843 3096 tuis
861 3019 901 3094 de
915 3019 1061 3121 filiabus
1082 3041 1207 3096 eurum.
1235 3027 1426 3098 tradicendo
1448 3028 1554 3115 potest
1579 3029 1711 3099 irritum
1742 3033 1883 3103 reddere
1907 3060 1918 3117 3
1967 3036 2075 3114 multo

379 3128 480 3201 Deut.
496 3121 579 3198 Vll.
595 3146 627 3216 3.
683 3117 920 3196 Filiumtuom
940 3120 1208 3219 nandabirfilio
1234 3126 1339 3215 magis
1372 3121 1622 3213 promissionem
1650 3128 1975 3206 matrimonialema
2003 3133 2073 3212 lilia

375 3226 461 3322 ejas,
478 3221 667 3322 nerfilium
684 3221 777 3297 illius
795 3222 942 3318 accipies
953 3222 1036 3319 filio
1053 3232 1120 3294 tuo.
1137 3227 1206 3312 Jer.
1233 3223 1328 3296 alteri
1356 3221 1478 3295 fatiam
1503 3227 1628 3312 poterit
1657 3226 1785 3296 irritam
1817 3224 1939 3318 lacere.
2005 3238 2070 3311 Sed
2180 3277 2185 3286 ·

374 3329 498 3399 XXlX.
514 3333 548 3396 6.
604 3318 699 3395 Date
721 3319 816 3421 filiis
843 3323 959 3422 uestris
981 3345 1127 3401 uxores,
1166 3315 1208 3393 8
1234 3348 1350 3397 rerum
1370 3324 1473 3410 prius.
1522 3328 1612 3414 Ergo
1628 3332 1661 3397 δι
1678 3325 1850 3412 posterius.
2068 3385 2073 3394 .

367 3421 465 3522 filius
486 3424 613 3524 uestras
628 3421 708 3495 date
722 3422 818 3495 uiris.
833 3422 921 3495 Eccl.
932 3417 1013 3496 Vll.
1032 3440 1090 3512 27.
1124 3415 1208 3491 Tru-
1307 3425 1465 3510 §.LXll
1510 3423 1592 3520 lv.)
1620 3417 1811 3514 Exemplo·
1859 3448 1908 3529 4)
1932 3452 2049 3518 Em,

373 3521 411 3598 de
420 3523 566 3623 filiam}
595 3517 638 3595 Εἴ
679 3520 784 3595 rande¹
801 3543 883 3616 opas
898 3520 1041 3616 ficeris,
1069 3515 1111 3593 &
1129 3521 1206 3592 uiro
1232 3544 1306 3593 rum
1336 3518 1558 3618 probatorum
1589 3520 1811 3598 collationem.
1871 3534 2069 3616 praetempta-

366 3619 502 3721 sensato
520 3544 736 3695 nuceriam.
759 3645 772 3696 t
794 3624 875 3696 Cor.
903 3616 982 3692 Vll.
1009 3635 1065 3708 38.
1136 3615 1208 3716 Qui
1232 3622 1321 3691 Huic
1339 3621 1427 3692 enim
1450 3622 1570 3691 divinae
1587 3622 1809 3702 institutioni,
1873 3608 2013 3704 batorum
2105 3614 2112 3631 '

373 3720 590 3798 matrimonio
600 3722 722 3818 jungit
735 3720 902 3816 uirginem
911 3715 1031 3816 seeum,
1058 3715 1134 3791 bene
1142 3720 1207 3813 sa·
1228 3714 1360 3806 jullroni
1380 3726 1416 3791 δι
1438 3717 1594 3790 decilioni
1623 3717 1810 3792 conformia
1874 3688 2000 3757 ‘⁰⁸⁰²20·

372 3823 440 3912 eir,
463 3823 526 3923 qui
543 3844 611 3896 non
626 3821 768 3920 jungit,
794 3818 912 3892 melius
921 3817 1027 3912 sarit.
1228 3814 1303 3887 litut
1323 3815 1475 3905 exempla
1509 3840 1712 3906 parentum,
1750 3819 1809 3907 qui
1839 3813 1964 3891 liberor
1994 3815 2069 3896 suos

505 3997 511 4008 ,
538 3996 546 4009 ‚
572 3983 584 4009 ,.
703 3932 730 4014 §.
757 3924 845 3994 le.
878 3924 952 4006 lll.)
973 3914 1205 4009 Divinijurir
1227 3912 1418 3995 elocarunt,
1444 3927 1479 3989 &
1494 3918 1630 4006 piorum
1646 3916 1855 3997 liberorum,
1875 3920 1933 4004 qui
1948 3937 2069 4008 pareu-

368 3993 435 4094 3·)
461 3992 576 4088 Dm
626 4021 835 4137 detestantem,
857 4042 998 4106 eamque
1023 4016 1199 4114 duplicem.
1228 4036 1300 4088 tum
1323 4009 1515 4087 consensum
1536 4018 1572 4088 in
1595 4018 1809 4089 matrimonio
1842 4018 1987 4091 ineundo
2014 4047 2070 4094 re.

365 4073 577 4160 mmm
629 4121 736 4197 Pnor
754 4120 957 4210 proponitur
972 4121 1073 4190 Exod.
1090 4121 1200 4191 xxu.
1226 4112 1441 4202 quifivrrunt.
1473 4119 1557 4188 Gen.
1580 4113 1674 4192 XXI.
1700 4137 1757 4190 21.
1807 4110 1916 4211 Agar
1939 4120 2103 4217 accepit
2197 4179 2199 4184 -

324 4215 327 4230 '
368 4227 423 4300 16.
497 4217 546 4300 Si
560 4217 740 4320 seduxerit
760 4219 835 4315 quis
856 4217 1022 4313 uirginem
1046 4240 1104 4290 nec
1122 4214 1202 4288 dnm
1218 4212 1302 4311 filio
1315 4210 1380 4308 sno
1397 4209 1539 4309 Ismueli
1560 4237 1700 4290 uxorem
1717 4212 1757 4287 de
1778 4223 1870 4287 terra
1885 4210 2063 4315 AEgqptie

367 4319 603 4423 desponfirtum
611 4370 624 4405 ,
647 4317 883 4415 dormieritque
896 4341 970 4391 cum
984 4337 1041 4397 ea,
1068 4313 1203 4389 dotabit
1226 4315 1315 4402 quod
1347 4311 1538 4402 exemplum
1567 4311 1777 4408 singulariter
1808 4317 1917 4388 notari
1941 4320 2064 4393 m'erito
2142 4309 2152 4324 ⁸

367 4445 457 4510 eam,
487 4417 530 4498 Θ
549 4418 687 4497 iubebit
706 4443 779 4494 cam
801 4442 953 4493 uxorem.
978 4439 1010 4488 u.
1039 4439 1093 4509 17.
1158 4411 1203 4489 Si
1224 4410 1319 4501 jubet
1340 4409 1373 4483 b.
1395 4410 1561 4485 lutherus
1579 4441 1602 4499 ,ι
1621 4416 1697 4504 quio
1719 4411 1845 4509 lsmuel
1868 4425 1943 4488 erut
1962 4412 2062 4492 dromo
2216 4437 2220 4444 ·

364 4536 462 4622 poter
492 4522 644 4619 virginis
669 4521 750 4596 dure
764 4517 934 4602 noluerit,
974 4509 1073 4588 dubit
1105 4537 1203 4610 pecn-
1217 4510 1317 4606 serus
1341 4508 1382 4585 fr
1406 4513 1568 4618 agrestis,
1600 4538 1662 4584 nec
1690 4535 1802 4585 tamen
1831 4508 1994 4589 recusauit
2017 4520 2061 4596 de

368 4619 459 4699 niam
478 4627 588 4720 juxta
609 4622 743 4696 niodum
765 4617 866 4691 dotis.
895 4622 997 4688 Deut.
1014 4620 1125 4688 XXll.
1143 4637 1198 4709 ²9·
1224 4611 1359 4684 consilio
1376 4613 1491 4683 matris
1507 4636 1643 4684 uxorem
1660 4614 1794 4685 ducere.
1808 4636 1881 4702 cap.
1890 4621 2013 4689 Xle.
2024 4640 2059 4704 ς.

367 4705 559 4816 limpliciter
579 4717 726 4796 dicitur:
761 4714 913 4792 Habebit
935 4736 1008 4787 eam
1030 4737 1198 4796 uxorem,
1223 4707 1405 4786 Abraham
1417 4709 1557 4807 ablegat
1574 4708 1789 4786 Eleazarum
1809 4710 1856 4788 ud
1868 4714 2060 4790 concilian-

369 4827 445 4921 puia
468 4822 670 4898 humiliavit
688 4844 779 4901 eum,
804 4814 1015 4914 non-poterit
1032 4813 1125 4887 illam
1145 4813 1200 4887 di·
1223 4808 1761 4907 darfiliolsuaeonuptiur.nst.
1785 4806 2058 4913 Bathuclfilicm

372 4926 498 4999 mittere
527 4921 652 4998 cannis
687 4919 802 4996 diebus
835 4919 917 4990 vitae
934 4911 1009 5009 suae
1023 4940 1035 4993 ‚·
1071 4910 1124 4988 sed
1151 4939 1194 4988 ex
1225 4908 1411 4982 Rebeccam
1439 4906 1545 4982 isaaco
1569 4906 1769 5000 despondet.
1792 4935 1864 5000 cap.
1894 4920 2054 4992 XXVlll.

367 5015 915 5106 trad.xxt1.t7.manifeunn
947 5017 979 5085 id
1008 5012 1198 5106 intelligen-
1229 5034 1258 5082 r.
1310 5005 1453 5102 Ip‘aacur
1471 5006 1576 5081 filium
1598 5010 1761 5099 Jacobum
1792 5011 1894 5082 mittit
1922 5016 1954 5084 in
1979 5019 2056 5090 Mea
2096 5087 2107 5099 ,

367 5126 439 5198 dum
456 5150 535 5198 cum
552 5103 615 5195 hai:
634 5121 843 5196 conditione,
874 5115 895 5186 li
923 5138 1042 5202 parens
1068 5116 1195 5184 constu-
1222 5102 1436 5195 soporatulam
1451 5155 1461 5190 ,
1479 5128 1524 5194 ¹ut
1546 5133 1683 5184 uxorem
1713 5109 1755 5180 de
1785 5106 1913 5181 filiabus
1943 5114 2057 5184 tahan
2147 5161 2170 5206 .·

362 5228 512 5317 petreia
527 5225 729 5322 conjugium
740 5210 956 5300 consenserit,
980 5212 1112 5309 patenti
1132 5214 1198 5309 igi-
1220 5206 1671 5303 arripiatcap.XXlX.12.
1708 5203 1891 5291 Labaetia
1908 5204 2054 5389 {linbila

342 5347 347 5358 ·
698 5329 719 5402 ᾗ
1439 5323 1454 5356 ³
1565 5353 1567 5358 ,
1787 5381 1826 5401 „
1944 5335 1981 5387 rc
2010 5330 2059 5398 ,e
2094 5387 2193 5425 a..
