4884 5984
333 502 343 517 ’
404 552 478 611 210
538 531 688 605 rocas
713 530 843 602 axio.
870 527 968 603 car.
994 526 1039 601 a.
1067 527 1198 610 srcr.
1213 527 1273 601 111.
1301 524 1483 600 aar-11.
1507 521 1673 598 ateana.
1701 522 1746 596 ti.
1776 520 1915 596 retra·

768 716 798 794 §.
834 706 1024 781 DCXXXI.
1076 709 1211 796 Quaeri·
1244 704 1437 785 observatis
1473 704 1786 778 admonitionum·
1810 701 1915 796 gradi

405 809 475 884 Ν)
497 806 629 887 Nemsae·
677 828 737 880 tur
752 808 829 901 lV.)
850 809 1210 902 Numfiaeaitiaaeque·
1243 806 1395 895 ,ecclefiaej
1422 826 1515 877 coetu
1539 806 1683 889 eiiciat,
1711 802 1780 874 nist
1798 822 1915 873 emens

405 893 475 955 ’Μ’
508 908 630 985 ‘W
679 920 738 976 tur
779 904 985 1000 desertioni?
1032 898 1210 977 Adfirmat
1244 907 1309 996 lit;
1337 925 1416 976 tum
1433 901 1673 1000 amagistratu
1690 902 1915 995 politico‚q

437 966 607 1049 d‘sm¹⁰'¹⁸?
675 1003 1126 1099 Philippus-Melanchthon
1144 1006 1211 1075 hac
1247 1002 1328 1091 ita,
1357 1025 1497 1075 carcere
1514 1011 1547 1074 δι
1567 1001 1689 1072 modis
1709 1000 1798 1071 aliis
1829 994 1915 1067 insat

579 1148 583 1156 ·
679 1104 947 1175 ratiocinatione
964 1102 1072 1175 ulus:
1098 1102 1210 1197 Moser
1245 1104 1318 1174 lam
1329 1103 1510 1195 corrigere
1523 1097 1675 1170 laboret.
1726 1097 1768 1167 Si
1784 1095 1915 1167 saevitia

399 1208 539 1295 propter
556 1200 707 1273 duritiem
727 1204 830 1272 tardis
853 1203 988 1298 coneeffit
1007 1202 1141 1273 libellum
1160 1225 1211 1271 re·
1246 1224 1291 1271 ne
1304 1197 1592 1294 incorrigibilis,
1619 1196 1821 1273 desertioni
1846 1216 1915 1264 non

399 1299 525 1395 pedii,
550 1321 627 1396 ergo
648 1304 744 1371 etiam
773 1305 897 1377 concedi
913 1301 1015 1396 potest
1036 1302 1211 1371 diuortium
1246 1300 1315 1371 rito
1341 1316 1580 1391 comparatur.

401 1407 540 1489 propter
572 1396 718 1493 iniustam
735 1423 773 1470 ae
798 1399 998 1491 desperatam
1017 1400 1210 1471 violentiam.

408 1494 478 1564 Sed
495 1488 804 1570 Christusunicam
819 1500 964 1571 divortii
981 1497 1210 1569 causamcon-
1319 1507 1349 1581 §.
1382 1489 1590 1564 Dcxxxii.
1640 1488 1786 1575 Quaeri-

406 1589 589 1678 lliruens,
617 1615 763 1687 propter
788 1587 1058 1698 aenneoeaodlaer
1087 1598 1210 1684 coniu-
1244 1614 1309 1666 tur·
1328 1593 1398 1684 V.)
1433 1594 1605 1684 Quantam
1626 1591 1790 1682 temporie
1839 1583 1894 1659 ν.)

407 1690 471 1785 gia
504 1683 640 1762 dillolvi
667 1695 793 1765 vetuit.
841 1694 1102 1789 Hemmingius
1134 1694 1211 1793 sua·¹
1235 1693 1385 1787 spatium
1412 1692 1631 1785 requiratur,
1651 1698 1692 1756 ut
1706 1688 1785 1779 quir
1837 1683 1914 1760 ’Ἥ

408 1789 495 1873 det,
520 1795 678 1860 tentanda
703 1794 801 1886 prius
827 1797 957 1889 quaevis
976 1795 1139 1871 remedia,
1153 1792 1209 1890 fin
1244 1791 1384 1884 desertor
1404 1782 1673 1883 praesumatur?
1708 1785 1787 1856 Va·
1835 1762 1915 1888 τε

400 1886 585 1981 periculum
607 1891 693 1959 uitae
709 1892 873 1964 immineat
886 1894 1064 1969 innocentii,
1082 1890 1208 1987 sacien-
1244 1891 1338 1961 riant
1356 1889 1413 1959 hic
1429 1887 1578 1981 leges&
1600 1883 1777 1955 recentio—
1818 1898 1915 1980 sam,

405 1989 481 2055 dam
496 1981 552 2081 effe
559 1985 797 2082 separationem
810 1995 918 2087 quoad
928 1986 1207 2064 similationem.
1244 2011 1328 2059 rum
1345 1986 1548 2059 sententiae:
1576 1986 1600 2055 1.
1622 1982 1724 2052 Uxor
1740 2000 1779 2071 7.
1882 2003 1915 2043 m

405 2086 502 2178 idque
528 2089 573 2153 ad
594 2088 791 2174 triennium,
816 2091 849 2159 iu
868 2090 977 2188 quast
998 2091 1209 2159 reconciliatio
1245 2084 1331 2157 cod.
1365 2088 1408 2155 de
1440 2084 1567 2175 repud.
1601 2082 1777 2177 quadrien·

395 2178 477 2274 fieri
496 2205 565 2251 nom
574 2186 696 2277 poffit‚
722 2185 836 2277 iustum
852 2189 951 2278 censet
964 2184 1210 2280 divortiumfie-
1242 2188 1355 2273 nium,
1379 2182 1405 2254 l.
1430 2182 1572 2252 Uxores
1593 2186 1627 2253 6.
1645 2178 1685 2249 ii.
1703 2180 1747 2249 de
1762 2177 1915 2252 diuortii.¹

383 2281 437 2371 ¹ri
452 2275 566 2375 paffe,
592 2288 717 2354 nocenti
741 2306 815 2355 aera
832 2296 954 2356 amnem
965 2287 1057 2380 spem
1077 2289 1208 2379 nuptia·
1242 2285 1439 2376 quereiam,
1468 2289 1498 2363 §.
1512 2278 1549 2350 N
1552 2280 1708 2349 avimus.
1731 2278 1901 2350 Autiiem.

405 2400 478 2447 rum
509 2380 632 2449 vivente
660 2382 746 2470 laelio
771 2396 871 2476 parte
908 2386 1112 2455 adimendam
1139 2380 1206 2476 ff.
1243 2380 1537 2474 ptiis.decenuiunt
1550 2398 1646 2447 uxor
1666 2373 1813 2447 iubetur
1835 2372 1915 2466 exsp·

405 2474 617 2548 Harbardus
636 2482 764 2551 eodem
783 2480 857 2553 fere
885 2485 992 2554 modo
1016 2502 1061 2552 ex
1079 2482 1207 2575 Philip·
1242 2480 1420 2549 Lutherus
1442 2479 1480 2548 in
1499 2473 1581 2546 libr.
1598 2477 1639 2546 de
1661 2471 1755 2545 caus.
1778 2473 1915 2545 matrim.

403 2595 453 2669 pa
469 2573 655 2667 respondet
670 2580 712 2649 de
735 2581 878 2675 coniug.
896 2603 931 2674 p.
950 2602 1011 2673 93.
1062 2580 1207 2674 Quando
1241 2574 1331 2649 v.f.
1354 2581 1439 2666 256.
1464 2598 1588 2645 annum
1615 2595 1717 2642 anam
1740 2576 1799 2644 vel
1821 2574 1913 2642 etiam

402 2673 488 2743 alter
503 2675 674 2770 coniugum
702 2677 876 2772 (in-quit)
903 2681 987 2747 ailae
1008 2680 1136 2774 infidias
1158 2679 1205 2748 al·
1243 2675 1332 2742 dium
1357 2671 1512 2745 sufficere
1534 2671 1671 2758 censet,
1700 2688 1740 2740 ut
1761 2671 1915 2742 deserat

402 2774 464 2840 teri
473 2769 602 2869 struit,
629 2774 681 2843 vel
691 2775 789 2845 leonis
806 2776 909 2866 itallae
928 2774 1105 2848 inhumana
1131 2803 1206 2852 eru·
1244 2794 1307 2843 1¹08
1330 2772 1526 2864 impelletu
1553 2792 1643 2863 quas
1666 2768 1690 2840 sl
1713 2768 1863 2840 ‘lesem‘
1882 2786 1915 2859 ii*

402 2870 533 2938 delitare
558 2893 739 2964 comparem
766 2875 917 2945 trallnt.
941 2898 995 2945 net
1025 2879 1207 2948 admonitus
1244 2871 1331 2941 citer
1348 2869 1593 2953 contemserit,
1618 2868 1664 2939 ab
1680 2867 1915 2957 ittoiibenpn

403 2971 604 3064 corrigitur,
630 2982 700 3040 tum
719 2974 794 3066 quin
814 2976 943 3065 irrepedit
963 2973 1132 3070 ntnffaria
1141 2977 1208 3068 pie.
1243 2968 1330 3037 ciari
1343 2986 1461 3058 queat.
1509 2970 1634 3058 Kr'tmpt
1647 2990 1684 3035 er
1697 2966 1838 3059 ulsrdeen
1850 2962 1911 3031 erili

401 3069 481 3134 tatis
498 3065 618 3158 officia,
647 3069 858 3165 magistratus
871 3075 1050 3141 autoritate
1069 3097 1206 3142 comcam-
1242 3065 1320 3156 quit
1333 3066 1532 3149 Lametus,
1547 3065 1705 3158 soſstller
1720 3058 1914 3135 rrimmermeln

400 3167 463 3233 dur
480 3162 552 3256 est.
580 3163 629 3239 Cf
649 3168 699 3235 vel
711 3168 916 3260 separation·
938 3173 1036 3261 priter
1059 3174 1104 3240 ad
1127 3184 1207 3240 tent·
1238 3186 1319 3233 tneo.
1345 3162 1443 3235 Beza
1466 3165 1509 3233 de
1534 3164 1606 3235 div.
1622 3186 1659 3258 p.
1679 3169 1764 3245 206.
1790 3166 1823 3235 r'u
1837 3158 1896 3232 etelr

393 3286 462 3356 pas
474 3261 573 3355 salla
591 3270 768 3343 emendatio
785 3266 1056 3341 &reconciliatio
1078 3280 1205 3339 tenum
1236 3261 1361 3357 meumst
1378 3261 1444 3355 lege
1458 3259 1504 3333 Ψ
1523 3285 1611 3331 more
1633 3265 1680 3332 ira
1694 3274 1848 3354 receptam
1862 3285 1875 3328 e
1891 3278 1912 3329 ‘a

398 3350 442 3430 d'a
455 3356 518 3454 est,
543 3360 631 3457 aelst
651 3367 684 3432 ln
698 3367 899 3457 inantanilale
908 3369 1119 3459 pertinaciter
1126 3393 1203 3460 pee-
1238 3379 1354 3429 morat
1370 3408 1383 3447 ‚
1399 3369 1441 3439 ,ue
1464 3372 1645 3452 praeeunte
1674 3361 1817 3457 legilt'mti
1837 3355 1915 3452 engril

388 3459 517 3552 feneret
529 3507 543 3536 ,
558 3461 695 3553 pristena
711 3464 857 3533 innocens
872 3465 1060 3534 intolerabili
1076 3454 1151 3562 iuga
1164 3468 1201 3535 li·
1237 3460 1365 3526 ”octale
1392 3479 1518 3552 quoque
1531 3506 1543 3535 a
1557 3456 1681 3555 fifitrt'
1698 3463 1831 3551 poluit»
1849 3452 1915 3526 limi

397 3559 540 3627 taranta
556 3558 624 3648 est,
650 3584 689 3629 m
707 3558 787 3655 iusta
802 3562 907 3632 dolam
921 3562 1035 3654 staua
1050 3568 1202 3634 marinii.
1236 3565 1299 3625 tem
1324 3552 1371 3629 &²
1391 3559 1515 3626 nanctis
1536 3569 1690 3638 enotata,
1715 3582 1771 3629 nm
1787 3548 1915 3643 ramale

328 3686 337 3697 ·
393 3657 550 3751 guntione
559 3654 722 3749 superata
739 3662 871 3731 alliciat
888 3664 1016 3753 pietalis
1028 3665 1199 3740 exercitia,
1234 3654 1314 3722 diclo
1345 3654 1481 3754 κόψαι
1500 3654 1629 3753 sstente
1653 3705 1666 3733 ‚
1692 3662 1820 3727 tandem
1844 3656 1915 3726 itit*

273 3822 276 3827 .
397 3751 447 3826 it
460 3755 584 3848 aliquid
603 3754 716 3852 inieeste
733 3758 959 3852 ae-clrrijliana
979 3761 1138 3831 natatione
1152 3763 1199 3831 in·
1227 3763 1405 3843 plsstwnle
1419 3764 1487 3823 lum
1509 3758 1542 3824 ln
1570 3756 1706 3853 “defiat
1726 3768 1830 3837 ΜΝ,
1853 3765 1903 3822 ¹⁸⁸

395 3852 539 3953 eligium¹
550 3853 673 3947 saciat.
712 3856 793 3933 ¹Sed
822 3854 1059 3947 ministerium
1090 3861 1199 3931 eccle·
1233 3847 1444 3947 mffgtstrelsss
1460 3854 1733 3943 denuntiatione,
1759 3854 1915 3948 desolati.

396 3948 570 4037 ltasticutn
590 3948 720 4031 severit
739 3952 1044 4027 admonitionibus
1066 3964 1099 4028 δι
1123 3979 1197 4029 ma-
1233 3958 1305 4017 tam
1335 3953 1578 4022 matrimonium
1601 3956 1842 4043 prmamimnr.
1882 3945 1915 4035 Q*

393 4046 561 4142 gistratus
583 4072 723 4123 carcere
744 4048 873 4145 &aliis
884 4046 1010 4144 ,paenis
1027 4050 1210 4126 sevitiam.
1232 4046 1339 4139 resciri
1353 4072 1416 4125 aaa
1425 4054 1595 4144 potnerit,
1622 4076 1685 4147 quo
1701 4054 1766 4123 laco
1777 4051 1915 4144 desertori

392 4145 495 4216 iilam
519 4169 715 4233 coercere,
743 4156 776 4221 δι
796 4140 1091 4243 per'iutatoriatn
1106 4174 1195 4227 cau·
1221 4145 1350 4236 sertrix
1372 4148 1446 4243 fit,
1471 4152 1664 4244 inquiratur
1686 4152 1721 4221 in
1756 4145 1909 4243 desertionis

393 4243 531 4313 tionem
556 4246 615 4315 vel
647 4247 717 4316 alia
744 4247 863 4317 media
894 4247 1075 4318 innocenti
1102 4251 1195 4343 parti
1221 4242 1368 4341 filiffl·
1388 4249 1569 4317 iurammta
1581 4248 1737 4340 praestito
1760 4241 1915 4341 constanti

391 4337 592 4433 prospicere
616 4341 731 4413 debet.
781 4343 818 4415 Si
847 4342 938 4416 'nihil
961 4342 1193 4436 proficiatur,
1229 4343 1390 4436 bonafide
1406 4368 1527 4414 olorum
1548 4371 1680 4439 operam
1697 4353 1830 4421 &alama
1853 4355 1915 4431 “ll

393 4439 512 4530 quoad
534 4439 834 4513 cohabitationem
858 4442 903 4515 ad
931 4460 1073 4536 tempus
1100 4443 1194 4537 sepa·
1225 4464 1273 4537 ga
1291 4441 1427 4535 perfima
1447 4446 1672 4531 iraaeniretar,
1699 4445 1915 4532 &deistunt

389 4536 480 4609 ratio
511 4539 712 4632 coniugum
731 4536 817 4613 fieri·
834 4536 945 4635 potest
968 4586 981 4626 ,
1006 4540 1118 4613 donec
1140 4564 1192 4612 re·
1228 4541 1312 4607 tione
1321 4539 1419 4633 fieret
1440 4547 1581 4620 terrine,
1603 4542 1767 4636 postrema
1790 4571 1826 4615 ne
1837 4544 1870 4631 le
1888 4558 1915 4632 aa

389 4635 589 4708 conciliatio
609 4634 795 4729 sequatur,
814 4634 1064 4732 neq'uetamen
1077 4641 1120 4711 ad
1135 4663 1191 4712 co·
1227 4640 1301 4707 novi
1324 4641 1520 4710 matrimonii
1535 4643 1677 4737 potestas
1695 4642 1771 4729 fieri
1784 4648 1884 4715 debet,
1905 4654 1915 4697 ¹

385 4729 614 4821 habitationis
634 4731 892 4828 separationem
902 4737 937 4806 in
956 4735 1035 4807 casu
1052 4735 1190 4809 saevitiae
1224 4736 1434 4827 praestetim,
1460 4762 1541 4835 quae
1560 4745 1716 4812 maritam
1722 4744 1816 4838 sequi
1829 4731 1915 4832 alioqui

383 4826 453 4897 cito
466 4848 507 4898 ac
523 4850 656 4899 temere
669 4831 980 4922 descendendum,
995 4832 1053 4905 sed
1068 4830 1191 4906 omnia
1225 4846 1342 4914 netur,
1360 4840 1555 4933 priusquam
1573 4844 1773 4913 conuenienti
1787 4837 1909 4935 tampnis

348 4978 351 4987 .
383 4925 488 5017 prfus
502 4928 621 4998 media
642 4950 683 5001 ac
698 4932 857 5011 remedia
881 4933 1047 5003 tentanda
1065 4951 1143 5003 tum
1168 4953 1190 5004 a
1224 4934 1289 5012 llo,
1315 4961 1402 5006 anno
1412 4950 1519 5029 puta,
1544 4942 1595 5009 vel
1608 4942 1743 5039 etiarnsi
1753 4966 1830 5035 opus
1843 4934 1915 5029 fillo

382 5020 579 5094 miiisterio
608 5026 862 5118 ecclesiastico,
885 5032 988 5123 quod
1010 5028 1130 5099 trucem
1152 5033 1189 5100 ii·
1222 5044 1427 5128 retempere,
1444 5036 1914 5136 absentisreelitumerclpellatil·

379 5119 448 5194 lem
478 5122 630 5210 namra,
659 5147 699 5205 ut
726 5148 876 5206 vocatur
904 5129 1014 5205 Sirac.
1041 5130 1102 5219 lV.
1127 5152 1185 5229 35.
1225 5128 1365 5209 bericus
1378 5133 1528 5215 Gentilis
1541 5137 1623 5212 libr.
1633 5137 1695 5210 Vl.
1710 5139 1754 5213 de
1768 5148 1915 5247 nnptcai
