4884 5984
526 526 638 638 aar⁴
751 522 901 595 tocvs
926 471 1050 596 xnus.
1098 525 1257 599 rann
1309 524 1454 594 nens.
1472 525 1515 593 ιι.
1569 521 1677 594 nur.
1693 523 1735 590 ιι.
1787 518 1902 593 osus
1915 520 1943 590 ι.

534 711 584 787 la:
624 710 716 813 Quot
733 711 817 811 ssent
831 716 1004 814 persone,
1028 732 1079 796 tot
1090 719 1175 819 sunt
1193 715 1346 813 gradus,
1367 718 1512 817 persona
1550 715 1656 815 distat
1683 739 1704 788 a
1731 715 1874 816 stipite,
1908 712 2047 789 totidem
2076 712 2183 788 etiarn

526 817 731 889 .tsnadesnta
749 816 820 914 stus
839 815 990 910 sublata.
1044 826 1123 893 ldeo
1146 842 1258 891 sutem
1283 842 1347 888 una
1370 816 1539 915 gradibus
1557 818 1644 889 inter
1658 814 1698 912 se
1721 817 1863 915 destant,
1886 811 1937 889 nd
1951 810 2182 912 ydgrqt'w'-

539 909 679 1002 persona
702 920 865 987 demenda
882 923 927 992 eil
940 924 971 990 in
991 927 1156 1011 graduum
1172 938 1346 1003 computa·
1370 916 1429 1016 red
1438 914 1505 1001 lact
1524 913 1586 991 nal
1602 914 1775 1000 dnnn'elort
1797 913 1879 1000 t’trlr
1902 907 1986 996 lea,
2014 937 2050 982 ιιι
2078 911 2183 988 haber

540 1013 655 1094 tione,
678 1019 753 1102 quia
773 1009 919 1103 personae
942 1017 996 1090 lsie
1016 1045 1082 1090 non
1100 1014 1348 1089 confideruntur-
1372 1017 1572 1089 Euclidoeum
1594 1017 1797 1105 principium
1814 1012 1871 1083 lib.
1895 1017 1922 1083 l.
1935 1035 2014 1104 pag.
2035 1037 2065 1098 3.
2088 1013 2182 1107 Quia

541 1107 717 1208 absolute,
752 1112 804 1186 sed
830 1114 935 1189 'relate
961 1119 994 1187 in
1025 1141 1143 1188 mutuo
1167 1110 1348 1201 respersu,
1373 1142 1454 1189 vero
1469 1115 1605 1202 proprie
1623 1110 2181 1204 &adcurateloqueudononqua

541 1233 703 1298 quatenus
733 1213 803 1285 aliae
825 1211 903 1285 olias
928 1240 1118 1306 generant,
1151 1240 1189 1285 ae
1211 1210 1347 1285 elieth
1372 1220 1458 1286 ritur
1476 1236 1532 1283 aut
1550 1209 1771 1301 supputatur,
1795 1234 1876 1298 quot
1903 1210 2063 1299 gredibus
2088 1212 2178 1284 inter

541 1307 613 1380 aliis
636 1334 864 1402 generantur,
886 1318 1029 1404 proinde
1050 1319 1083 1385 in
1106 1314 1191 1384 lanea
1214 1308 1348 1382 descen·
1372 1310 1402 1384 le
1416 1309 1563 1402 personat
1583 1313 1645 1381 illae
1667 1312 1819 1381 distent?
1840 1304 1895 1380 sed
1914 1330 1996 1394 quot
2017 1307 2179 1397 gradibus

540 1410 642 1481 dente
661 1414 843 1484 demendas
857 1417 903 1483 est
922 1415 1043 1503 llipes,
1077 1438 1175 1500 aquo
1190 1408 1348 1499 suppute-
1371 1439 1389 1483 a
1407 1412 1578 1482 communi
1594 1412 1701 1497 stipite
1714 1403 1843 1478 abfint?
1860 1427 2001 1496 propter
2017 1415 2112 1495 cujus
2125 1405 2179 1482 rel

541 1507 591 1576 tio
604 1509 800 1591 inchoatur,
824 1513 859 1579 in
877 1511 963 1583 linea
978 1508 1195 1583 adscendente
1210 1514 1346 1580 demen-
1372 1510 1666 1601 propinquitatem,
1686 1507 1738 1578 uel
1763 1508 1947 1578 distantiam
1969 1501 2178 1594 conjunctio·

480 1631 481 1636 ¹
542 1607 648 1677 duell
680 1606 970 1697 personantium,
1000 1637 1019 1684 a
1039 1636 1102 1698 qua
1128 1612 1242 1680 iridens
1271 1604 1345 1695 sup·
1371 1635 1428 1682 nes
1447 1608 1499 1680 sel
1518 1606 1713 1696 prohibitae,
1741 1606 1793 1676 rel
1809 1600 1969 1695 permillae
1986 1600 2080 1684 sunt,
2102 1608 2179 1679 ideo

540 1707 720 1794 putationis
740 1707 776 1779 fit
800 1709 959 1788 initium,
990 1711 1065 1797 quia
1087 1712 1184 1798 stipes
1201 1705 1348 1777 corissde-
1370 1707 1523 1799 regulam
1544 1704 1635 1777 illurn
1656 1706 1897 1777 canonistarum
1915 1704 2049 1791 quidam
2068 1701 2113 1778 fic
2126 1707 2176 1778 iu·

541 1826 635 1876 ratur
657 1832 693 1878 ut
713 1831 903 1897 generans,
927 1832 994 1877 nun
1019 1810 1118 1879 etiarn
1141 1829 1178 1878 ut
1204 1829 1346 1897 genera·
1371 1805 1539 1878 fortnaut:
1569 1799 1653 1902 Quae
1664 1800 1812 1900 personae
1826 1793 1999 1897 aequaliter
2019 1825 2043 1873 a
2058 1803 2178 1904 stipite

540 1920 617 1988 tus,
640 1929 678 1976 ae
695 1902 833 1993 persona
855 1905 966 1977 infima
986 1905 1210 1978 confideratur
1231 1926 1266 1972 ut
1288 1927 1346 1991 ge·
1371 1904 1514 2005 distant,
1544 1915 1614 1976 tuto
1629 1901 1741 1999 gradu
1761 1904 1905 2001 distant,
1922 1910 2046 1996 quanto
2060 1901 2179 1998 quanli⁴

539 2003 627 2088 nita,
648 2030 717 2075 nou
742 2008 841 2076 etianr
872 2027 907 2075 ut
924 2030 1113 2095 generans,
1143 2002 1346 2075 intermedie
1372 2005 1424 2078 bet
1441 2029 1463 2076 a
1477 2003 1594 2105 stipite
1620 2001 1749 2104 distat,
1779 1998 1833 2073 uel
1856 2002 1892 2073 in
1919 1999 2035 2075 ordine
2061 2012 2176 2076 tranr-

541 2101 792 2190 ¹consrderqntur
815 2125 851 2173 ut
875 2107 995 2194 genitae
1026 2100 1176 2193 respet‘lu
1201 2098 1347 2191 superio·
1370 2103 1481 2200 uerso,
1495 2106 1528 2203 fi
1541 2100 1774 2198 drtaepersonae
1789 2121 1877 2196 aeque
1896 2097 2015 2199 distent
2034 2122 2057 2172 a
2073 2102 2177 2201 stipi·

541 2224 643 2287 runt,
671 2212 752 2275 ut&
767 2227 963 2293 generantes
977 2198 1127 2290 respectu
1137 2199 1347 2276 inferiorum,
1371 2216 1421 2284 te,
1447 2212 1497 2275 tot
1515 2200 1681 2297 gradibus
1705 2201 1828 2299 distare
1848 2199 2025 2281 dicuntur,
2115 2213 2130 2275 t
2154 2221 2179 2275 a

540 2296 619 2370 inde
640 2300 797 2392 regulam
818 2298 910 2372 illam
932 2298 1017 2397 juris
1037 2304 1186 2372 carronici
1211 2302 1480 2403 quidam-stipite
1507 2299 1661 2396 quenlibet
1688 2300 1822 2374 illarum
1855 2298 1991 2397 distem
2038 2223 2177 2374 gedam

540 2397 642 2485 paulo
660 2398 790 2486 plenius
807 2397 850 2472 fic
868 2422 1060 2490 exponunt:
1094 2395 1156 2473 Tot
1164 2398 1249 2495 sunt
1265 2419 1346 2491 gra·
1370 2408 1486 2474 eodem
1506 2403 1604 2473 redit.
1658 2406 1766 2486 nsque
1792 2399 1846 2469 hic
1866 2399 2012 2470 occurrit
2037 2399 2179 2472 diverti-

417 2523 420 2530 ’
540 2493 623 2581 dns,
647 2509 727 2592 quot
739 2497 914 2595 personae,
931 2485 1066 2594 scilicet
1092 2501 1127 2571 in
1151 2494 1225 2597 ipsa
1249 2520 1346 2590 gene·
1370 2524 1417 2572 tas
1437 2504 1524 2571 inter
1540 2502 1621 2586 jnris
1640 2498 1745 2569 civilis
1769 2516 1803 2569 oe
1823 2499 1973 2568 canonici
1997 2503 2176 2586 consputa·

541 2593 683 2667 ratione.
750 2595 794 2670 In
825 2596 915 2670 linea
937 2594 1155 2691 ¹descendente
1191 2606 1243 2670 tot
1261 2592 1345 2690 stent
1369 2605 1504 2672 tionem.
1557 2595 1659 2666 Verbi
1678 2594 2180 2692 carrisquaeritur,quotogrt·

539 2694 687 2788 gradus,
712 2709 793 2792 quot
816 2694 965 2794 personae
988 2710 1166 2791 generatae.
1218 2693 1260 2766 In
1284 2694 1345 2765 ad·
1368 2706 1413 2770 du
1427 2699 1545 2770 distent
1562 2693 1642 2767 Esau
1660 2706 1692 2768 δι
1712 2695 1890 2768 Rebeccae

532 2789 708 2890 scandente
731 2808 782 2870 tot
805 2796 891 2891 sient
910 2799 1063 2893 gradus,
1094 2807 1175 2897 quot
1195 2792 1344 2893 persone
1690 2791 1818 2881 lirare,

539 2905 742 2989 generantes.
795 2898 897 2968 Verbi
917 2893 1007 2968 causa
1027 2896 1343 2987 quandoquaritur,
1516 2893 1657 2969 Naclror
1855 2891 2038 2970 Abrabam

541 3014 645 3081 quoto
661 2999 767 3085 gradu
781 2999 868 3069 Dino
885 2993 980 3069 dinei
997 2996 1037 3068 ab
1057 2990 1276 3071 Abrabamo‘l
1296 2996 1345 3072 ibi
1513 2991 1658 3068 Betlrncl
1726 3058 1729 3062 .
1854 2992 1957 3089 [strae

541 3115 701 3164 enumero
721 3092 875 3184 personas
900 3098 933 3166 in
952 3102 1167 3188 generatione
1184 3100 1279 3170 Dine
1302 3098 1344 3169 ab
1517 3093 1662 3168 Rebecca
1856 3091 2002 3192 Esavus.

541 3186 733 3261 Abrahamo
750 3194 959 3267 intermedias
976 3199 1164 3288 Jacobum,
1188 3194 1343 3277 litatum,
1368 3198 1554 3267 Secundum
1569 3196 1660 3288 juris
1681 3193 1795 3268 civilis
1818 3193 2102 3283 computationem
2123 3194 2178 3266 dir
2211 3181 2219 3214 ’

541 3284 788 3372 Abrabamum,
812 3304 846 3367 δι
863 3299 974 3366 denna
998 3292 1134 3387 persona
1155 3279 1267 3367 infima
1294 3300 1343 3370 in-
1368 3297 1450 3365 llure
1473 3298 1630 3364 dicuntur
1649 3293 1760 3386 gradu
1772 3289 1896 3388 sexto,
1924 3295 1999 3380 quia
2016 3313 2083 3362 tres
2098 3285 2177 3363 sunt

541 3387 638 3458 venio
655 3410 720 3459 tres
735 3390 888 3477 personas
905 3418 1090 3476 rennuere,
1105 3400 1178 3467 ideo
1196 3421 1342 3483 pronun·
1367 3395 1595 3482 generationes
1605 3389 1831 3463 adicestdendo
1848 3387 2175 3465 aRebeccaadT-ha.

540 3486 591 3556 tio
605 3487 729 3562 Diuum
745 3487 786 3560 ab
803 3490 992 3563 Abrahomo
1009 3498 1107 3566 tertio
1126 3498 1233 3584 gradu
1249 3498 1343 3566 dilla-
1368 3516 1403 3561 re
1422 3502 1455 3563 &
1475 3515 1541 3560 tres
1562 3489 1634 3560 lunt
1656 3495 1885 3580 generationes
1902 3486 2132 3560 descendendo
2155 3513 2175 3562 ι

507 3608 584 3655 re.
639 3590 684 3656 Ex
709 3612 775 3676 quo
792 3597 949 3679 adparet,
972 3597 1004 3663 in
1037 3593 1123 3666 linea
1147 3598 1236 3664 tedia
1262 3595 1343 3680 juris
1366 3590 1477 3661 Thare
1507 3615 1609 3676 usque
1631 3595 1669 3658 ad
1699 3585 1848 3660 Esavunr.
1899 3592 1961 3660 Sed
1991 3583 2188 3659 secundum·

537 3679 692 3758 civilis&
708 3691 856 3759 canonici
876 3687 1156 3777 computationem
1176 3695 1343 3764 coincide·
1362 3689 1452 3782 juris
1487 3688 1639 3758 canonici
1671 3690 1951 3777 consputationem
1978 3687 2098 3756 distare
2123 3687 2174 3759 di·

538 3805 601 3862 res
627 3806 707 3868 quot
737 3787 826 3855 enirn
845 3786 1003 3878 gradibus
1024 3800 1115 3879 juxta
1135 3792 1216 3877 juris
1238 3793 1344 3864 ciuilis
1366 3809 1488 3858 cuntur
1508 3788 1606 3860 tertio
1629 3785 1756 3881 gradu,
1782 3790 1857 3874 quia
1876 3782 2031 3873 quelibet
2052 3781 2171 3855 horum

537 3876 803 3967 supputationem
819 3886 854 3956 in
874 3887 956 3958 linea
970 3894 1058 3962 reda
1073 3886 1284 3980 personauna
1301 3889 1342 3980 ab
1367 3882 1583 3975 personarum
1603 3888 1701 3956 tertio
1721 3891 1827 3977 gradu
1849 3888 1944 3955 distat
1963 3911 1981 3953 a
2001 3882 2171 3954 communi

539 3974 646 4059 altera.
659 3980 770 4062 distat,
795 4005 846 4056 tot
869 3989 968 4056 etiarn
983 3991 1141 4081 gradibus
1153 3989 1244 4077 juxta
1261 3992 1342 4076 Juris
1367 3987 1495 4071 stipite,
1531 4008 1567 4056 ut
1589 3987 1712 4055 constat
1743 4010 1782 4055 ex
1802 3982 1918 4075 regula
1941 3982 2075 4071 priora,
2101 4005 2173 4068 que

538 4079 687 4149 canonici
714 4075 979 4170 suppurationem
1014 4088 1055 4157 ab
1081 4093 1196 4161 eadent
1224 4089 1341 4160 distare
1366 4089 1406 4156 de
1426 4086 1508 4155 linea
1527 4088 1615 4155 tedia
1632 4081 1694 4153 fuir
1710 4084 1839 4155 tradita.
1889 4087 1943 4153 De
1963 4081 2048 4152 linea
2070 4079 2170 4152 colla·

538 4176 816 4266 deprehendetur.
867 4186 927 4254 Sed
953 4186 987 4255 iu
1017 4182 1104 4258 linea
1131 4184 1340 4271 collaterali,
1366 4183 1459 4252 terali
1490 4179 1640 4269 inaequali
1671 4184 1704 4252 in
1738 4189 1811 4269 jure
1840 4182 1999 4252 canonico
2030 4180 2171 4249 traditur

526 4273 603 4347 'live
623 4276 804 4350 transversa
824 4285 969 4353 occurrit
985 4280 1183 4360 differentia.
1239 4291 1341 4361 Unde
1366 4281 1434 4352 hec
1454 4282 1593 4373 regula:
1628 4275 1711 4375 Qua
1722 4278 1871 4376 personae
1889 4275 2101 4373 inaequaliter
2119 4276 2183 4376 aig

538 4374 690 4449 uersiculi
708 4378 1013 4455 circumferuntur:
1358 4385 1483 4483 flant„
1497 4390 1567 4452 toto
1593 4380 1704 4473 gradu
1726 4379 1873 4548 distant,
1898 4389 1996 4475 qnoto
2012 4377 2171 4450 remotior

523 4471 528 4480 ’
1088 4475 1093 4487 ’
1366 4505 1387 4553 a
1408 4480 1524 4581 stipite
1545 4480 1647 4578 distat
1660 4507 1672 4558 ;
1711 4508 1750 4551 ve
1788 4502 1824 4549 ut
1843 4479 1898 4548 alii
1919 4473 2094 4550 efferunt:
2127 4471 2170 4548 In
2207 4475 2219 4482 ’

1366 4583 1457 4655 linea
1471 4576 1660 4673 transuersa
1683 4577 1843 4674 inequali
1869 4588 1920 4649 tot
1937 4573 2103 4671 gradibus
2119 4576 2170 4648 in⁴

688 4746 695 4758 .
771 4750 777 4763 .
1035 4756 1041 4771 ,
1367 4692 1416 4754 ter
1432 4676 1470 4776 se
1489 4680 1638 4778 distant,
1660 4688 1740 4773 quot
1762 4674 1926 4773 gradibus
1948 4675 2052 4775 distat
2083 4674 2168 4756 ille,

535 4745 624 4817 Cum
644 4769 730 4816 eorm
756 4745 842 4820 lanea
862 4751 1058 4823 collaterans
1088 4752 1124 4826 stt
1152 4752 1206 4828 rel
1233 4772 1342 4847 aequa-
1366 4781 1424 4877 qm·
1448 4803 1469 4850 a
1484 4779 1599 4879 stipite
1625 4780 1668 4875 ‘ll
1684 4780 1853 4851 remotior·
1919 4786 2021 4847 stem:
2053 4771 2169 4851 Dm,

534 4840 592 4958 Ῑῖἷι
609 4842 660 4915 “¹
679 4845 865 4961 ‘ididam’
882 4853 1010 4923 ld⁶⁰d²
1026 4862 1337 4942 utra‘1¹¹⁸l13‘ffil0‘
1363 4882 1505 4953 minatio
1519 4877 1685 4974 graduum
1706 4878 1741 4949 in
1759 4878 1848 4949 linea
1866 4873 2025 4971 inaequali
2040 4872 2169 4966 stamen·

533 4968 645 5014 nrcurn
669 4947 833 5018 dsllrnd‘tas
855 4952 955 5021 tradit
982 4953 1125 5043 regulas.
1176 4958 1229 5025 De
1251 4951 1336 5022 linea
1360 4980 1407 5053 da
1428 4982 1470 5078 est
1497 4975 1679 5075 “persona
1708 4979 1893 5050 remotiore,
1948 4961 2052 5046 verbi
2075 4970 2168 5047 taust

534 5041 718 5156 collaterali
729 5047 1337 5167 aequalitraditurhaecregula:'Quot
1361 5082 1519 5166 quaritur
1537 5134 1547 5166 ,
1587 5100 1689 5171 quoto
1724 5080 1830 5172 gradu
1862 5078 1980 5151 distent
2004 5073 2110 5165 Jacob
2135 5084 2169 5149 dt
2213 5157 2217 5162 ,

518 5142 698 5238 gradibus
721 5168 757 5217 en
780 5145 870 5222 linea
899 5148 1085 5229 collaterali
1121 5153 1244 5252 aquati
1268 5174 1336 5226 nna
1360 5177 1489 5256 Rnchgl
1502 5195 1513 5250 ι

851 5277 857 5288 ·
1022 5293 1029 5302 -
2085 5271 2174 5354 lla·

577 4521 636 4583 Per
657 4523 765 4586 retium
777 4527 868 4610 filans
887 4533 1064 4596 concordant
1083 4538 1212 4612 utraque
1225 4530 1312 4615 jura.

576 4613 635 4675 Per
655 4620 883 4702 transversatur
895 4623 1045 4707 superant
1066 4626 1178 4707 legalia
1192 4629 1279 4713 jura.
