4884 5984
559 457 685 532 nus
713 447 942 532 susurrus
988 452 1250 530 snounms
1298 451 1353 528 ru
1407 454 1523 546 Jvns
1571 405 1756 535 orento.
1886 459 1976 562 urs
2063 529 2071 536 .
2178 479 2182 488 ·

334 657 468 752 orgiht.
499 659 528 747 ς.
556 659 644 747 267,
665 651 766 743 plene
794 647 1030 744 exposuimus,
1056 673 1129 741 quse
1154 648 1267 750 ligore
1283 647 1434 750 poffimt,
1459 675 1500 725 ac
1516 652 1659 752 proinde
1683 643 1872 728 noss'eneut
1894 654 1967 731 isse·
2036 691 2041 696 ·

334 753 394 830 itur
413 755 482 829 hoc
502 755 578 828 loco
605 755 795 844 repetendo.
848 751 993 825 violatio
1014 751 1129 843 legum
1153 754 1280 847 gitinta
1301 753 1538 839 matrimonio,
1565 756 1629 853 nist
1652 774 1724 850 qna
1742 751 1966 851 probibentur

334 854 537 930 tofitirsrum
549 855 584 925 in
595 853 806 926 matrimonio
815 854 848 923 in
863 847 1043 939 prohibitis
1052 873 1130 941 grn-
1154 850 1226 948 lege
1246 850 1409 927 naturali.
1459 847 1560 943 Resp.
1582 853 1732 925 Brentius
1747 876 1815 924 non
1829 849 1964 950 absolu·
2113 885 2118 890 ·

334 955 418 1031 libus
450 955 623 1026 contentio
653 948 781 1043 obligat
806 946 1037 1034 conscientium
1062 971 1130 1019 non
1153 959 1185 1024 te
1207 946 1249 1024 ss
1260 950 1463 1052 stmpliciter
1484 947 1762 1044 legesRomrnss
1784 955 1964 1028 enuntiet.

334 1053 443 1130 lirelie
464 1048 507 1126 6
527 1049 737 1130 immediate,
753 1046 839 1120 ficut
858 1046 972 1141 legum
991 1057 1026 1122 δι
1049 1069 1130 1136 pro·
1154 1072 1222 1124 tem
1237 1046 1373 1140 omisisse
1389 1050 1521 1130 statuit,
1547 1046 1602 1122 sed
1610 1047 1791 1147 secusdum
1834 1052 1896 1126 uid
1917 1050 1963 1138 β’

334 1152 522 1227 tibitionum
538 1154 726 1223 divinorum
752 1147 909 1228 violatio,
932 1142 986 1219 sed
1005 1144 1129 1220 indire-
1153 1161 1242 1224 certa
1258 1146 1425 1246 respedu,
1449 1171 1612 1236 quotenus
1627 1145 1751 1222 seilicet
1766 1071 1835 1222 sesi
1853 1144 1963 1244 subje-

334 1251 365 1330 ie
388 1248 432 1327 ss
454 1248 617 1331 mediate,
650 1272 711 1319 nec
735 1243 886 1342 absolute
908 1242 950 1319 ss
961 1242 1129 1345 fimplisi·
1154 1262 1271 1322 cerunt
1291 1245 1472 1320 renonibus
1495 1244 1697 1335 pontificiis,
1727 1258 1882 1337 tantum,
1909 1254 1962 1325 in·

334 1375 392 1434 er,
430 1348 514 1422 sieut-
532 1349 647 1439 legum
676 1348 865 1417 divinarum
891 1344 1047 1435 violatio,
1066 1340 1130 1439 sed
1153 1350 1246 1435 quit,
1267 1346 1356 1440 leges
1374 1343 1538 1420 Romame
1552 1342 1843 1432 aulneuidentar,
1857 1372 1963 1447 quun·

334 1460 408 1526 erro
428 1445 588 1547 respeiiu,
614 1440 780 1516 sicilicet
799 1468 839 1517 ex
861 1464 950 1517 certe
972 1441 1128 1533 replens
1153 1457 1224 1518 tum
1244 1446 1359 1518 ualent
1380 1467 1521 1520 canones
1538 1440 1690 1518 Romani
1695 1448 1876 1542 pontificis,
1934 1452 1963 1525 i·
2071 1447 2077 1464 ’

334 1547 453 1627 uentu
478 1548 662 1638 procedet,
688 1568 751 1616 nec
779 1569 799 1614 e
828 1544 1020 1634 magistratu
1041 1542 1129 1614 obti·
1151 1541 1262 1641 burse
1274 1542 1511 1643 subjecerunts
1534 1539 1589 1616 sed
1606 1546 1818 1634 postmodum
1841 1550 1875 1620 di
1890 1572 1969 1625 erte·
2008 1597 2017 1612 -

334 1670 437 1726 ‚eentr
455 1639 672 1737 dispensatio,
699 1643 842 1731 denique
863 1640 998 1714 uiolatio
1012 1636 1126 1733 legum
1149 1646 1265 1725 rddit,
1289 1641 1526 1740 adpellandum,
1546 1636 1607 1739 effe
1634 1641 1678 1718 ab
1702 1644 1962 1741 imperatoribus
2061 1643 2076 1672 ⁵

334 1745 534 1824 olitirrruur
553 1748 587 1816 in
602 1739 779 1832 prohibitis
794 1739 951 1832 gredibus
970 1764 1038 1811 non
1054 1735 1128 1811 effi·
1143 1741 1273 1836 fraude
1284 1743 1484 1841 pontificum
1498 1742 1642 1838 deceptis
1663 1741 1711 1815 ad
1729 1744 1858 1817 eosdem
1877 1745 1961 1823 rede
2089 1758 2091 1762 '
2171 1831 2177 1844 ‚

334 1851 361 1924 it
386 1847 519 1936 nuptias
540 1841 693 1937 nefarias
728 1835 769 1913 si
793 1840 949 1938 incestas,
973 1836 1057 1909 strue
1077 1836 1129 1911 le·
1148 1840 1278 1917 edsius
1303 1854 1364 1915 ant
1384 1864 1406 1914 a
1427 1841 1539 1937 legum
1559 1840 1889 1942 administratoribus
1913 1846 1960 1921 ad

334 1973 400 2037 pm
430 1947 618 2018 diuinarum
640 1940 797 2019 violatio,
833 1934 890 2010 sed
916 1935 1052 2010 inutiles
1083 1932 1125 2010 is
1150 1939 1243 2037 ipsas
1264 1941 1363 2038 leges.
1420 1940 1638 2013 Bellorminus
1663 1939 1824 2014 exclumst
1838 1992 1850 2025 ,
1881 1943 1959 2020 breis

334 2043 570 2133 sidiam-nure
587 2038 736 2111 omnisss
755 2034 862 2120 probe
882 2032 1127 2117 observentur,
1148 2039 1369 2137 adpellationi
1383 2039 1491 2113 lomim
1506 2036 1656 2112 reliiium
1668 2035 1871 2136 estenullum,
1883 2061 1965 2130 sum,

334 2130 1025 2223 ssumumubitcontendistiunisjesuiticae
1038 2137 1121 2206 liru-
1147 2138 1257 2213 adbuc
1285 2139 1384 2215 bodie
1406 2140 1622 2236 imperatores
1641 2138 1731 2236 leges
1751 2136 1836 2235 suar
1857 2166 1958 2217 cano·

334 2253 421 2319 tun.
462 2241 702 2314 Mendacium,
733 2240 823 2322 quod
847 2232 1044 2308 Chemnitio
1065 2239 1125 2305 tri·
1147 2236 1662 2338 nibuspontificiissubjiciaat,
1684 2262 1757 2311 sum
1780 2244 1957 2342 usuprin.
2109 2295 2111 2299 .
2197 2258 2203 2270 ‘

334 2346 409 2426 uit,
431 2337 477 2413 fio
500 2338 626 2411 habet:
655 2331 864 2407 Chemnitias
881 2330 1026 2428 adserit,
1052 2329 1126 2406 Ro-
1145 2340 1242 2434 cipe,
1277 2340 1340 2434 qai
1362 2339 1466 2434 legem
1488 2335 1661 2421 condidit,
1684 2337 1732 2410 ad
1756 2263 1861 2435 segem
1889 2367 1965 2418 nott.

334 2464 454 2518 metum
463 2435 658 2536 pontificem
675 2429 754 2506 uelle
775 2429 996 2528 conscientias
1006 2433 1125 2528 ponti·
1145 2437 1248 2510 liceat
1263 2436 1449 2534 adpellare,
1465 2435 1629 2535 fiquidem
1652 2434 1711 2509 lex
1734 2455 1757 2508 a
1776 2440 1954 2540 principe,
1979 2477 1987 2490 ν

334 2542 404 2617 'uiis
434 2529 724 2637 prohibitionibus
749 2555 816 2604 non
847 2531 961 2605 minus
991 2532 1123 2619 teneri,
1143 2560 1213 2609 non
1240 2548 1352 2610 autem
1378 2537 1531 2633 princeps
1562 2557 1586 2607 a
1622 2534 1694 2631 lege
1721 2535 1955 2616 asbioritatem

334 2663 414 2718 uam
427 2637 571 2712 diuinis.
612 2630 670 2706 At
684 2624 1120 2727 bocnsenduciumeffeper·
1142 2634 1255 2711 babet.
1304 2632 1407 2725 Resp.
1430 2632 1688 2725 adpelletiouem
1709 2633 1871 2729 intelligit
1885 2666 1972 2718 non.
2048 2681 2054 2696 .

334 2737 538 2842 pimm'est,
561 2757 635 2806 sum
646 2729 798 2828 firminus
815 2730 976 2826 pontifex
988 2729 1025 2802 in
1034 2753 1129 2826 pon·
1140 2736 1328 2833 proprie&
1342 2732 1583 2830 judicialiter,
1602 2725 1658 2804 sed
1669 2731 1824 2830 figurate
1839 2734 1881 2811 ii
1892 2764 1953 2814 eos.

334 2841 433 2984 {ficiis
444 2830 735 2937 prohibitionibus
747 2828 839 2926 saeps
865 2824 1030 2925 dispenses
1042 2884 1054 2913 t
1081 2830 1120 2902 in
1143 2845 1201 2908 tra
1217 2834 1409 2932 judicium,
1430 2854 1470 2905 ut
1487 2853 1578 2906 totus
1595 2835 1751 2904 orationis
1778 2858 1951 2914 contextus

334 2939 445 3018 ivistis
460 2954 642 3033 nunqtsom.
691 2927 795 3019 Resp.
816 2930 877 3018 qui
898 2923 1062 3016 dispensus
1081 2931 1118 3002 in
1141 2938 1302 3018 ostendit,
1333 2932 1399 3006 hoc
1419 2933 1508 3005 enirn
1530 2933 1691 3003 duntaxat
1711 2935 1829 3007 docere
1850 2962 1951 3029 expe·

334 3034 597 3115 inhibitionibus
608 3032 740 3116 divinis,
759 3028 818 3100 ille
832 3031 952 3101 eodem
970 3024 1119 3101 loeohe-
1140 3036 1203 3119 tit,
1238 3031 1332 3125 leges
1351 3037 1522 3106 Romanos
1543 3024 1760 3104 conserendis
1786 3029 1850 3108 etse
1869 3060 1949 3111 cum

334 3163 368 3215 et
383 3133 630 3232 prohibitiones
643 3124 832 3221 pontificias
852 3139 887 3201 ot
907 3126 1054 3208 divinas,
1078 3147 1116 3200 ut
1138 3128 1304 3219 mosaicis,
1338 3141 1375 3206 ot
1403 3155 1481 3204 cum
1501 3137 1575 3217 jure
1598 3149 1744 3211 noturae,
1767 3134 1948 3224 exquibus

334 3241 408 3314 reite
426 3236 493 3308 hoc
510 3231 587 3304 loco
604 3230 755 3302 concedit
775 3224 1004 3300 bellarminus,
1029 3230 1118 3299 Pon·
1139 3231 1231 3304 velut
1251 3227 1397 3302 sontibus
1410 3226 1658 3319 profluxerunt,
1673 3252 1741 3300 non
1755 3253 1867 3306 eutem
1881 3236 1950 3314 esi·
2011 3215 2014 3236 ⁵

334 3335 391 3412 tex
410 3317 583 3424 'dispenset
614 3330 651 3399 in
673 3323 957 3417 prohibitionibus
981 3326 1114 3399 divinis,
1137 3333 1262 3422 gendos
1275 3324 1339 3401 esse
1359 3332 1400 3400 od
1416 3352 1568 3399 nonnam
1582 3324 1847 3414 prohibitionum
1864 3358 1950 3423 pon.
2019 3382 2021 3384 >
2159 3385 2167 3396 .
2215 3409 2218 3418 ,

334 3459 401 3530 rgo
418 3435 539 3506 eodem
560 3425 638 3500 loco
654 3423 754 3497 hebet
774 3421 1014 3511 prohibitiones
1028 3449 1114 3512 pon·
1138 3425 1318 3499 tilieinrunr
1328 3475 1341 3511 ,
1361 3425 1484 3515 quibus
1501 3428 1533 3497 in
1548 3421 1681 3497 ecclesio
1696 3429 1816 3499 merito
1838 3433 1947 3504 omnis

334 3533 424 3609 icius
440 3540 477 3606 δι
495 3528 635 3601 divinis.
695 3518 903 3617 Adsunstune
926 3521 1088 3612 probatur
1100 3574 1116 3606 ,.
1137 3528 1316 3599 auotoritas
1327 3523 1521 3616 obrogatur.
1569 3515 1944 3619 Quintamsententiunn

334 3637 386 3709 oio
406 3624 571 3719 dispenset
597 3628 633 3696 in
656 3623 817 3714 gradibus
840 3620 1017 3710 prohibitis
1036 3618 1112 3715 lege
1137 3626 1257 3697 tribuit
1278 3619 1404 3705 Bezae,
1427 3625 1540 3710 quiin
1564 3620 1621 3695 lib.
1640 3625 1684 3694 de
1703 3628 1821 3712 repud.
1839 3653 1877 3701 oc
1897 3628 1949 3701 di.

334 3733 421 3809 irino
447 3727 555 3801 [erit.
580 3720 719 3796 XVlll.
746 3745 785 3793 ut
811 3718 926 3792 multis
952 3722 1115 3811 exemplis
1137 3744 1225 3797 vort.
1256 3727 1309 3815 1.)
1334 3720 1552 3811 reprehendit
1565 3716 1634 3817 step
1657 3724 1841 3797 stationem
1864 3749 1948 3824 gra·
2081 3734 2087 3744 '

334 3826 498 3907 infirmari
529 3821 648 3915 potest.
714 3820 929 3894 bellarminus
960 3825 1113 3911 regerit,
1135 3822 1240 3896 duum
1259 3821 1475 3920 canonicam,
1509 3819 1567 3915 2.)
1588 3744 1759 3909 nubente,
1786 3827 1946 3921 gradus,

334 3926 472 4028 stapad
495 3919 706 4024 Cisristianos
722 3944 788 3993 non
808 3912 867 4016 pffe
890 3917 1040 4004 diuinas,
1056 3915 1113 3996 sed
1135 3924 1194 4019 qui
1214 3924 1250 3996 in
1284 3921 1439 3996 Levitico
1460 3929 1698 4008 numerantur,
1730 3926 1815 4018 jure
1828 3925 1948 4002 divino

334 4021 627 4113 miumpeulo
640 4022 712 4111 post
729 4015 1036 4092 demonstrabimus.
1127 4017 1408 4121 seruandoseffe,
1433 4016 1475 4093 ss
1493 4020 1713 4095 matrimonia
1732 4022 1946 4124 inillisgra·

374 4144 406 4221 ς.
427 4125 618 4202 ccxcsu.
657 4113 1032 4218 Quartamsententirm
1053 4117 1111 4191 tri
1133 4119 1234 4194 dibus
1259 4120 1433 4196 sannatia
1453 4116 1562 4200 nulla,
1591 4116 1643 4218 3.)
1661 4142 1728 4193 non
1738 4118 1853 4219 sirium
1864 4149 1948 4222 gra-

334 4233 379 4304 uit
396 4222 561 4304 Brentio,
579 4221 636 4309 ubi
657 4222 692 4291 in
722 4245 845 4291 comm·
874 4222 958 4289 1-er
977 4213 1115 4288 XVIII·
1135 4221 1197 4293 dus
1215 4219 1313 4307 illos,
1335 4219 1393 4316 qui
1414 4212 1562 4313 euprpffe·
1579 4215 1742 4292 labentur
1757 4223 1794 4294 in
1812 4219 1948 4298 leuiti-

334 4354 370 4405 sn
384 4317 644 4419 iantumjalsas
659 4316 735 4392 illas
747 4314 936 4413 hypotheses
949 4316 1115 4416 adsimus,
1135 4343 1194 4406 eo,
1215 4322 1293 4415 jure
1313 4319 1431 4392 diuino
1451 4312 1639 4410 'servandos
1661 4314 1738 4416 este,
1760 4317 1943 4416 sedetiam

334 4427 392 4506 sod
411 4424 586 4502 Romanus
605 4418 764 4515 pontefex
783 4440 848 4489 non
862 4412 984 4488 habeut
1000 4413 1110 4490 anuo·
1134 4443 1219 4505 eos,
1249 4419 1311 4515 qui
1334 4441 1357 4490 a
1378 4414 1490 4515 fintili
1516 4412 1740 4511 colliguntur,
1773 4418 1828 4521 u.)
1855 4421 1945 4520 leges

334 4535 442 4606 'tatem
461 4522 551 4617 leges
561 4516 714 4614 ferendi,
739 4514 885 4613 quodque
900 4513 1039 4611 gradus,
1053 4514 1115 4611 qui
1135 4516 1237 4593 etium
1257 4516 1374 4592 ciuiles
1397 4516 1437 4588 de
1456 4511 1622 4611 gradibus
1642 4520 1856 4613 signationis
1869 4523 1945 4619 ser·

334 4623 521 4706 rohtbertus
537 4616 641 4719 fimus
658 4639 683 4689 a
702 4614 811 4717 Maste
835 4610 875 4688 ii
895 4614 1110 4711 imperatoris
1135 4618 1266 4693 nundus
1284 4613 1369 4716 effe,
1387 4619 1439 4717 ste
1454 4626 1587 4700 tamen,
1612 4626 1650 4688 ut
1671 4619 1891 4696 matrimonia
1908 4625 1963 4699 in»

334 4755 391 4829 ge,
414 4727 481 4821 fint
497 4722 575 4816 jure
594 4728 725 4790 naturae
738 4712 903 4813 prohibiti
910 4769 918 4799 ‚
929 4712 993 4809 sed
1007 4714 1109 4788 etiam
1134 4718 1188 4794 itis
1204 4703 1371 4815 gradibus
1391 4739 1457 4789 non
1471 4714 1731 4803 castrabantur,
1750 4715 1855 4820 sedfi
1868 4746 1971 4820 con-l

334 4853 368 4905 tn
386 4819 583 4926 pugnantia
631 4828 747 4903 atrius,
774 4814 860 4911 leges
883 4812 1017 4910 scilieet
1038 4811 1109 4886 Ro·
1134 4818 1248 4920 trufsa
1257 4815 1412 4912 suerint,
1445 4838 1510 4887 non
1531 4812 1747 4893 dirimantur.
1799 4815 1945 4912 Respfi

335 4947 421 5004 mess
439 4820 630 5023 perdidist
647 4914 902 4995 substitutus,
938 4909 979 4986 ss
999 4923 1108 4986 tasrren
1130 4920 1280 5010 primurn
1302 4917 1465 5006 excipias,-
1495 4917 1585 5006 qnod
1617 4920 1660 4988 sd
1678 4914 1946 5009 hune-quastio-

334 5029 466 5126 bligare.
525 5013 569 5092 Si
591 5018 678 5091 enim
701 5017 787 5111 leges
806 5012 921 5086 ciuiles
945 5010 1108 5086 Rornunae
1132 5042 1208 5089 nem
1224 5019 1363 5105 proprie
1383 5038 1451 5087 non
1466 5007 1611 5102 speunt,
1632 5037 1715 5108 eum,
1730 5014 1819 5090 eliud
1841 5018 1882 5091 su
1901 5024 1944 5095 tle

334 5113 537 5210 tumetum
550 5113 793 5219 perdiderunt,
817 5110 941 5188 nubum
952 5114 1029 5211 jam
1050 5108 1107 5187 ab·
1130 5115 1400 5209 computatione,
1433 5108 1523 5186 thud
1549 5135 1631 5190 vero
1656 5118 1699 5192 de
1716 5113 1945 5207 prohibitione

1421 5235 1429 5252 '
1800 5239 1813 5266 ·
1845 5238 1945 5310 ,ern
2067 5285 2079 5320 ,
