4884 5984
576 590 579 599 ¹
687 470 691 475 ’
734 495 807 573 ua
857 424 1083 612 caussrs
1133 488 1410 568 orvottrrr.
1828 468 1892 585 17'3

253 667 360 744 suere
385 671 578 769 progressi,
603 694 644 747 ut
659 697 792 747 uxores
819 675 912 744 inter
931 671 964 744 se
980 693 1060 770 per·
1094 673 1137 759 ab
1163 670 1252 745 urbe
1283 672 1424 744 condita
1450 666 1586 745 sadum
1609 670 1795 760 limium,
1821 670 1895 768 post

254 791 472 858 mutarent,
499 779 532 843 δι
556 775 780 844 commodato
816 772 972 842 invicem
1001 772 1060 842 da·
1092 772 1373 869 quingmteſsmum
1395 772 1436 840 ab
1452 772 1532 840 urbe
1551 775 1677 841 conditu
1699 796 1823 843 anuum
1846 775 1896 844 di·

252 887 351 937 rent.
399 873 586 965 Lycurgus
608 870 747 942 indulsit
773 852 1059 967 Lacedaemoniis,
1092 875 1198 941 uortia
1209 868 1290 960 ficri
1317 865 1432 965 cupiffe
1453 870 1646 955 dicuntur,
1673 870 1710 940 id
1734 893 1775 942 eo
1794 869 1893 979 sensu

252 981 298 1034 ut
326 965 451 1037 amicis
473 967 688 1060 petentibus
724 989 857 1039 uxores
888 968 1056 1038 locarent.
1093 968 1367 1062 accipiendum,
1394 969 1491 1059 quod
1509 965 1806 1063 obreuerentiam
1819 991 1894 1045 ma.
1941 1023 1950 1030 .

250 1060 465 1135 Plutarchus
482 1065 519 1134 in
530 1067 612 1158 Lyc.
622 1067 729 1137 Solon
746 1068 826 1160 lege
841 1066 911 1135 lata
926 1064 1059 1135 taxavit
1092 1067 1256 1136 trimonii
1276 1062 1429 1134 concessa
1448 1085 1513 1156 per
1538 1064 1637 1157 leges
1659 1064 1803 1137 licentia
1818 1090 1893 1141 non

247 1158 433 1230 ¹inuidiam
448 1165 681 1249 maritomm‚
707 1164 770 1257 qui
797 1162 946 1233 strenuis
968 1162 1056 1231 viris
1092 1162 1226 1234 fuerint
1253 1160 1303 1232 usr
1328 1209 1339 1246 ‚
1367 1164 1536 1256 quodque
1562 1183 1633 1231 non
1666 1182 1739 1232 tam
1770 1163 1894 1238 crebra

250 1274 418 1328 uxorum
437 1259 581 1331 suarum
611 1262 751 1355 copiam
776 1260 892 1332 facere
924 1257 1059 1329 recusa·
1094 1280 1310 1354 quacunque
1329 1282 1374 1330 ex
1396 1257 1496 1330 causa
1513 1257 1605 1330 faeta
1626 1259 1760 1330 fiterint
1774 1262 1895 1334 divor·

252 1372 350 1422 rent.
408 1358 615 1430 Plutarchus
652 1360 688 1429 in
718 1358 837 1429 Solon.
873 1355 1059 1426 Germanos
1093 1359 1153 1428 tia.
1181 1356 1274 1427 Cum
1288 1353 1586 1444 verosimilius,
1609 1360 1719 1428 velut
1734 1360 1793 1429 alii
1808 1382 1894 1433 eum

251 1449 396 1521 odiosas
412 1476 545 1526 uxores
558 1458 618 1526 vel
637 1457 750 1550 pretio
766 1447 975 1541 distraxisse,
999 1455 1061 1525 vel
1092 1473 1247 1540 vocant,
1275 1450 1450 1524 Carbilius
1475 1451 1664 1525 sterilitatis
1684 1454 1784 1526 causa
1803 1479 1906 1528 uxo„

250 1548 486 1622 commutasse
501 1601 513 1638 ,
530 1576 584 1623 ex
609 1544 706 1643 Julio
742 1552 873 1624 Caesare
905 1550 947 1621 dc
975 1551 1057 1623 bell.
1093 1575 1171 1623 rem
1187 1550 1367 1622 dimittens
1397 1549 1606 1643 (postquam
1618 1552 1713 1646 apud
1732 1553 1893 1628 censores

252 1642 351 1716 Gall
370 1650 573 1745 colligitur,
600 1673 679 1745 qua
704 1653 826 1721 omnia
849 1671 920 1718 non
944 1647 1058 1720 solum
1090 1654 1299 1735 juraverat,
1326 1646 1358 1718 se
1386 1647 1585 1719 liberorum
1615 1653 1894 1743 quaerendorum

252 1760 344 1813 cum
357 1747 475 1839 prima
491 1750 649 1843 conjugii
666 1746 903 1832 institutione,
930 1745 988 1818 scd
1008 1770 1057 1818 et·
1092 1749 1207 1843 gratia
1220 1742 1328 1817 aliam
1343 1767 1499 1818 uxorem
1514 1743 1729 1839 dudlurum)
1747 1749 1894 1823 initiunt

249 1838 332 1910 ianr
352 1864 434 1912 cum
449 1842 600 1915 mosaica
611 1844 855 1916 constitutione
872 1865 1055 1939 pugnant,
1092 1844 1272 1915 temerarii
1283 1842 1893 1928 divortiifaceret,muhialiiexem-

250 1935 294 2007 in
326 1959 397 2030 qua
418 1939 693 2013 abominationis
718 1944 797 2013 loco
826 1939 1004 2025 habetur,
1034 1940 1057 2010 st
1091 1943 1193 2035 plum
1208 1945 1284 2025 ejus
1316 1941 1477 2012 certatim
1497 1940 1574 2012 sunt
1589 1938 1729 2029 secuti,
1757 1944 1821 2039 qui
1842 1945 1892 2016 le·

250 2036 406 2107 maritus
421 2059 574 2108 uxorem
591 2039 698 2110 semel
714 2038 913 2110 abdicatam
926 2045 960 2108 dc
972 2040 1056 2109 alte·
1091 2037 1236 2110 vilhmis
1254 2061 1299 2108 ex
1319 2037 1427 2109 causis
1443 2059 1576 2109 uxores
1594 2037 1730 2110 odiosas
1747 2063 1769 2110 a
1786 2038 1818 2110 se
1832 2041 1894 2115 ab·

252 2130 288 2201 ri
315 2154 464 2226 nuptam
483 2133 691 2227 postliminii
716 2135 812 2232 quast
835 2140 913 2219 jure
932 2136 971 2205 in
995 2137 1056 2206 do·
1092 2137 1275 2221 dicarunt,
1290 2137 1377 2206 adeo
1392 2155 1432 2206 ut
1445 2137 1577 2207 Seneca
1591 2136 1634 2207 de
1647 2134 1793 2207 suorum
1804 2158 1893 2210 rem·

254 2249 362 2302 mum
376 2238 409 2301 δι
428 2238 572 2303 thorum
590 2235 748 2326 recipiat.
1090 2254 1221 2326 porum
1232 2232 1393 2304 moribus
1410 2231 1534 2304 scribat
1547 2231 1627 2303 libr.
1641 2230 1700 2304 Ill.
1715 2235 1758 2304 de
1774 2232 1892 2307 benef.

431 2334 433 2338 ’
604 2341 634 2415 §.
652 2329 844 2402 DXCVHI.
871 2331 935 2424 lll)
949 2330 1057 2425 Apud
1092 2350 1167 2422 cap.
1194 2333 1250 2403 16'.
1300 2331 1470 2424 Numquid
1500 2332 1563 2402 ‘um
1585 2329 1652 2399 ulla
1670 2334 1804 2424 repudio
1817 2354 1895 2402 cru.

252 2418 330 2515 ῙῘῙ)
348 2444 383 2482 ex
402 2425 479 2500 bislo·
526 2433 692 2504 Romanos
708 2430 832 2499 itidem
843 2450 977 2522 magna
988 2428 1058 2498 suit
1090 2426 1204 2519 bestit,
1225 2424 1392 2525 postquam
1405 2353 1542 2521 islulsrer
1556 2431 1715 2523 quaedam
1729 2431 1895 2501 acnobilec

237 2518 300 2562 '¹¹‘
318 2502 450 2565 hm·
525 2529 767 2598 divortiorum
795 2527 937 2596 licentia
961 2572 973 2610 ,
999 2523 1056 2594 sed
1081 2527 1239 2620 sominae
1253 2549 1318 2595 nou
1332 2524 1492 2619 confusum
1507 2550 1663 2608 numero,
1675 2522 1737 2619 fid
1753 2531 1893 2599 marito·

525 2623 669 2694 diversrs
720 2620 944 2715 temporibus
994 2623 1056 2690 ali·
1091 2646 1165 2692 rum
1188 2648 1289 2693 annos
1294 2624 1377 2717 suos
1394 2638 1604 2715 computant.
1633 2622 1681 2695 87
1696 2638 1811 2695 exeunt
1823 2651 1895 2696 ma·

237 2715 398 2809 ¹quando
421 2722 564 2806 major,
586 2723 779 2813 aliquando
800 2721 932 2789 minor.
958 2721 1055 2807 Lege
1091 2723 1234 2789 trimont'i
1255 2721 1378 2814 attufit,
1399 2723 1527 2790 nubunt
1550 2720 1710 2813 repudii?
1742 2743 1783 2792 ac
1803 2724 1894 2793 Ter·

248 2808 332 2881 llll.
350 2812 553 2889 tabularum
571 2820 614 2889 de
642 2818 805 2889 divortiis
823 2828 970 2886 cautum·
992 2816 1055 2884 ali·
1090 2818 1261 2889 rullianus
1279 2819 1316 2889 in
1335 2821 1428 2912 apol.
1444 2841 1474 2888 c.
1493 2823 1527 2892 6.
1543 2816 1683 2889 scribit:
1707 2820 1893 2913 Repudium
1992 2860 2001 2879 .

250 2909 353 2999 quod
382 2909 481 2983 fuisse
508 2917 660 3010 intelligi
679 2911 792 3008 potest
812 2934 856 2983 err
884 2910 1055 2982 Cicerone
1083 2918 1158 3014 jam
1181 2913 1231 2987 ss
1253 2929 1364 2986 votum
1381 2913 1452 3008 gli.
1477 2919 1567 3011 quast
1593 2919 1792 3008 matrimonii
1806 2918 1894 3014 fru.

248 3004 405 3101 Philipp.
417 3010 459 3078 ll.
472 3010 536 3081 ubi
552 3014 595 3082 de
607 3013 765 3083 Antonio
783 3010 890 3095 dicit.
907 3005 978 3077 eum
991 3007 1055 3080 Vo-
1090 3014 1169 3085 uus.
1222 3013 1264 3098 Q.
1285 3011 1457 3084 Antistius
1475 3035 1655 3101 uxorem,
1682 3018 1780 3111 quod
1808 3038 1894 3090 cum

248 3100 410 3175 lumaiam
424 3108 562 3179 Mimam
577 3109 715 3202 ressuas
730 3110 842 3178 habere
856 3102 995 3206 juffiffi.
1017 3128 1057 3175 ex
1089 3110 1256 3185 libertina
1276 3132 1355 3181 eam
1369 3109 1523 3181 fabulari
1539 3114 1701 3201 viderat,
1728 3115 1893 3209 repudia·

249 3202 417 3272 duodecim
436 3205 624 3277 tabularum
640 3210 759 3304 legibus
779 3206 878 3275 claues
893 3200 1055 3299 ademisse,
1088 3210 1152 3280 vit.
1205 3206 1372 3278 Valerius
1385 3206 1447 3277 lib.
1463 3208 1523 3277 Vl.
1540 3228 1570 3278 c.
1588 3230 1620 3291 3.
1644 3208 1683 3299 C.
1703 3210 1891 3304 SulpitiuS‚
1957 3262 1959 3266 2

248 3297 385 3396 exegiffe
401 3301 455 3371 hoc
468 3326 532 3373 rino
544 3305 726 3399 speciatum
741 3307 864 3391 ciuem,
888 3306 1055 3396 quodcum
1091 3309 1187 3399 quod
1221 3304 1376 3375 invelato
1412 3305 1525 3396 capite
1562 3305 1659 3380 foras
1700 3302 1895 3403 prodiisset.

249 3398 487 3492 Mimafecerit
500 3404 683 3472 diuortium.
697 3402 952 3472 Hotomannus
965 3418 1054 3493 part.
1089 3403 1297 3475 Plutarchus
1308 3399 1465 3494 inprobl.
1481 3403 1584 3471 Rom.
1597 3404 1632 3470 P.
1642 3402 1892 3497 Sempronius,

249 3490 315 3566 111.
338 3517 468 3567 comm.
493 3501 537 3569 ad
553 3501 630 3571 Xll.
648 3497 798 3571 tabulas.
848 3495 903 3566 De
922 3499 1056 3571 Romu·
1091 3501 1188 3595 quod
1203 3499 1307 3570 ludos
1322 3495 1475 3568 seinscio
1492 3493 1692 3591 spectasset,
1716 3502 1825 3573 uxori
1838 3524 1893 3571 re·
1962 3550 1965 3555 -

249 3590 291 3665 lo
310 3592 519 3666 Plutarchus
544 3615 745 3682 memorat,
772 3595 869 3687 quod
892 3595 972 3662 viro
997 3594 1054 3677 jus
1089 3598 1243 3692 pudium
1260 3594 1361 3665 milit.
1416 3595 1509 3687 Sylla
1531 3593 1711 3668 Caeciliam
1736 3597 1783 3669 ob
1803 3621 1894 3694 prae-

252 3676 428 3777 dederit,
451 3693 602 3789 potuim
627 3693 815 3784 icssdhhm
837 3687 898 3764 lat
919 3711 1056 3790 papum·
1090 3712 1229 3766 textum
1242 3688 1430 3765 sterilitatis
1447 3691 1635 3763 abdicavit.
1684 3695 1894 3769 Plutarchus

252 3784 335 3880 arip
362 3785 683 3868 elevaremus»
707 3783 873 3885 ὑποβολῇ
894 3785 953 3860 uui
980 3815 1057 3875 uot-
1092 3792 1127 3862 in
1153 3791 1237 3884 Syll.
1262 3788 1445 3885 Augustus
1476 3786 1668 3860 Scribonia
1689 3792 1779 3864 nihil
1794 3792 1894 3865 aliud

250 3885 459 3979 χινθιΐσαν.
507 3891 630 3962 Numa
642 3887 798 3986 permifit
813 3887 1058 3970 Romanismt
1091 3886 1245 3971 objicere
1270 3905 1407 3980 poterat
1424 3906 1575 3995 squam
1602 3892 1700 3980 quod
1725 3890 1893 3981 pertaesus

251 4004 391 4059 uxores
409 3989 536 4061 amicis
563 3989 748 4074 locarent,
775 3985 1058 4056 &commodato
1094 3981 1173 4056 esset
1187 4002 1333 4055 morum
1344 3986 1435 4068 eius.
1486 3984 1675 4056 Suetonius
1692 3987 1729 4056 in
1740 3984 1891 4082 August.

254 4084 397 4156 darent.
451 4086 553 4156 ldem
578 4086 618 4156 in
642 4084 776 4157 Numa.
833 4081 938 4169 Quod
968 4100 1058 4175 crgo
1092 4079 1279 4153 Mecoenas
1312 4080 1490 4152 inconhan
1512 4080 1549 4150 'ae
1585 4100 1755 4172 taxatur,
1793 4081 1893 4177 quod

254 4179 505 4255 Tertullianus
527 4185 566 4257 in
595 4184 774 4279 apologet.
799 4202 875 4273 cap.
894 4182 929 4250 6.
947 4179 1058 4263 dicit,
1095 4202 1179 4251 cum
1199 4176 1244 4248 ab
1266 4199 1382 4248 uxore
1406 4100 1520 4249 serusl
1540 4176 1754 4271 divertisset,
1778 4176 1895 4254 illam·

249 4302 319 4375 prr
344 4282 564 4375 anuosfrrmc
578 4281 746 4375 sexcentos
773 4280 814 4351 ab
834 4279 911 4346 urbe
934 4277 1061 4344 condita
1095 4276 1165 4369 quc
1184 4276 1408 4346 reconciliata
1423 4275 1539 4370 gratia
1560 4277 1667 4369 paulo
1689 4278 1766 4374 post
1790 4279 1897 4351 redu-

253 4374 381 4449 cendam
396 4383 525 4449 dunum
536 4382 706 4472 repudium
720 4371 889 4474 serpsisse:
904 4371 1059 4445 ainrib.
1093 4369 1215 4458 xistis,
1243 4373 1374 4443 iterum
1396 4393 1436 4443 ac
1456 4373 1561 4444 tertio
1584 4393 1668 4444 cum
1682 4397 1723 4449 ea
1741 4376 1897 4449 simulta-

256 4474 305 4547 de
319 4474 531 4572 'monogam
556 4499 632 4570 cap.
654 4498 689 4566 9.
714 4476 809 4545 circa
827 4472 960 4543 finem:
984 4473 1062 4539 adeo
1096 4490 1128 4541 te
1140 4490 1263 4542 exorta
1276 4472 1469 4564 repudium
1479 4469 1585 4556 fecit,
1611 4477 1746 4544 &mox
1764 4475 1896 4569 ingra-

255 4578 430 4665 repertum
454 4600 474 4644 o
493 4578 678 4667 primordio
700 4567 894 4666 uousuiffc,
921 4580 960 4637 ut
975 4570 1063 4660 opud
1093 4567 1182 4639 tiam
1200 4568 1328 4653 venit,
1355 4588 1466 4660 quare
1497 4567 1628 4639 millies
1656 4584 1740 4641 eum
1763 4564 1896 4643 duxille

257 4672 427 4745 Romanos
445 4671 517 4769 post
546 4696 668 4742 annum
688 4667 942 4765 sexcentefimum
971 4667 1062 4734 urbis
1094 4687 1249 4736 uxorem
1266 4662 1478 4754 ferebatur,
1505 4684 1588 4736 cum
1607 4679 1718 4738 urtam
1739 4658 1896 4742 haberet.

257 4762 405 4841 medicae
418 4774 452 4841 id
460 4795 564 4868 genus
577 4771 737 4848 duritiae,
760 4761 951 4859 commissum
966 4767 1061 4833 druo-
1095 4764 1226 4833 Paulus
1240 4761 1425 4848 AEmilius,
1448 4783 1532 4834 cum
1545 4780 1778 4856 argueretur,
1799 4768 1897 4858 quod
1914 4810 1918 4827 .

258 4879 378 4950 crtum·
403 4872 463 4940 vel
479 4868 656 4957 utJunius
672 4868 710 4936 in
725 4885 797 4935 not.
813 4865 858 4934 ad
872 4861 1063 4932 Tertullia-
1097 4857 1172 4952 post
1200 4862 1354 4953 longum
1378 4878 1520 4953 tempus
1541 4879 1696 4931 uxorem
1720 4862 1898 4957 Papiriam

262 4988 356 5039 num
374 4975 408 5038 dt
435 4958 587 5038 Gentilis
611 4963 672 5034 lib.
690 4963 751 5032 Vl.
780 4963 822 5030 de
843 4977 947 5051 nupt.
974 4978 1003 5027 c.
1029 4966 1063 5037 8.
1099 4954 1305 5028 foecundam
1333 4953 1586 5027 &formosam
1615 4951 1818 5046 dimisisset,
1844 4983 1898 5032 re-

261 5084 412 5161 propter
429 5067 488 5162 Sp.
507 5063 654 5140 Carvilii
665 5060 862 5155 repudium
872 5076 964 5131 anno
984 5069 1064 5149 522.
1101 5051 1269 5222 sponint,
1295 5056 1448 5126 nemiuem
1457 5052 1572 5152 stim.
1597 5074 1659 5151 qm
1675 5056 1709 5127 iu
1718 5071 1817 5155 porte
1838 5062 1901 5129 cal-

1256 5171 1274 5238 3
1807 5176 1899 5241 teus,
