4884 5984
284 1567 294 1578 ··
416 1543 529 1617 dimot

411 473 486 550 450
712 467 719 484 ’
803 445 806 464 ·
905 455 1056 532 rocus
1077 401 1202 578 >orvi¹
1229 443 1403 534 'cuovr
1427 461 1521 531 vm.
1602 485 1604 490 -
1726 395 1730 404 ¹

420 645 464 728 8
487 649 590 728 minis
611 649 743 748 ligore,
764 646 829 746 sod
850 651 1024 729 diletiiom
1051 651 1093 730 ii
1115 655 1211 752 mise·
1235 675 1335 747 urget
1357 656 1521 746 apostolus
1546 656 1656 729 rCor.
1681 651 1742 726 Xl.
1770 675 1805 748 7.
1869 649 1941 727 Vir
1968 673 2039 726 noa

369 763 374 776 '
416 750 533 828 mone.
591 747 748 848 Quonam
769 754 857 824 enim
882 754 1055 852 uoluptate
1072 756 1213 849 fruetur
1236 755 1331 827 debat
1359 752 1470 828 urlnre
1503 765 1621 848 caput,
1651 752 1809 848 quonium
1841 753 1957 847 imago
1992 749 2035 826 δ’

418 854 563 928 moritus
577 874 651 922 cum
670 871 777 922 uxore
791 849 951 929 lroltituns
968 864 1125 950 tunquam
1139 879 1211 927 cum
1235 851 1352 949 glorio
1372 841 1449 924 dm·
1464 854 1527 944 etl,
1554 853 1674 925 uirilirr
1695 860 1805 924 utitem
1824 849 1942 946 glorio
1962 850 2036 926 viri

418 949 565 1035 ancillo,
594 945 635 1023 ὅ
656 973 723 1021 non
744 960 902 1052 tunquam
923 979 997 1025 rum
1012 953 1128 1026 libero.
1158 956 1211 1026 Ad
1235 955 1288 1061 eli.
1307 980 1339 1024 ν.
1360 969 1392 1035 8.
1444 943 1524 1025 Nam
1546 953 1633 1023 enim
1660 951 1715 1022 uir
1744 973 1789 1021 rx
1810 948 1946 1022 muliere
1964 953 2035 1048 est,

312 1117 319 1136 ,
416 1049 487 1122 haec
509 1070 651 1138 quatuor
671 1051 779 1137 capita
813 1048 909 1122 focile
936 1049 1056 1125 referri
1079 1049 1210 1142 possunt
1227 1050 1292 1148 sed
1311 1050 1431 1126 mulier
1443 1075 1487 1124 ex
1506 1049 1590 1123 uiro.
1612 1078 1642 1122 v.
1661 1077 1695 1135 9.
1754 1041 1889 1143 Etenim
1904 1070 1969 1118 non
1989 1050 2034 1144 eli

415 1151 516 1223 etiem
536 1149 662 1234 relique
683 1149 793 1218 meriti
816 1174 897 1241 ergo
915 1175 1052 1223 onorem
1078 1147 1210 1235 officia,
1236 1159 1365 1223 crentur
1383 1151 1439 1221 uir
1460 1159 1596 1245 propter
1614 1147 1802 1228 mulierem,
1831 1144 1894 1240 sed
1912 1145 2036 1218 mulier

415 1271 488 1338 quae
508 1243 552 1319 ob
577 1243 647 1330 eliis
674 1270 922 1323 enumerantur.
968 1254 1067 1340 Juxta
1092 1245 1211 1320 scribas
1233 1260 1371 1345 propter
1386 1249 1506 1321 uirum.
1528 1275 1558 1320 v.
1587 1274 1640 1322 ιο.
1694 1243 1773 1317 Idro
1793 1244 1887 1317 delet
1910 1243 2044 1318 mulier.

416 1344 638 1419 Hebraeorum
672 1338 797 1433 septem
829 1341 903 1418 sunt
937 1350 1045 1418 mariti
1080 1341 1210 1419 officia:
1231 1346 1450 1443 potestatem,
1482 1343 1631 1428 horest,
1657 1343 1807 1416 velamen
1836 1345 1870 1414 in
1900 1342 2035 1434 lignum

420 1445 474 1536 ι.)
493 1453 530 1515 ut
545 1464 684 1515 uxorem
707 1452 871 1538 aegrotum
889 1454 997 1529 curet,
1031 1443 1084 1542 a.)
1106 1454 1144 1516 ut
1162 1468 1212 1516 re·
1234 1443 1462 1533 l'objedtionis,
1487 1441 1606 1517 lubere
1615 1440 1722 1538 supro
1739 1450 1841 1537 caput
1853 1438 1965 1537 strum.
1988 1444 2036 1512 Et

541 1563 581 1613 cu
606 1541 733 1630 tivum,
759 1538 811 1639 ι.)
826 1553 864 1616 ut
896 1543 1018 1640 epeliut
1032 1554 1210 1630 mortuom,
1241 1546 1356 1615 1Tim.
1372 1551 1412 1615 lt.
1436 1565 1488 1614 ιι.
1539 1540 1688 1614 ΜιιΙίιιὶ
1705 1564 1772 1612 non
1789 1541 1946 1635 permitto
1967 1536 2036 1610 do·

415 1639 472 1856 43
498 1650 536 1714 ut
555 1565 755 1739 ssflrntetur
782 1665 827 1713 ex
874 1640 1084 1715 ocultotilms
1115 1644 1209 1737 ejus,
1235 1641 1361 1734 minori
1375 1642 1411 1714 iu
1427 1640 1547 1714 uirum.
1563 1668 1595 1713 v.
1621 1662 1672 1713 12.
1722 1635 2034 1733 Adumenimpri·

270 1807 279 1820 .
420 1765 451 1834 5.
495 1750 533 1812 ut
553 1735 688 1834 liubitet
707 1738 742 1810 in
759 1736 858 1811 domo
877 1744 965 1837 rjus,
990 1737 1151 1836 quantillo
1167 1743 1211 1839 est
1234 1765 1306 1813 mus
1321 1739 1496 1832 formatus
1512 1743 1576 1839 est,
1602 1736 1718 1811 deinde
1743 1735 1836 1810 Eoo.
1889 1737 2036 1825 Apollo·

222 2457 227 2468 ’
353 2503 358 2514 ,
413 2447 621 2531 1.)Subjel³tio.
673 2426 766 2509 llio,
805 2452 841 2501 ut
871 2434 1027 2503 maritum
1051 2457 1139 2523 agno

297 2805 304 2814 ι
410 2718 470 2794 sed
482 2724 582 2794 etium
599 2720 777 2809 honorem,
793 2726 966 2810 timorem,
983 2731 1205 2798 reverentiam

409 1837 545 1923 mum,
582 1837 639 1933 6.)
664 1844 702 1908 ut
724 1837 795 1931 rjus
809 1839 899 1935 filio
919 1837 1140 1939 sustententur
1165 1863 1212 1912 ex
1234 1838 1283 1909 lus
1305 1838 1473 1910 concludit
1492 1839 1558 1910 hoc
1579 1841 1696 1907 modo:
1724 1839 1813 1930 Quia
1829 1833 2038 1905 muliernon

415 1935 512 2011 bonit
533 1939 626 2031 ejus,
650 1934 752 2007 donec
772 1934 1022 2035 desponsantur,
1046 1946 1095 2036 7.)
1111 1948 1149 2010 ut
1159 1933 1359 2037 fi·'prime,
1386 1933 1440 2009 sed
1466 1939 1538 2025 post
1562 1936 1671 2006 virum
1697 1938 1834 2006 demum
1865 1933 2033 2030 condita,

376 2083 380 2108 .
412 2037 459 2111 lii
479 2036 628 2134 ejusstnt
643 2032 784 2110 heredes.
1233 2038 1310 2122 quie
1331 2034 1451 2108 mulier
1471 2059 1516 2106 ex
1536 2035 1632 2117 uiro,
1662 2059 1729 2104 non
1762 2056 1873 2103 aurem
1904 2030 1960 2103 uir
1986 2031 2035 2103 ἐκ

604 2213 609 2225 ,
721 2140 748 2224 5.
765 2137 949 2210 CCCCLI.
990 2140 1050 2226 11.)
1077 2133 1208 2212 Uxoris
1233 2131 1370 2206 muliere
1386 2131 1563 2213 formatus,
1584 2132 1660 2218 quia
1684 2129 1803 2205 mulier
1818 2138 1958 2226 propter
1976 2129 2032 2202 ui·

315 2264 322 2278 ’
414 2210 477 2289 n·)
510 2209 625 2303 Um?
668 2234 814 2328 proprio
831 2231 939 2306 officia
957 2232 1026 2307 hec
1043 2231 1125 2306 sunt.
1164 2243 1207 2320 ι.)
1231 2257 1325 2313 rum,
1349 2256 1416 2304 non
1433 2255 1542 2303 aurem
1563 2232 1613 2302 vir
1631 2240 1769 2325 propter
1788 2226 1958 2302 mulierem
1980 2229 2034 2299 est

433 2308 509 2372 ’Ψ
527 2310 625 2353 'mm‘
676 2329 861 2428 rimorum,
878 2337 959 2428 erg'o
976 2335 1084 2406 virum
1094 2330 1207 2428 sub'e-
1230 2354 1376 2416 creatos,
1400 2333 1475 2412 ideo
1500 2353 1629 2418 aequum
1650 2332 1718 2409 est,
1750 2350 1787 2399 ut
1808 2325 1928 2400 mulier
1952 2326 2034 2397 viro

1141 2356 1206 2502 scot·
1230 2425 1267 2499 fit
1292 2425 1445 2515 subjecta.
1498 2439 1540 2513 c.)
1562 2424 1742 2501 Primaeuae
1758 2409 2029 2522 trousgmffionir

672 2523 877 2618 luumcaput
894 2533 1137 2610 aedominum,
1157 2531 1205 2600 ei·
1229 2529 1362 2626 occufio.
1414 2532 1494 2598 Hac
1514 2530 1598 2598 ratio
1618 2529 1820 2614 proponitur
1847 2526 2031 2598 1Tim.ll.

411 2647 562 2714 qoenon
590 2620 694 2694 solum
718 2650 866 2700 amorem
894 2637 928 2702 δι
950 2627 1204 2724 adjumentum,
1234 2653 1245 2701 1
1280 2682 1288 2698 .
1340 2620 1487 2698 Mulieri
1503 2648 1567 2696 non
1581 2626 1739 2719 perruitto
1751 2622 2029 2715 dontinuri,quiu

614 2813 619 2820 Ι
1228 2651 1431 2795 stamma
1450 2728 1493 2824 esi
1502 2719 1670 2817 sedulum,
1699 2719 1821 2793 scilicet
1838 2723 1966 2810 primus
1988 2729 2026 2794 dt

411 2831 451 2896 tt
468 2818 664 2907 obsequium
680 2826 820 2914 praellet.
869 2829 980 2895 Unde
996 2817 1163 2923 ὕπαιθρος
1184 2851 1203 2895 o
1228 2825 1432 2909 immediate,
1458 2821 1577 2893 nrulirr
1603 2835 1712 2894 nutem
1734 2845 1794 2914 per
1811 2813 2028 2914 strpiutem,

411 2919 536 3007 Spiritu
554 2915 663 2989 saneto
684 2945 820 2994 vocatur
836 2927 939 2994 Rom.
957 2919 1039 2995 Vll.
1058 2945 1089 2995 2.
1148 2926 1201 2993 Ad
1229 2925 1335 3010 prima
1353 2931 1386 2993 dr
1407 2924 1613 3001 immediate,
1636 2918 1772 3013 sedialiu
1793 2918 1827 2988 in
1854 2917 2026 3011 praeuori-

411 3016 496 3089 hanc
516 3011 753 3101 subjettionem
772 3042 970 3111 permovere
987 3045 1059 3091 eum
1080 3021 1203 3092 debet:
1227 3022 1357 3093 cutione
1371 3018 1457 3111 suit.
1523 3025 1767 3108 Argumentum
1793 3014 1931 3104 apostoli
1955 3012 2026 3088 tale

410 3131 459 3192 tt.)
476 3110 610 3186 Divino
621 3114 728 3216 juffio.
780 3122 900 3205 Neque
918 3121 1007 3188 enim
1025 3117 1066 3189 ab
1085 3116 1203 3212 Alios·
1227 3123 1272 3190 est
1285 3143 1319 3200 r,
1337 3118 1427 3210 Quia
1459 3119 1642 3187 dominium
1669 3113 1814 3186 mulieris
1847 3114 1880 3183 in
1893 3185 1898 3200 ,
1910 3115 2026 3184 vuum

412 3214 485 3286 ueri
502 3211 685 3296 rotundato,
710 3211 797 3287 Esth.
825 3222 851 3286 1.
876 3237 933 3287 20.
957 3220 1122 3304 dependet
1148 3217 1204 3287 illa
1227 3212 1401 3304 pessimum
1423 3216 1537 3287 hebuit
1558 3234 1736 3290 eventum,
1764 3216 1839 3283 ideo
1860 3235 1927 3282 non
1952 3237 2028 3284 om·

411 3311 590 3397 fumeum,
618 3309 670 3382 sed
691 3317 792 3385 exstet
815 3311 915 3404 longe
940 3317 1122 3402 antiquius,
1147 3342 1204 3386 au·
1228 3312 1315 3403 plius
1339 3313 1420 3385 illud
1444 3312 1502 3402 ipsr
1523 3315 1586 3383 erit
1605 3314 1863 3382 concedendum.
1921 3313 2027 3381 Perna

411 3412 537 3502 gustius
559 3421 592 3483 dt
615 3408 740 3482 firmius
760 3413 800 3482 de
821 3435 858 3481 eo
879 3437 1093 3500 preceptum.
1120 3420 1203 3486 Gen.
1229 3411 1413 3500 spontaneae
1440 3407 1699 3500 transgreffionis
1721 3433 1758 3478 oc
1782 3410 1948 3494 primaevae
1971 3402 2028 3478 se·-

412 3514 475 3580 lil.
501 3515 550 3583 16.
604 3505 680 3603 Ipse
705 3507 935 3581 dominabitur
964 3509 1038 3583 riti.
1104 3515 1206 3583 Unde
1230 3510 1393 3590 dnfl'onis
1421 3508 1457 3578 fir
1480 3506 1663 3578 humiliatio
1690 3504 1921 3593 subjettionis3
1948 3530 2026 3591 quae

413 3605 532 3677 Paulus
555 3606 631 3677 Col.
653 3612 710 3678 ΙΙΙ.
734 3623 785 3691 ι3.
811 3605 964 3679 mulieres
988 3607 1072 3680 uiris
1084 3606 1205 3704 subcli-
1228 3609 1336 3698 prime
1352 3608 1431 3678 olim
1452 3604 1516 3676 fuit
1534 3612 1568 3693 in
1588 3601 1797 3683 sedudiione,
1830 3604 1929 3674 debet
1951 3599 2020 3675 etse

345 3735 352 3756 ¹
412 3715 464 3775 ms
480 3698 538 3797 effe
551 3703 643 3789 juber
661 3703 696 3772 iu
716 3699 881 3789 Durnium,
907 3704 971 3777 srve
988 3714 1205 3795 propterDo·
1229 3707 1392 3795 postremo
1412 3716 1444 3776 δι
1468 3701 1607 3776 inferior
1627 3707 1660 3774 in
1682 3704 1918 3772 dominatione.
1967 3698 2027 3798 d.)

412 3804 568 3882 minum,
591 3802 651 3896 qui
667 3796 789 3873 scilieet
813 3791 1036 3875 id‘conssituit
1060 3830 1098 3875 ae
1120 3831 1204 3893 pra·
1228 3799 1427 3896 Apostolicu
1456 3802 1640 3879 ordinatio.
1691 3826 1701 3869 1
1726 3804 1807 3871 Cor.
1834 3798 1932 3868 XIV.
1964 3812 2024 3885 34.

409 3900 525 3985 eepit,
549 3921 619 3982 quo
637 3897 737 3969 verba
754 3906 940 3989 expendens
956 3899 1205 3986 Chrysostomos
1229 3899 1435 3973 Melioribus
1448 3924 1513 3971 non
1525 3900 1736 3999 permittitur
1750 3899 1785 3967 in
1804 3894 1954 3994 Ecclefio
1970 3896 2027 3967 lo·

410 3994 528 4066 homil.
546 3994 620 4066 XX.
641 3997 676 4066 in
694 4000 787 4085 epist.
803 4003 843 4070 ud
861 3995 978 4085 Ephes.
998 3997 1133 4071 scribit:
1163 3997 1206 4072 Si
1229 4002 1301 4095 qui,
1318 3996 1381 4095 sed
1393 3997 1551 4095 subditos
1572 3995 1646 4093 effe,
1670 4000 1758 4097 ficut
1783 3992 1824 4066 δ’
1844 3994 1903 4066 lex
1921 3996 2025 4069 dicit.

410 4094 468 4180 ir,
502 4094 559 4190 qui
576 4091 629 4166 tis
650 4097 798 4168 externit
817 4095 975 4170 ciuilibus
998 4099 1208 4198 mogislroti·
1231 4099 1316 4186 Eph.
1333 4106 1372 4169 V.
1389 4123 1445 4171 22.
1496 4084 1661 4169 ilsulieres
1679 4096 1765 4170 uiris
1776 4089 1924 4188 subditae
1933 4093 2030 4192 stur,

413 4193 474 4267 bus
488 4194 622 4306 restitit,
653 4187 724 4266 Dei
744 4194 954 4268 ordinationi
967 4198 1101 4295 rrfistit‚
1120 4197 1207 4269 mul·
1221 4199 1310 4297 ficut
1333 4193 1493 4270 Domino.
1516 4196 1592 4269 Col.
1608 4204 1667 4267 ΙΙΙ.
1686 4212 1738 4282 ι3.
1791 4188 2033 4289 Subditaefiut

411 4303 454 4365 to
470 4317 580 4388 mogus
602 4315 705 4376 uror,
734 4314 808 4387 quer
828 4297 953 4366 mmm>
978 4320 1043 4368 non
1063 4294 1204 4391 subjici·
1230 4298 1266 4368 in
1285 4292 1442 4366 Domino.
1470 4322 1478 4368 ι
1497 4297 1585 4364 Tim.
1606 4301 1646 4366 11.
1667 4315 1716 4363 ιι.
1771 4288 1849 4363 Nou
1865 4293 2030 4384 permitto

472 2377 544 2432 litut.

275 4401 281 4420 ‘
413 4404 482 4467 tur.
532 4388 593 4464 Sic
619 4387 716 4480 Deuq
735 4391 846 4463 uoluit
869 4394 914 4466 ob
940 4396 1050 4467 initio.
1102 4398 1206 4485 Cogi·
1231 4394 1364 4465 mulieri
1383 4392 1564 4463 dominari.
1581 4394 1648 4463 Tit.
1674 4400 1713 4461 11.
1738 4411 1769 4475 5.
1820 4386 2029 4484 Adolescen-

412 4512 487 4564 tent
501 4513 585 4580 ergo
597 4490 844 4576 piamulieres‚
870 4489 901 4565 se
915 4491 1105 4579 obsequium
1123 4493 1204 4564 illud
1230 4492 1310 4566 tulae
1327 4492 1413 4564 uiris
1429 4489 1503 4584 ¹suis
1520 4489 1636 4560 delent
1650 4486 1708 4584 offe
1724 4486 1877 4580 subdito.
1904 4492 2025 4568 tl‘etr.
2068 4567 2088 4588 υ

411 4613 478 4660 non
493 4585 702 4672 luminibus,
722 4586 786 4682 sed
811 4585 886 4661 Deo
912 4594 1094 4680 praeliare,
1129 4593 1205 4676 quio
1230 4598 1287 4663 111.
1308 4619 1339 4666 ι.
1378 4588 1542 4662 Mulieres
1554 4586 1777 4683 sutditaestm
1791 4588 1887 4660 viris.
1901 4583 2028 4677 Ephe-s.

410 4694 503 4761 Deos
527 4684 569 4757 src
587 4688 804 4762 ordinavit&
826 4690 983 4770 instituit.
1009 4715 1046 4760 oc
1067 4685 1205 4760 vicissim
1230 4697 1269 4759 V.
1292 4713 1347 4779 33.
1407 4684 1791 4781 Uxormoritumsuum
1811 4687 1939 4757 timeat.
1980 4694 2028 4772 e.)

411 4784 525 4859 senon
539 4786 573 4854 in
589 4787 675 4855 viros
690 4804 815 4858 tantum
830 4843 838 4870 ‚
856 4784 910 4859 sed
928 4789 963 4857 in
977 4785 1082 4876 ipsum
1093 4788 1204 4858 Deum
1226 4784 1402 4883 ¹Coniugii
1425 4787 1583 4860 conditio.
1634 4787 1799 4880 Quamvis
1821 4787 1948 4856 ratione
1971 4791 2035 4871 ju·

410 4906 573 4974 peceare,
604 4879 793 4955 sedebitam
810 4884 901 4956 illam
924 4883 1145 4962 obedientiam
1172 4894 1206 4958 δι
1231 4891 1275 4958 ris
1295 4913 1332 4959 ac
1352 4890 1518 4974 potestatis
1543 4907 1664 4956 mutuae
1687 4888 1721 4954 in
1749 4908 1869 4972 eorpus
1888 4880 2032 4954 ulterius

412 4981 661 5086 tiburtinam·
678 4985 801 5063 meritis
828 4989 1004 5075 denegent.
1055 4983 1100 5076 b.)
1127 4981 1206 5055 Pri·
1231 4984 1268 5056 fit
1283 4989 1372 5058 inter
1386 4995 1547 5078 conjuges
1561 4987 1709 5071 quaedem
1723 4982 1898 5069 equalitas,
1914 5001 1925 5047 t
1940 4980 2026 5052 Cor.

409 5101 470 5155 na
487 5078 639 5156 mulieris
655 5078 843 5174 formatio.
915 5087 1014 5158 Hune
1041 5087 1203 5159 rationem
1230 5092 1303 5160 vu.
1320 5107 1355 5175 4.
1377 5105 1488 5161 tameo
1505 5086 1578 5161 viro
1593 5081 1762 5176 dignitatis
1777 5105 1817 5155 ac
1836 5079 2034 5155 dominatus

1941 5199 2038 5267 prae·
