4884 5984
326 479 330 486 ’
431 475 482 552 so
863 475 1015 552 locvs
1040 481 1165 552 xxvi.
1210 475 1369 552 ²CAPVT
1395 479 1450 550 Xt‘
1490 475 1613 552 SECT.
1644 481 1673 552 1.

315 723 319 728 -
432 664 651 760 probratione
670 668 814 744 leviticis
834 671 890 746 vel
908 648 1029 765 judaeis
1051 669 1105 744 vel
1120 673 1228 765 geriti-
1254 671 1413 744 duitatem
1436 668 1586 768 proseffae
1606 689 1721 754 erant,
1742 669 1872 746 nubere
1892 665 2053 746 concedi.

432 768 496 856 bus
513 763 640 852 nubere
657 767 805 859 possent,
830 797 900 862 quo
909 770 1009 854 ¹sensu
1025 773 1230 863 Epiphanius
1255 773 1440 862 Cyprianus
1455 770 1513 844 lib.
1526 779 1553 848 t.
1567 775 1661 860 epist.
1678 779 1737 845 xi.
1756 766 1833 845 Deo
1849 769 1987 844 dicatas
2001 791 2070 858 iro-¹

433 866 514 950 liaer.
538 871 625 942 lxi.
648 867 823 946 discrimen
849 869 929 946 sarit
953 874 1041 944 inter
1063 873 1176 975 κρίμα
1195 881 1230 944 &
1244 881 1329 950 aot,
1353 881 1386 954 di
1407 873 1513 952 eddim
1574 867 1674 968 Quod
1691 873 1723 970 β
1746 895 1791 944 ex
1801 870 1876 970 fide
1898 865 2057 966 serri·

433 959 553 1044 mise
573 993 665 1062 ιμιι,
690 995 729 1042 ac
747 973 860 1060 viduas
875 969 947 1044 illas
964 969 1077 1068 κρίμα
1090 977 1127 1044 in
1141 969 1231 1042 iudi-
1246 971 1303 1068 sto
1326 969 1540 1054 dirauentnt,
1571 971 1704 1064 pudiea
1728 965 1770 1044 8
1790 971 1977 1142 ιαβιῖβιιε
1991 965 2060 1042 uso

432 1065 486 1139 cio
503 993 664 1166 eccsefiae,
692 1075 760 1142 riori
778 1090 888 1144 autem
904 1067 1115 1174 κατάκριμα
1129 1071 1166 1145 in
1180 1071 1232 1144 iu·
1248 1065 1622 1166 sobuio'perseuerent‚
1654 1069 1706 1157 ¹ita
1722 1068 1838 1161 sortes
1912 1065 2055 1170 stabiles

433 1165 526 1241 dicio
543 1167 662 1242 diuino
687 1167 825 1244 habere·
835 1165 973 1254 adserit,
996 1165 1149 1259 fipostea
1169 1194 1230 1242 nu·-
1253 1169 1428 1266 praeniiuni
1470 1168 1689 1262 uirginitatis
1722 1165 1935 1266 exspreiienr..
1974 1159 2062 1239 -Sin

433 1267 514 1340 bere
537 1267 652 1341 velint.
704 1275 758 1358 2.)
777 1274 909 1352 Docet,
936 1291 1047 1342 omnir
1071 1291 1231 1342 canimen-
1255 1279 1364 1340 autam
1390 1265 1598 1363 perseuerare
1626 1266 1771 1352 nolunt,
1808 1277 1868 1342 aet
1890 1287 1959 1340 non
1978 1257 2066 1360 pos·-

434 1376 562 1440 tatorer
582 1377 703 1440 ueteres
723 1363 765 1440 ss
783 1367 891 1441 niulto
912 1367 1057 1441 concilio
1077 1369 1163 1442 stunc
1179 1369 1231 1441 la·
1248 1365 1350 1464 sunt,
1382 1368 1500 1440 melius
1521 1369 1564 1467 ιβ
1594 1378 1632 1440 ut
1655 1365 1803 1453 nubant,
1836 1387 1936 1460 quarn
1959 1371 1997 1436 ut
2018 1359 2054 1436 in

435 1490 509 1539 curn
522 1467 572 1562 βι
591 1462 791 1564 exposuisse,
821 1478 861 1544 ut
879 1489 941 1564 per
957 1468 1115 1565 primunr
1124 1467 1231 1568 fidem
1255 1469 1366 1564 ignem
1378 1464 1454 1562 suis
1469 1465 1602 1546 deliciis
1619 1467 1754 1540 rodant.
1813 1461 1913 1539 Certe
1927 1460 2053 1536 nustria

438 1564 665 1642 intellexerint
685 1579 800 1640 voturi
821 1579 987 1666 perpetua
1007 1569 1229 1644 continentia.
1249 1564 1425 1660 fratribus
1462 1577 1524 1639 out
1550 1563 1728 1660 sororibus
1760 1561 1966 1661 scandalum
1992 1557 2055 1656 so·

437 1661 540 1756 Resp.
558 1665 794 1755 expositionem
817 1671 961 1742 nostram
977 1667 1106 1759 eripfis
1125 1690 1233 1741 textus
1255 1667 1359 1740 ciant.
1411 1663 1617 1754 Epiphanius
1637 1672 1668 1738 d.
1690 1665 1714 1737 l.
1742 1667 1956 1737 traditionem
1978 1683 2057 1749 pro·

437 1761 618 1837 visceribus
636 1768 949 1852 demonstrauimus,
975 1792 1048 1855 qiiae
1067 1793 1135 1841 non
1153 1788 1232 1857 pot·
1255 1763 1343 1851 fert,
1361 1763 1533 1862 peceatum
1550 1759 1609 1860 ςβι
1628 1766 1700 1864 post
1714 1762 1883 1837 decretam
1904 1757 2054 1856 uirginis

434 1865 482 1937 eli
497 1883 661 1953 pretextu
680 1867 838 1938 novitatis
854 1865 1042 1958 repudiari,
1066 1893 1144 1940 cum
1160 1867 1233 1954 qui·
1257 1876 1359 1938 tatem
1386 1863 1433 1936 ad
1460 1865 1599 1972 nuptiur
1631 1863 1807 1944 corruerti,
1847 1884 1889 1933 ac
1913 1849 2055 1956 proinde

434 1963 514 2034 dum
547 1987 588 2036 ex
618 1961 695 2054 ipss
722 1965 895 2039 veteribus·
920 1967 1072 2040 eamdem
1105 1965 1232 2054 ample-
1257 1963 1357 2038 nrulti
1386 1963 1545 2058 temporis
1562 1963 1794 2058 partirentiani
1822 1960 1969 2058 imponit
1996 1981 2055 2032 nt·
2095 2013 2099 2020 -

435 2063 580 2133 matur.
632 2067 706 2134 Nec
729 2087 812 2151 opus
834 2067 882 2136 est
903 2063 1013 2137 dubiis
1035 2067 1232 2137 conicituris
1257 2061 1408 2136 bentibus
1422 2064 1493 2160 ροβ
1517 2073 1647 2146 uotum,
1669 2073 1707 2135 ut
1726 2063 1770 2152 βι
1788 2061 1923 2133 tandem
1940 2057 1987 2132 ad
2006 2079 2055 2130 ec·
2086 2069 2090 2076 '

437 2156 493 2231 vel
519 2159 722 2249 expositione
750 2162 885 2234 aliunde
907 2163 941 2233 in
968 2159 1168 2252 scripturam
1192 2160 1233 2234 il·
1255 2163 1385 2260 cleſsam
1407 2163 1635 2241 inducantur,
1670 2171 1718 2234 &=
1733 2161 1796 2230 hoc
1819 2183 1916 2232 vocat
1936 2153 2076 2254 apium·

436 2253 521 2340 lita,
543 2257 641 2345 quale
659 2258 868 2347 propositum
890 2269 926 2332 δι
947 2257 1053 2348 qualis
1074 2257 1233 2349 professo
1257 2266 1320 2334 Sed
1339 2265 1448 2334 addit:
1473 2257 1605 2333 Melius
1615 2259 1658 2359 esi
1672 2256 1791 2332 babere
1805 2260 2055 2363 spirtu„un

437 2353 612 2428 coelibitus
630 2374 785 2446 tempore
802 2353 1029 2446 apostolorum
1044 2355 1147 2432 suerit
1170 2358 1233 2432 osi·
1256 2352 1487 2458 ιιαιιιίιιριμα,
1524 2357 1643 2432 melius
1671 2362 1714 2458 ιβ
1743 2365 2051 2454 unum·peccotunr

439 2473 524 2539 teta,
540 2479 618 2528 cum
631 2449 751 2527 diserte
765 2457 799 2526 id
810 2452 999 2545 expositum
1010 2459 1113 2530 exstet
1131 2463 1233 2532 iCori
1258 2455 1402 2538 babere,
1434 2482 1534 2552 quarn
1552 2459 1682 2555 pluro,
1716 2457 1833 2530 melius
1858 2459 1901 2557 ιβ
1921 2451 2065 2554 lapsuris-

439 2549 526 2624 vti.
546 2574 617 2624 tum
640 2552 739 2628 nord
754 2545 875 2642 uteie,
906 2577 939 2624 v.
962 2577 1017 2646 37,
1038 2557 1095 2650 qui
1108 2558 1235 2654 statuit
1259 2579 1281 2628 a
1304 2555 1400 2652 cursu
1418 2558 1539 2652 palam
1551 2557 1620 2656 stbi
1633 2581 1771 2630 uxorenr
1793 2557 1963 2652 occipere,
1981 2556 2058 2630 iux·

330 2675 333 2680 ·
435 2647 477 2723 iri
494 2649 591 2725 corde
607 2647 674 2748 suo
684 2651 826 2748 firmus,
858 2647 899 2724 ss
910 2651 984 2732 ¹broc
1005 2653 1174 2730 iudicauit
1196 2655 1235 2729 in
1260 2665 1297 2728 ta
1323 2655 1451 2752 legem,
1477 2679 1576 2751 quani
1599 2656 1738 2730 occultis
1760 2655 1883 2730 iacrilis
1895 2651 2056 2750 sauciari

387 2769 391 2778 ·
438 2750 538 2824 eorde
549 2748 638 2846 saro,
664 2770 736 2820 tum
754 2747 835 2830 κατ’
856 2750 952 2846 espen
976 2779 1010 2826 v.
1028 2775 1085 2844 35.
1109 2778 1176 2826 non
1194 2765 1235 2830 ut
1259 2752 1304 2828 ab
1326 2755 1557 2850 improbitate,
1580 2777 1652 2852 quae
1672 2757 1735 2852 ι’ρβ
1755 2778 1778 2827 o
1797 2751 2057 2852 diaboloinfer·
2083 2817 2085 2822 .

438 2845 595 2946 laqueum
613 2845 711 2922 uobis
729 2846 905 2930 iniiciom,
930 2877 964 2922 v.
977 2876 1014 2943 9.
1038 2851 1150 2950 quifi
1167 2877 1234 2928 non
1258 2864 1333 2938 tur,
1351 2864 1385 2927 &
1400 2853 1465 2926 hoc
1483 2877 1580 2926 vocat
1591 2846 1819 2951 nundinae,
1842 2859 1977 2942 quando
1991 2873 2066 2926 ma¹¹

440 2951 635 3036 continent,
668 2945 821 3034 nubunt,
840 2971 935 3040 ergo
962 2949 1171 3043 propositum
1194 2981 1234 3032 ae
1257 2953 1331 3032 lunt
1357 2953 1487 3026 occulte
1509 2951 1670 3036 scortari,
1714 2979 1813 3041 quiin
1837 2957 1928 3042 apud
1949 2949 2070 3028 homi.

436 3045 600 3138 professio
623 3047 798 3120 coelibatus
816 3048 852 3117 iu
878 3046 1021 3121 ecclesis
1048 3049 1235 3140 apoliulicie
1248 3076 1315 3126 nes
1344 3049 1515 3126 confundi.
1588 3046 1844 3135 chrysostomus
1875 3067 2071 3124 coiumcrrt.¹

435 3172 505 3218 non
523 3145 591 3238 suit
608 3143 1103 3236 coniuncta-,cumdebiuratioue
1119 3155 1236 3230 coniiti-
1258 3151 1300 3220 de
1319 3149 1503 3220 iunioribus
1526 3151 1632 3220 viduis
1653 3153 1877 3240 virginitatem
1904 3145 2070 3238 professe-

435 3248 509 3338 gii;
541 3241 595 3318 sed
615 3241 804 3317 libertatem
828 3241 921 3316 illam
950 3243 1017 3320 sive
1039 3249 1140 3321 tacite
1166 3248 1233 3324 sire
1257 3249 1498 3334 interpretatur
1516 3246 1598 3318 illud
1622 3250 1854 3337 apostolicum:
1893 3249 1986 3323 Volo
2006 3249 2070 3320 iu·-

434 3343 583 3436 cxprelse
605 3343 719 3416 habuit
740 3347 904 3424 additam,
931 3364 967 3415 ut
991 3344 1013 3417 si
1036 3352 1233 3424 nonconti·
1258 3346 1367 3418 niores
1388 3345 1513 3418 trabere.
1586 3339 1753 3440 Quoniam
1774 3403 1783 3432 ,
1815 3351 1943 3435 inquit,
1977 3344 2054 3444 ipsa

436 3470 517 3519 nere
539 3442 682 3534 possut,
711 3441 859 3526 horest,
893 3440 916 3512 ii
943 3442 996 3515 vel
1021 3447 1154 3516 ustionis
1182 3446 1232 3518 su·
1258 3444 1377 3517 uolunt
1394 3442 1530 3528 nubere,
1556 3446 1636 3517 uolo
1656 3443 1774 3542 &ego
1790 3448 1937 3520 iuniores
1958 3445 2054 3519 raube-

436 3546 592 3618 siinendae
626 3542 680 3613 vel
708 3537 911 3612 scortationis
945 3541 1135 3632 periculum
1168 3549 1234 3616 im·
1257 3568 1310 3628 re,
1343 3541 1466 3616 liberos.
1486 3544 1649 3640 gignere,
1681 3546 1814 3618 domuin
1839 3545 2054 3626 adiniriillra·

436 3649 600 3729 pendeat,
627 3642 758 3726 nuptias
774 3641 972 3710 contrahere
992 3638 1125 3728 possint.
1167 3648 1231 3716 Εο.
1258 3668 1303 3715 re.
1349 3640 1487 3738 'Longe
1518 3644 1603 3714 eninr
1638 3648 1773 3744 praestat
1813 3643 1882 3717 bac
1916 3635 2069 3738 sarem,¹

436 3742 514 3812 dein
543 3741 644 3809 inodo
674 3739 1042 3825 textum-apostolicum
1066 3742 1232 3830 interpre·
1258 3763 1356 3836 quani
1383 3741 1461 3825 iila,
1497 3762 1567 3834 quae
1584 3740 1717 3836 scilieet
1741 3741 1780 3814 de
1805 3743 1982 3816 damnatis
2007 3743 2057 3816 vi·

441 3858 554 3909 tantur
573 3840 709 3928 quidam
730 3861 770 3910 ex
791 3833 856 3908 illis
882 3835 978 3924 ipsis,
1006 3863 1088 3926 quos
1108 3837 1230 3912 Bellor-
1259 3841 1334 3913 duis
1354 3839 1405 3912 ibi
1423 3840 1589 3912 dicuntur.
1647 3837 1832 3936 Oportebat
1850 3844 1982 3936 quidem
2004 3867 2056 3916 tu·

439 3939 549 4010 minus
565 3937 661 4010 nobis
675 3938 828 4025 opponit.
879 3939 990 4006 Patres
1005 3938 1232 4011 conciliiCar·
1258 3963 1359 4023 rare,
1401 3961 1472 4036 qua
1507 3936 1575 4012 Dei
1600 3936 1708 4033 ¹sitiit,
1747 3942 1924 4036 oportebat
1949 3945 2054 4040 fidem

442 4034 644 4129 rheginensis
664 4061 735 4108 can.
759 4039 849 4108 ΕΝ.
874 4043 909 4106 dt
931 4035 1061 4107 concilii
1079 4036 1233 4114 Toletani
1252 4037 1415 4137 seruare,
1453 4042 1586 4132 qnando
1619 4029 1695 4112 autb
1736 4039 1796 4113 iila
1835 4065 1901 4112 non
1935 4043 2055 4139 stunt,

442 4141 552 4230 quarti
577 4162 647 4206 cau.
670 4140 737 4205 LV.
758 4158 824 4204 non
844 4133 1006 4203 dirimunt
1029 4137 1159 4223 nuptias
1180 4161 1234 4208 eu·
1260 4137 1377 4209 militer
1402 4141 1444 4236 ιβ
1467 4138 1535 4210 siaec
1552 4140 1652 4236 fieri,
1683 4163 1782 4232 qiranr
1809 4140 1869 4212 illa
1886 4196 1895 4225 ‚
1912 4173 1916 4182 ·
1935 4144 2055 4238 quidpe

439 4263 537 4316 rum,
560 4261 630 4324 quar
651 4234 845 4305 viduitatem
860 4257 897 4301 ac
914 4235 1139 4322 virginitatem
1154 4259 1234 4322 pro·
1259 4235 1411 4309 viduitas
1443 4235 1503 4307 illa
1535 4237 1624 4310 ntn'l
1647 4236 1727 4309 boni
1751 4241 1869 4330 parit,
1900 4265 1946 4312 ex
1970 4240 2057 4332 bisce

442 4333 529 4426 sellie
548 4355 661 4410 eram,
687 4327 837 4402 sediliis
856 4334 1135 4417 poenisco‘e'rcent
1152 4333 1235 4404 levi·
1260 4359 1337 4408 vero
1367 4337 1495 4429 nuptiis
1523 4341 1664 4426 (earum
1698 4337 1820 4410 scilicet
1848 4363 1921 4424 que
1950 4329 2058 4413 vidui·

442 4457 544 4509 tatem
565 4431 607 4507 ab
630 4430 685 4502 illu
706 4425 907 4518 professione
922 4453 1048 4500 temere
1067 4429 1236 4505 disceden·
1261 4456 1362 4506 tatem
1383 4431 1533 4522 professe
1556 4457 1670 4515 erant,
1697 4461 1771 4506 cuin
1797 4439 1971 4509 continere
1990 4465 2057 4511 noti

443 4539 488 4609 di.
527 4543 702 4618 ,Ancyrana
719 4522 858 4616 synodus
874 4555 945 4600 can.
962 4536 1085 4601 XVllt.
1129 4527 1235 4627 Quot·
1259 4531 1410 4630 pulsent)
1449 4531 1555 4604 niulta
1588 4531 1688 4606 bona.
1768 4536 1994 4619 Hieronymus
2024 4541 2059 4611 in

443 4646 522 4734 qiam
545 4630 780 4726 virginitatem
801 4625 987 4723 pollicitam
1015 4633 1236 4722 praevaricati
1258 4636 1352 4720 episi.
1372 4636 1412 4704 ad
1436 4632 1606 4720 Ageruch.
1626 4634 1761 4721 exponit
1779 4654 1905 4704 textum
1928 4641 1969 4706 de
1990 4635 2059 4708 sor·

433 4734 521 4833 sunt
535 4727 728 4827 professore
746 4737 926 4812 coritiana,
949 4727 1039 4798 inter
1060 4727 1233 4824 bigamos,
1257 4734 1420 4804 nictatione
1447 4730 1512 4803 hoc
1539 4725 1652 4801 sensu:
1692 4729 1870 4831 Postquain
1896 4734 1936 4805 in
1965 4735 2057 4808 iniu-

441 4835 481 4910 id
501 4835 559 4933 ιβ,
591 4817 648 4923 qui
676 4827 721 4898 ad
741 4823 904 4922 fruendas
930 4827 1066 4920 nuptias
1098 4832 1234 4912 marabe-
1256 4830 1344 4900 riam
1358 4827 1473 4927 sponst
1489 4827 1548 4924 sui
1567 4829 1753 4921 sorrir'catae
1770 4830 1927 4922 suerint,
1953 4837 2075 4907 etiam-

441 4945 548 5022 runt,
585 4925 701 5001 lraberi
724 4923 850 5000 debent.
918 4924 1143 4998 Tertullianus
1171 4929 1229 5000 lib.
1255 4925 1317 4999 lior
1340 4927 1495 5012 odditrit,
1530 4939 1567 5000 nt
1596 4927 1715 5000 ritrbere
1746 4930 1863 5002 uelint.
1933 4937 2061 5008 Eadem

441 5036 484 5105 de
507 5054 643 5120 monog.
671 5052 700 5099 c.
732 5027 823 5098 Xlll.
859 5045 988 5093 tantuin
1022 5025 1231 5111 professionis
1255 5033 1355 5100 inodo
1386 5027 1515 5098 Basilius
1544 5031 1585 5098 dc
1616 5032 1702 5114 virg.
1740 5030 1861 5115 accipit
1894 5034 1937 5102 de
1968 5032 2064 5117 illis,

438 5133 612 5218 meminit,
637 5150 689 5208 ,ac
717 5121 904 5198 iunioribus
924 5122 1052 5206 viduis,
1085 5151 1157 5218 quit
1180 5129 1229 5202 vi·
1252 5148 1325 5224 artic
1351 5126 1623 5221 jbrnr‘canturo
1660 5123 1803 5227 carisio.
1872 5128 1954 5224 (At
1991 5159 2062 5208 non

1989 5229 2064 5308 for·
