4884 5984
451 518 527 599 304
632 572 642 597 ,,
907 491 1300 615 Adcssssmlllls
1348 488 1620 576 lullnlcn

451 736 482 781 „
508 680 613 783 tbaug
630 683 688 755 ἄνν
700 682 825 755 Κῐνᾶιν
843 682 880 755 ite
898 684 959 755 den
975 685 1141 781 geminen
1163 652 1266 758 Reel'·
1306 730 1333 772 „
1355 679 1508 780 Georges
1522 676 1707 776 ongestelste
1728 676 1838 752 Elee-
1854 681 2012 781 Klagein

454 837 484 883 „
510 793 563 854 leo
585 807 653 882 gor
682 782 768 854 nicht
794 782 952 877 erfordm
971 787 1110 871 roerde,
1143 787 1266 883 comig-
1306 830 1335 874 „
1360 795 1413 852 ten
1421 781 1755 880 niebtgegrrlndet.„
1815 783 1960 871 Quodfi
1970 804 2028 854 ver

344 946 347 951 .
457 938 486 979 „
499 879 591 979 fiens
621 880 673 953 ibt
702 878 870 979 Differrsus
896 883 1056 971 obderet,
1098 889 1269 958 tenrndtr
1309 883 1358 955 tri
1377 879 1710 954 binubae‘educatio
1736 880 1963 954 liberorum
1989 904 2029 953 no

458 1037 486 1081 „
516 979 626 1098 ther
647 984 725 1099 poelt
749 984 829 1072 sebi,
856 985 998 1053 ondtmit
1034 989 1091 1053 dtr
1110 981 1182 1055 Ele
1203 1005 1270 1099 so·
1309 981 1511 1077 linquitur,
1535 977 1593 1053 sed
1614 979 1696 1050 aliis
1718 1002 1866 1054 eorum
1885 983 2029 1097 ‘propin

458 1136 487 1279 3:
500 1081 816 1281 &gildas
834 1078 1269 1257 lsns‘lsitlzds
1310 1096 2024 1257 1⁰3⁴,sltrlllisfllflll{ils

459 1334 488 1376 „
515 1287 571 1353 der
583 1283 714 1355 Motter
735 1281 877 1377 Consano
896 1281 978 1354 oreb
997 1283 1147 1382 hrodger
1170 1282 1271 1355 Reci-
1313 1276 1412 1352 CCC.
1422 1280 1506 1352 med
1520 1299 1584 1363 13·
1604 1298 1660 1367 17.
1683 1281 1910 1351 tuncetiam
1930 1302 2029 1351 eamr

461 1433 489 1477 ‚‚
510 1396 563 1453 ten
579 1380 784 1482 notbmodig
801 1381 864 1477 ist,
896 1387 966 1454 ond
990 1384 1092 1453 darei
1115 1386 1165 1454 die
1190 1385 1273 1455 Eio.
1314 1380 1456 1450 ritatem
1468 1374 1647 1450 inliberos
1657 1377 1768 1448 matri
1778 1399 1863 1449 non
1874 1381 2029 1473 amplius

297 1498 301 1507 ’
362 1546 366 1551 .
461 1532 490 1573 „
516 1480 686 1581 uilligoog
698 1482 1000 1571 desStiefvaters,
1026 1481 1273 1556 welchendie·
1313 1496 1460 1574 petere,
1487 1473 1545 1548 sed
1572 1473 1686 1546 solum
1707 1477 2029 1551 adhucteverenti

461 1631 491 1673 „
517 1580 550 1654 se
569 1580 680 1653 Sache
694 1604 761 1680 gar
775 1584 873 1654 nicht
897 1600 1159 1680 angegangen,
1186 1582 1272 1654 nult
1312 1575 1430 1652 bitum
1444 1568 1642 1674 superesse,
1667 1573 1921 1651 arbitramur.

235 1726 246 1743 .
335 1780 337 1785 Ι
460 1730 491 1774 „
512 1681 669 1779 suppsiret
690 1684 820 1759 totrdeo
848 1683 995 1795 idom)
1027 1678 1124 1757 soist
1140 1684 1190 1756 die
1207 1706 1273 1755 von

1192 1895 1252 1971 Ad
1278 1904 1310 1984 t.
1337 1900 1397 1987 87.

811 2074 1070 2173 Quaestlonem,
1095 2101 1142 2155 an
1164 2080 1278 2176 porris
1317 2096 1405 2163 tur,
1443 2072 1572 2147 &vice
1594 2069 1696 2146 versa
1721 2070 1839 2146 etiam
1860 2074 2029 2148 manisd

465 2176 514 2240 da
531 2173 691 2263 praeferen-
741 2175 927 2250 consensus
956 2182 1203 2274 proferendus
1236 2176 1277 2254 fit
1318 2175 1375 2250 sus
1396 2196 1469 2245 non
1490 2175 1720 2259 attendatur,
1763 2172 1937 2269 srpatris
1961 2174 2029 2246 suffr

459 2255 701 2423 Εβᾙζῖ
739 2274 1040 2394 maternosquam
1051 2280 1274 2398 benennom
1315 2273 1517 2443 liberhorum
1533 2274 1667 2443 puptiae
1684 2271 1749 2344 srnt
1772 2274 2024 2391 comprobata

528 2416 631 2484 „n
738 2381 1275 2553 asltlttstlidl‘sll
1315 2373 2029 2568 sslnsibiinlulnifflllleffl

740 2569 884 2659 firmat,
913 2576 1055 2650 etiami
1082 2577 1124 2649 fis
1144 2577 1278 2673 princi·
1316 2576 1391 2647 l’rae
1424 2573 1504 2645 aliis
1535 2571 1606 2643 huc
1635 2571 1794 2667 pertinet
1831 2575 2029 2647 Larsrrt

466 2672 541 2771 piis
562 2670 652 2745 iuris
731 2672 904 2759 rmanici,
928 2675 984 2746 uti
999 2603 1197 2765 hagenus,
1220 2677 1291 2751 ul·-
1318 2674 1402 2745 med.
1425 2676 1469 2742 od
1479 2675 1584 2766 pond.
1609 2668 1658 2765 sp.
1677 2668 1810 2743 XVIII.
1831 2693 1885 2742 m.
1919 2694 1957 2762 3,
1983 2672 2028 2746 ub

299 2772 301 2779 '
395 2846 397 2853 ,
466 2773 582 2847 terius
612 2770 679 2843 illu
750 2792 788 2842 ro
810 2765 1007 2865 possumus.
1059 2775 1121 2849 Uti
1148 2774 1278 2871 proba·
1316 2773 1383 2846 xin
1418 2772 1510 2845 hanc
1551 2767 1751 2842 testimonio
1793 2771 2029 2869 Wittebergo

467 2872 614 2959 vimus,
641 2866 860 2967 inpotestate
876 2871 1067 2948 domestica
1091 2877 1129 2947 in
1143 2872 1278 2950 liberos
1322 2869 1536 2960 confirmat,
1563 2867 1850 2964 &ungularem
1875 2870 2029 2943 referte

470 2988 690 3043 concurrens
719 2970 778 3040 ius
807 2971 920 3064 patris
947 2978 981 3044 dc
1003 2977 1129 3048 mattis
1150 2970 1278 3063 fuisse,
1320 2972 1443 3044 Puella
1467 2968 1634 3067 quaedam
1657 2966 1834 3063 sponsalia
1867 2971 2027 3042 iniverat

350 3070 361 3096 ⁰
470 3071 522 3143 ita
537 3068 640 3141 srmul
652 3066 936 3157 observandum,
962 3073 1072 3145 etiam
1083 3066 1280 3147 secundum
1321 3071 1480 3158 iuvene,
1519 3066 1677 3141 adhibito
1693 3066 1868 3141 consensu
1885 3092 2029 3165 paterne

468 3189 592 3243 mores
611 3186 873 3265 germanorum
882 3170 934 3240 ios
945 3176 1056 3264 petris
1076 3193 1150 3268 prae
1166 3192 1279 3244 matre
1346 3166 1764 3259 lesloautemmatern03
1791 3189 1884 3241 cum
1895 3171 2026 3242 deinde

470 3262 719 3363 semperfuisse
730 3268 955 3361 praecipuum.
1005 3262 1280 3344 liaenimsocie-
1319 3192 1404 3356 fus,
1430 3288 1470 3340 ut
1485 3268 1618 3362 nuptiae
1639 3264 1949 3357 celebrarentur,
1973 3291 2029 3364 urp

471 3369 552 3440 tatis
581 3364 805 3441 connubialis
840 3370 936 3462 apud
965 3391 1160 3467 germanos
1186 3373 1278 3443 ratio
1320 3366 1394 3439 filia
1416 3375 1566 3463 &pater
1588 3367 1799 3460 poenitentia
1827 3366 1935 3440 dusii
1951 3376 1987 3440 δι
2005 3390 2029 3438 rt

470 3466 562 3554 suit,
595 3485 637 3538 ut
655 3486 752 3538 uxor
766 3462 839 3559 ipsa
865 3467 903 3539 in
924 3468 1090 3563 potestate
1112 3477 1146 3541 ὃν
1168 3492 1280 3544 manu
1320 3487 1359 3538 re
1392 3466 1576 3561 cupientes
1608 3482 1762 3536 matrem
1790 3463 2029 3540 subornaban

301 3562 333 3592 '¹
462 3566 595 3665 *mariti
620 3561 843 3658 consisterem
880 3568 1119 3661 quamobrem
1133 3568 1206 3665 ipsa
1218 3570 1281 3641 illa
1322 3566 1579 3653 intercederet,
1605 3584 1714 3659 atque
1730 3560 1891 3638 dissensu
1909 3567 1973 3641 suo
1985 3590 2029 3639 cor

230 3724 232 3729 .
335 3758 337 3763 Ι
471 3662 623 3763 potestas
647 3663 756 3735 etiam
784 3667 892 3738 matri
916 3668 954 3739 in
973 3667 1108 3742 liberos
1137 3689 1280 3764 compe·
1321 3667 1521 3737 mationem
1561 3663 1783 3759 matrimonii
1812 3666 2029 3763 impediret.

471 3787 551 3838 tens
578 3763 662 3837 huic
680 3761 753 3835 iuri
775 3783 922 3858 paterno
939 3765 1167 3841 subordinate
1185 3766 1279 3854 fuit,
1321 3764 1520 3837 hilominus
1540 3784 1652 3847 vero,
1684 3764 1759 3833 baec
1777 3760 1966 3857 sponsalia
1988 3789 2029 3838 co

472 3872 508 3937 δι
526 3884 628 3959 pater
650 3881 824 3957 tanquam
845 3886 952 3961 eaput
976 3866 1122 3941 familiae
1141 3865 1282 3963 semper
1322 3863 1454 3936 manda
1463 3856 1555 3950 elle,
1582 3862 1781 3935 iudicatum
1797 3861 1900 3953 suit,
1929 3864 2029 3938 adies

332 3952 336 3971 '
470 3962 713 4061 principalem
753 3964 792 4034 in
840 3965 1039 4061 dirigendis
1080 3965 1282 4038 liberorum
1322 3959 1547 4036 rationibus:
1585 4009 1612 4049 „
1631 3962 1773 4036 Dimeil
1800 3964 1886 4034 aber
1920 3969 1974 4037 die
2000 3966 2029 4035 le

473 4057 1185 4157 adilonibushabuitaufloritatemevid.
1195 4065 1283 4137 Har·
1322 4111 1350 4151 „
1378 4059 1522 4149 Recito,
1566 4061 1676 4135 welche
1695 4056 1884 4159 ruffo-des
1913 4068 1960 4143 V
1955 4080 2029 4136 olet

320 4159 348 4187 “’
471 4164 630 4235 tororum
655 4163 691 4230 in
723 4162 810 4231 esem.
836 4163 1027 4259 iungeret.
1050 4168 1091 4236 L.
1115 4162 1142 4236 l.
1167 4183 1191 4236 l.
1219 4162 1282 4238 IV.
1323 4210 1350 4252 „
1375 4165 1433 4233 der
1457 4166 1591 4235 Motter
1613 4164 1857 4261 Einwilsiguog
1886 4189 1940 4239 zu
1964 4166 2029 4240 Ver

473 4271 503 4349 ς.
529 4282 585 4356 14.
613 4261 716 4333 cuius
741 4260 795 4330 rei
824 4260 856 4331 is
885 4261 993 4333 etiam
1012 4260 1083 4335 fuit
1104 4260 1282 4352 effeslus,
1323 4310 1350 4352 „
1377 4259 1484 4359 ibong
1512 4265 1570 4333 der
1604 4266 1727 4335 Kinder
1747 4264 1964 4360 erfordem
2003 4293 2029 4339 n

473 4381 540 4448 ut,
566 4355 774 4455 parentibus
785 4358 1042 4449 diffidentibus,
1064 4360 1180 4433 maior
1191 4364 1281 4434 ratio
1325 4409 1352 4448 „
1379 4365 1450 4430 dem
1479 4363 1574 4452 Fosi,
1611 4387 1704 4435 uene
1732 4366 1788 4433 der
1809 4365 1934 4438 Voter
1951 4369 2029 4439 oieb

472 4458 670 4531 voluntatis
697 4476 867 4551 paterna,
899 4479 1011 4555 quam
1024 4480 1194 4533 maternae
1221 4464 1282 4532 ha·
1324 4508 1352 4549 „
1378 4458 1581 4549 pudendm,
1615 4487 1662 4535 zo
1682 4459 1841 4557 onstrben
1853 4465 2005 4565 sepem

473 4557 549 4631 bita
573 4556 694 4630 fuerit.
745 4554 988 4654 Conspicuam
1017 4560 1053 4631 id
1077 4558 1148 4633 fuit
1174 4561 1283 4633 etiam
1326 4607 1354 4649 „
1376 4583 1481 4658 gegen
1498 4586 1591 4633 menn
1611 4562 1710 4658 dieser
1732 4564 1863 4635 oenoeb
1886 4569 1977 4656 lest,
2011 4594 2029 4638 e

471 4659 513 4743 in
548 4656 685 4751 nuptiis
711 4654 912 4730 liberorum
932 4660 1165 4749 ordinandis,
1191 4660 1300 4753 circa,
1327 4707 1354 4746 „
1380 4667 1439 4732 dos
1454 4681 1559 4756 caput
1576 4661 1748 4750 familiae,
1790 4676 1897 4737 noter
1922 4666 2028 4767 deffen

474 4780 588 4854 quas,
625 4753 650 4828 st
674 4756 713 4826 in
742 4756 899 4830 diversas
922 4756 1066 4832 'abirent
1097 4755 1286 4833 sententias
1327 4806 1354 4847 „
1380 4759 1548 4858 ntffgleit
1565 4765 1615 4833 die
1635 4762 1881 4861 Mottersesbst
1904 4772 2029 4869 einiger

472 4876 665 4954 parentes,
687 4857 799 4948 patris
813 4856 1287 4957 iodiciumptaevaluitooson·
1329 4904 1356 4946 „
1372 4856 1496 4955 stebet,
1521 4862 1821 4954 confiderirltoird,
1848 4873 1911 4937 der
1926 4871 2029 4941 Multi

475 4961 538 5027 titi
553 4969 731 5028 saeternae.
782 4955 826 5027 Et
853 4957 890 5029 id
917 4980 1065 5056 quoque
1088 4960 1289 5031 hodienum
1330 5005 1357 5046 „
1373 4958 1519 5054 sens‘zu
1542 4962 1708 5058 erfordero
1730 4987 1831 5061 ganz
1855 4968 1953 5042 nieht
1975 4994 2029 5041 uon

477 5053 676 5127 constanter
692 5052 925 5143 observatur,
962 5060 1114 5145 utideo,
1143 5058 1291 5155 stpater
1332 5103 1359 5145 „
1388 5056 1451 5151 ist;
1474 5057 1780 5150 fhlaoeewirssu.
1809 5062 2029 5143 Conferet

476 5149 676 5245 dissentiat,
706 5155 831 5231 matris
856 5155 1043 5271 consensus
1057 5158 1292 5281 nihilopere·
1332 5157 1519 5260 despooflts.
1536 5160 1725 5261 capus·
1741 5172 1777 5252 8⁴
1791 5161 1949 5248 Manus
1962 5191 2029 5271 par
