4884 5984
521 501 568 588 ,t
936 487 1088 564 toctr
1113 485 1239 562 xxvi.
1290 483 1450 560 crrvr
1472 489 1516 558 x.
1565 485 1687 562 seer.
1713 491 1741 559 ι.

520 677 713 769 placentem
731 685 907 771 dudturort
932 685 1003 758 hec
1024 683 1189 774 stipulatio
1209 671 1334 756 diciru'r
1358 678 1488 778 ΙἙιιιιᾶἰο
1506 681 1715 773 requirebat,
1739 699 1777 754 ut
1791 678 1982 758 abdicarent
1999 675 2034 754 se
2057 677 2165 780 priva,

526 773 609 852 fider
633 788 768 872 prima,
805 783 897 856 illem
926 790 1060 860 demum
1083 777 1230 870 sequitur
1254 777 1334 852 fidet
1360 803 1393 852 ta
1413 805 1495 854 cura
1520 785 1570 854 rei
1601 779 1790 865 familiarite
1815 784 1956 871 proinde
1977 779 2046 852 noh
2073 803 2167 882 pote·
2193 809 2196 814 ·

528 877 656 965 altera,
696 908 768 970 quc
791 881 1066 980 prestari'salet,
1097 905 1173 954 cum
1201 879 1274 966 quir
1292 879 1335 948 ad
1360 899 1435 951 rent
1460 875 1526 952 esse
1548 883 1729 971 coniuges,
1759 885 1917 968 quamdiu
1936 883 1971 952 in
1990 877 2051 952 illo
2071 875 2169 952 colle·

528 976 665 1064 publica
691 980 799 1052 officia
831 1007 869 1053 ac
902 976 1032 1052 servitia
1060 980 1131 1052 aliis
1154 977 1337 1066 prestanda
1360 979 1418 1068 gio
1441 978 1581 1057 vivere,
1613 987 1648 1050 dc
1670 981 1712 1049 de
1736 977 1875 1067 publico
1893 972 2063 1050 sustentari
2080 973 2169 1058 vole·

529 1083 801 1166 vocatur;.qnod
822 1079 1001 1150 ministerio
1023 1087 1058 1152 δι
1075 1075 1185 1148 officio
1204 1070 1263 1146 stto
1282 1073 1338 1164 pie
1361 1075 1452 1146 bant.
1513 1078 1544 1147 Si
1571 1077 1661 1147 euim
1691 1073 1889 1167 cogitassent
1910 1099 1972 1164 per
2000 1075 2172 1147 matrima·
2202 1081 2204 1086 '

529 1171 710 1266 diligenter
726 1185 759 1250 3<
773 1175 917 1248 fideliter
930 1173 1029 1265 sangi
1049 1174 1141 1248 velit.
1189 1175 1248 1268 9.)
1268 1175 1338 1243 lle-
1360 1171 1454 1244 nium
1480 1171 1541 1243 sibi
1567 1167 1743 1245 adsciscere
1765 1176 1945 1256 maritum,
1975 1196 1995 1244 a
2016 1195 2086 1260 quo
2105 1169 2169 1246 alc·

530 1291 684 1361 pugnent
702 1295 811 1346 textor
829 1276 1097 1345 circumstantie.¹
1140 1275 1266 1342 Votum
1282 1271 1339 1342 dc·
1361 1290 1496 1355 rentur,
1525 1278 1559 1343 &
1580 1293 1695 1341 curam
1725 1272 1774 1342 rei
1794 1269 1963 1343 semiliaris
1989 1264 2168 1360 susciperet

530 1362 648 1442 sinitur
667 1368 820 1466 solennis
842 1367 1008 1468 promiffio
1030 1369 1192 1468 proposttt'
1205 1365 1341 1464 strpere-
1362 1393 1430 1442 non
1450 1362 1616 1457 petiill'ent
1628 1363 1663 1438 se
1680 1371 1713 1439 in
1733 1367 1815 1440 illud
1835 1367 2017 1460 collegium
2034 1367 2168 1458 coopto·
2189 1449 2195 1456 ,

535 1470 694 1562 rogantis
702 1467 763 1564 sea
778 1468 818 1542 de
830 1467 915 1544 bona
934 1469 1085 1557 meliori,
1108 1467 1195 1564 quod
1206 1468 1255 1564 fit
1268 1487 1340 1536 mo·
1367 1471 1421 1547 ri,
1459 1468 1495 1537 in
1521 1470 1610 1554 quod
1637 1489 1683 1536 eae
1710 1470 1872 1538 duntaxat
1898 1465 2169 1553 recipiebantur,

563 1564 593 1637 is
615 1569 833 1642 mallonum.
884 1575 958 1660 Jam
980 1592 1060 1641 vero
1079 1567 1144 1640 illis
1167 1566 1272 1637 viduit
1286 1565 1440 1652 tri-quc
1469 1567 1637 1635 neminem
1664 1559 1856 1650 habebant,
1891 1589 2000 1652 aquo
2020 1559 2170 1638 susican-

587 1665 598 1734 i
619 1669 753 1754 nequit,
777 1669 870 1754 quod
889 1668 1083 1738 viduitatem
1099 1665 1263 1758 elegerint
1285 1657 1344 1730 sub
1369 1685 1505 1740 rentur,
1527 1685 1666 1748 queque
1690 1684 1826 1748 operam
1849 1657 1938 1734 seam
1959 1661 2104 1736 ecclesie
2122 1665 2171 1738 de·

538 1762 697 1850 opinione
717 1767 885 1836 cuiusdam
911 1769 1022 1854 operis
1047 1757 1347 1852 supererogationis
1371 1757 1513 1834 serentes
1535 1757 1578 1829 ab
1598 1762 1811 1830 oeconomicir
1829 1763 1973 1852 negotiis
2000 1755 2067 1833 sese
2085 1763 2171 1852 peni-

537 1882 579 1930 ac
607 1857 687 1933 boni
711 1865 817 1953 magis
836 1863 1026 1941 meritorii,
1065 1859 1239 1932 alebantur
1257 1859 1346 1930 enim
1371 1879 1423 1929 tur
1437 1854 1650 1934 abdicabant,
1666 1878 1714 1926 ut
1731 1857 1899 1949 colligitur
1915 1882 1955 1929 ex
1972 1855 2087 1930 verbis
2100 1883 2173 1950 apo·

538 1956 683 2030 ccclesiae
707 1957 941 2044 facultatibus',
985 1987 994 2032 ι
1015 1963 1104 2031 Tim.
1125 1965 1165 2030 V.
1194 1961 1244 2029 ιό.
1269 1977 1348 2042 quaa
1373 1955 1444 2026 {loli
1473 1983 1504 2026 v.
1531 1977 1581 2025 ιι.
1634 1951 1753 2050 Postea
1775 1955 1893 2027 uolunt
1914 1949 2044 2030 nabere.
2062 1965 2105 2032 'dc
2124 1979 2174 2047 14.-
2194 2017 2203 2042 ,.

540 2051 596 2124 alii
619 2081 660 2127 et
684 2061 746 2145 piis
765 2055 895 2130 labores
920 2077 1075 2129 oronnam
1085 2052 1227 2150 suorum
1254 2074 1349 2122 mun·
1372 2053 1451 2125 uolo
1466 2051 1618 2149 juniores
1639 2053 1762 2124 uitiatas
1779 2052 1907 2128 achare.

541 2151 699 2224 durantes
721 2152 966 2236 conserebantt
1005 2149 1123 2245 Ephes.
1146 2151 1211 2224 lV.
1240 2169 1294 2238 ιι.
1316 2171 1350 2222 ιι

540 2273 642 2320 nemo
667 2253 805 2333 dixerit,
828 2251 892 2324 etse
912 2255 1018 2340 magis
1039 2253 1248 2324 meritorium
1270 2269 1347 2337 pro-
1450 2251 1478 2336 ς.
1494 2251 1619 2320 DXlV.
1646 2251 1727 2320 Haec
1744 2248 1854 2320 omaia
1874 2249 2076 2334 ohenduot,
2098 2275 2174 2344 apo-

543 2363 621 2438 ptet
652 2349 799 2435 inopiam
835 2347 977 2422 ecclestae
1013 2346 1225 2422 frtultatrbus
1273 2343 1315 2416 ali
1339 2391 1352 2424 ,
1376 2342 1496 2416 siolum
1526 2342 1581 2414 hic
1609 2369 1815 2433 nequaquam
1849 2351 1892 2418 de
1924 2347 1982 2418 tali
2010 2349 2193 2424 eoelibatua·

543 2465 645 2533 quam
669 2442 799 2518 iabores
816 2469 974 2520 manuum
988 2441 1120 2520 suerum
1139 2448 1351 2528 manducare,
1377 2439 1431 2520 tel
1455 2441 1621 2514 viduitatis
1645 2466 1725 2516 roto
1748 2443 1857 2532 loqui,
1886 2445 1983 2532 quale
2005 2449 2039 2520 in
2062 2471 2177 2540 papatu

547 2551 584 2620 δι
604 2540 674 2613 aliis
690 2545 733 2616 dc
751 2539 808 2624 sato
829 2546 1016 2633 impertiri,
1042 2565 1252 2616 cumcontra
1273 2545 1354 2612 Pau·
1378 2541 1489 2629 viget3
1521 2537 1575 2610 sed
1594 2563 1656 2627 per
1676 2543 1820 2630 primam
1842 2539 1944 2614 fidem
1964 2543 2178 2640 intelligiti-

547 2638 600 2710 lus
625 2663 665 2714 cx
688 2636 847 2714 sententia
879 2641 1004 2716 Christi
1030 2643 1248 2732 pronunciet:
1278 2640 1354 2708 att.
1377 2640 1454 2707 dem
1476 2641 1549 2708 Deo
1571 2639 1678 2708 datam
1698 2639 1731 2708 in
1753 2636 1906 2728 baptismi
1925 2638 2179 2733 susceptione&

550 2735 627 2810 XX.
645 2762 699 2829 35.
749 2733 893 2813 Bantius
912 2741 954 2840 css
971 2738 1054 2812 dare
1071 2761 1171 2834 quam
1193 2735 1353 2830 accipere.
1378 2730 1605 2806 christianismi
1620 2731 1841 2824 proseffione,
1868 2763 1967 2826 quam
1985 2741 2068 2814 calet
2080 2745 2179 2816 vidae

556 2845 633 2921 to.)
666 2840 821 2926 Denique
851 2841 961 2932 pranis
994 2837 1136 2911 ecclelia
1171 2835 1354 2925 apostolice
1379 2856 1441 2920 pcr
1462 2831 1650 2922 apollafiam
1666 2860 1684 2904 a
1702 2832 1874 2909 christiana
1893 2837 2058 2928 religione
2076 2851 2180 2932 &per

548 2933 723 3022 pontificio
747 2935 796 3006 illi
822 2935 995 3008 coelibatus
1020 2961 1057 3007 ac
1082 2937 1249 3006 viduitatis
1278 2953 1357 3002 voto
1379 2952 1515 3020 peccata
1535 2953 1649 3002 contra
1674 2928 1905 3006 conscientiam
1935 2938 2067 3010 irritant
2089 2937 2181 3010 sacie-

550 3028 684 3104 sortiter
720 3031 920 3126 refragatur.
1001 3038 1122 3120 Neque
1147 3033 1237 3103 enim
1279 3051 1357 3100 tunc
1381 3025 1471 3103 bant.
1522 3033 1603 3100 Haec
1632 3030 1864 3118 interpretatio
1888 3033 2052 3121 probatur
2072 3034 2127 3138 l.)
2145 3058 2180 3112 et

550 3152 647 3202 erant
675 3129 752 3202 talia
774 3132 915 3212 collegia
944 3131 1144 3209 viduarum,
1183 3125 1358 3214 inquibus
1382 3131 1501 3198 tradita
1530 3131 1565 3196 'tn
1586 3149 1677 3216 textu
1701 3129 1880 3200 uiduarum
1907 3130 2042 3206 illarum
2068 3131 2181 3210 deseri-

552 3225 765 3309 ctelibatum,
784 3255 837 3300 tar.
854 3264 881 3312 ,a
918 3256 939 3298 n
954 3252 1014 3314 per
1031 3225 1062 3298 se
1084 3229 1240 3297 exintium
1256 3247 1356 3309 quen·
1383 3226 1506 3312 ptione.
1558 3229 1673 3296 Viduae
1694 3231 1782 3297 enim
1803 3225 1890 3308 illc,
1912 3231 2034 3318 quibus
2052 3239 2180 3312 damna·

553 3331 630 3397 dam
656 3330 721 3399 Dei
740 3328 895 3408 cultum,
930 3349 1111 3405 voverentt
1139 3322 1215 3396 alias
1242 3323 1358 3392 Paulus
1384 3325 1507 3394 tionem
1529 3321 1693 3410 apostolus
1714 3327 1854 3408 tribuit,
1893 3327 1935 3398 stc
1957 3327 2180 3406 describuntur

551 3423 700 3512 juniores
724 3428 837 3497 viduae
861 3426 903 3495 ab
926 3420 1138 3494 ecclesiastico
1158 3422 1216 3492 illo
1245 3423 1359 3490 vidua·
1382 3420 1434 3512 a)
1464 3425 1552 3510 quod
1602 3416 1923 3518 xmmpnrm'wot
1969 3429 2018 3500 rii
2054 3435 2179 3534 χριςῢ,

556 3544 632 3592 tum
654 3519 798 3608 collegio
828 3525 869 3591 ad
893 3523 1140 3590 matrimonium
1163 3517 1360 3592 contrahen-
1384 3545 1418 3590 v.
1441 3538 1492 3590 tt.
1511 3518 1647 3613 cupitor
1668 3517 1843 3608 respondet
1859 3522 2003 3596 Hebroeo
2022 3535 2129 3616 litem,
2149 3541 2180 3604 g
2213 3575 2216 3586 .

554 3617 1287 3688 dum&remdomesticamadministrandam
1301 3618 1362 3686 mi·
1385 3616 1521 3701 luxum,
1551 3615 1679 3709 falum
1697 3641 1736 3688 ac
1756 3618 1901 3693 delicias
1922 3619 2180 3714 fignificatm·
2214 3665 2216 3678 ι

558 3713 649 3781 nime
670 3713 818 3782 omnium
840 3711 1013 3803 ablegare,
1040 3710 1093 3788 sed
1116 3741 1169 3786 eas
1189 3717 1299 3805 potius
1321 3715 1362 3782 ad
1384 3621 1638 3818 rurrgnuddtr
1662 3718 1708 3785 est
1735 3714 1929 3812 insolentius
1951 3744 1993 3791 ac
2010 3723 2181 3824 sustuofiao
2212 3723 2216 3768 '2

560 3802 625 3875 hoc
643 3809 803 3890 invitare,
827 3820 862 3883 dr
879 3835 993 3881 ornnes
1011 3811 1092 3883 illud
1107 3833 1295 3900 expetentes
1310 3836 1360 3881 rc-
1386 3811 1542 3908 lascivire
1572 3823 1688 3884 contra
1713 3814 1867 3910 aliquem.
1919 3820 2068 3908 Simplex
2091 3852 2182 3924 cepa-
2212 3817 2216 3914 ξ

559 3905 673 3989 cipere
695 3906 878 3985 debuisset,
917 3908 938 3979 st
962 3911 1163 3996 peculiarem
1186 3913 1362 3998 quemdam
1386 3914 1455 3987 nair
1482 3916 1662 3983 deductum
1685 3916 1869 3986 existimant
1892 3941 1911 3990 a
1933 3921 2040 3990 verbo
2069 3923 2180 4022 caph,
2213 3917 2216 4008 i

558 4001 687 4075 cultum
715 4031 753 4077 ac
787 4009 941 4078 metitum
966 4006 1099 4095 aliquod
1131 4011 1204 4078 vite
1235 4032 1363 4079 eternae
1388 4033 1424 4081 ut
1445 4008 1482 4079 stt
1505 4009 1696 4097 metaphora
1724 4009 1827 4084 sumta
1849 4041 1867 4084 a
1892 4015 2093 4112 jumentis,¹
2118 4045 2180 4110 que
2214 4047 2215 4076 ³

560 4102 598 4172 in
613 4103 669 4172 rasi
692 4106 848 4176 viduitate
863 4101 1026 4193 posuisset.
1077 4110 1141 4176 Sed
1163 4111 1365 4194 viduaepau·
1388 4133 1465 4179 cum
1492 4106 1536 4178 ob
1569 4108 1682 4193 pabuli
1708 4114 1838 4198 copiam
1869 4111 2056 4201 ferociunt,
2096 4145 2182 4194 etta·

562 4204 711 4289 periotes
738 4204 898 4272 destituta
929 4202 1145 4293 parentibus,
1187 4204 1299 4275 liberis
1327 4209 1475 4276 attinnt
1505 4205 1673 4288 habenas,
1715 4235 1753 4280 ao
1779 4209 1832 4281 suo
1862 4207 2017 4284 seruntur
2041 4217 2181 4292 arbitrio.

561 4297 764 4386 nepotibus,
799 4325 819 4369 a
848 4299 967 4386 quibus
996 4297 1187 4381 alerentur,
1225 4327 1366 4396 queque
1391 4302 1457 4376 Alii
1482 4306 1660 4373 dedustum
1689 4329 1806 4390 putant
1829 4308 2003 4405 ιςριινόι,
2035 4324 2125 4401 quod
2142 4319 2182 4391 esl

560 4420 624 4469 nec
645 4422 716 4469 rena
739 4395 933 4469 familiarem
960 4399 1144 4484 habebant,
1172 4424 1233 4471 nec
1257 4401 1367 4488 open‘t
1390 4407 1530 4478 dutum,
1554 4405 1640 4472 unde
1658 4403 1836 4487 Hesychius
1852 4403 1963 4508 ςρκιῗς
1982 4411 2074 4502 βοᾶν
2093 4418 2184 4490 intet-

561 4520 721 4568 mrnuum
743 4492 807 4569 sese
836 4493 1011 4569 sustentare
1027 4520 1204 4585 poterant,
1225 4495 1366 4570 ecclestae
1390 4522 1541 4591 pretatur
1564 4496 1603 4573 τὸ
1631 4503 1775 4598 σκληρὸν
1800 4505 1889 4596 βοοῖν
1911 4505 1992 4579 riute
2009 4511 2082 4609 stre
2100 4513 2186 4607 serr.

561 4591 775 4680 eleemosynis
797 4595 988 4673 alebantur,
1013 4621 1050 4666 ac
1066 4591 1206 4667 vicissim
1231 4621 1293 4685 pro
1311 4596 1368 4667 illa
1391 4601 1473 4670 citer
1498 4596 1654 4672 clamare.
1711 4608 1807 4688 Apud
1838 4602 2035 4680 Athenarum
2058 4610 2116 4686 lib.
2135 4619 2186 4686 lll.

513 4695 516 4700 ’
566 4685 795 4765 sustentatione
822 4692 954 4764 ecclesia
981 4718 1096 4764 earum
1124 4717 1227 4782 opera
1255 4695 1368 4765 uteba·
1391 4697 1524 4792 ςρηιιιῖν
1549 4698 1684 4783 ponitur
1708 4724 1770 4784 pro
1795 4699 1960 4776 deliciari.
2014 4707 2188 4802 Theophy.

561 4808 619 4858 rur
641 4793 683 4860 ad
719 4816 832 4861 curam
864 4815 1048 4880 pauperum
1083 4795 1369 4882 peregrinorum,
1394 4795 1497 4868 lethus
1530 4799 1795 4892 κωιαςριιιῶσιι
1826 4802 2067 4886 interpretatur
2100 4810 2190 4889 α’ωι

564 4884 774 4962 ιάῆίἃοιιιιιι
796 4899 829 4962 &
848 4912 1070 4982 egrotorum,
1097 4905 1160 4963 tte.
1183 4913 1220 4960 ut
1241 4889 1370 4980 colligi·
1393 4893 1495 4966 θῶσι
1518 4889 1575 4966 rai
1592 4891 1789 4993 θρόψοιιαι
1803 4896 2038 4995 occrffirvrrr‘rtl
2055 4903 2096 4982 θ’
2111 4911 2189 4984 desi.

564 5008 622 5058 tur
642 5012 682 5062 er
706 4995 777 5064 Act.
799 4987 860 5060 Vl,
885 5013 910 5061 ι,
931 4999 967 5062 &
989 4995 1107 5062 tTim.
1124 4991 1169 5062 V.
1189 5015 1242 5060 ιο.
1262 5003 1294 5060 ὅ(
1317 4998 1369 5062 ι6.
1395 4992 1481 5063 ciarr'
1508 4993 1687 5085 cttperr'rtl,
1726 4999 1838 5082 priore
1864 5001 1968 5071 verbo
2000 5009 2145 5084 dedudo
2172 5033 2187 5082 t

563 5090 646 5165 litet
677 5118 757 5170 vero
791 5091 926 5161 illatum
959 5089 1132 5162 viduatam
1162 5090 1307 5162 conditio
1335 5097 1370 5163 dc
1394 5089 1542 5166 motibus
1567 5090 1830 5182 petulantiffimr
1853 5094 2024 5184 soeminc,
2057 5111 2114 5180 cui
2138 5133 2190 5182 no-
