4884 5984
528 469 598 594 ξος
770 611 783 638 ἱ
850 473 1001 580 tocies
1026 510 1153 579 xxvi.
1205 507 1305 581 cru.
1339 509 1383 581 v.
1433 507 1576 580 neno.
1602 511 1628 578 1.
1680 507 1785 582 sur.
1812 511 1857 581 u.

533 707 691 800 requirit,
714 712 754 779 ul
766 705 840 804 stul
851 703 981 803 sobrii,
1002 701 1122 801 perdici
1129 759 1138 788 ,
1163 697 1345 799 hospitales
1369 700 1463 774 lensn
1481 705 1515 775 in
1533 702 1759 777 Macenxlx.
1782 708 1960 798 quellgo,
1982 704 2039 778 ubi
2069 699 2184 800 dispu-

535 818 599 881 διε.
652 812 741 897 Ergo
758 803 912 892 reliquis,
931 807 989 891 qui
1009 827 1075 874 non
1092 798 1166 874 sont
1181 798 1342 892 episcopi,
1368 823 1459 884 tent,
1478 801 1716 900 polygamiam
1732 828 1775 876 ex
1794 815 1893 900 porte
1913 807 2054 892 uxoris,
2074 808 2115 880 id
2126 809 2181 910 est,

533 908 704 985 concedit,
728 925 765 976 ot
784 902 846 976 snt
867 901 1005 981 ebrioli,
1021 903 1201 992 impudici,
1219 900 1343 992 ἄξενοι,
1368 921 1434 996 quo
1459 926 1526 974 uuo
1543 905 1690 996 sumina
1714 900 1831 977 multis
1856 905 1943 978 uiris
1968 904 2087 991 nubit,
2106 907 2182 1004 juni

533 1007 622 1094 quod
646 1002 788 1081 ἄτοπον.
861 1007 915 1094 2.)
943 1003 1224 1093 Distinguendum
1255 1004 1342 1071 inter
1366 1010 1498 1075 uatum
1524 1025 1733 1099 repugnare,
1764 998 1828 1098 sed
1862 1003 2101 1101 polygamium
2137 999 2181 1080 τὰ

534 1106 675 1188 virtutes
708 1105 863 1175 nrinisirir
896 1099 1039 1172 ecclesia·
1067 1125 1146 1171 cum
1178 1101 1250 1170 aliis
1279 1103 1341 1188 piis
1363 1110 1464 1197 purte
1493 1103 1635 1187 mariti,
1673 1100 1711 1175 iel
1737 1105 1805 1201 est,
1829 1125 1895 1197 queo
1926 1129 2009 1179 uuus
2038 1104 2182 1180 meritur

536 1201 894 1292 remurmuremus
926 1200 1094 1295 proprius.
1152 1196 1221 1270 Esse
1247 1203 1343 1270 unios
1368 1199 1494 1273 mullus
1516 1199 1610 1272 ducis
1645 1225 1784 1285 uxores,
1811 1226 1877 1273 riou
1900 1226 2088 1301 repugnare
2104 1205 2179 1301 juri

533 1308 646 1378 uxoris
668 1306 847 1387 maritum,
874 1305 907 1371 id
931 1305 997 1378 cll,
1020 1298 1181 1368 abstinere
1209 1324 1227 1367 a
1251 1302 1345 1389 ungis
1369 1310 1510 1372 uulnere.
1560 1307 1621 1372 Sed
1646 1301 1708 1369 illis
1725 1301 1842 1388 reliqui
1860 1327 1900 1373 ex
1920 1301 2117 1376 scholasticis
2135 1303 2180 1378 se·
2210 1379 2212 1386 ,

533 1402 728 1484 libidinibus
749 1412 782 1476 &
805 1398 1017 1491 polygonis,
1042 1400 1087 1466 eli
1109 1400 1214 1467 virtus
1244 1399 1347 1485 perti·
1371 1396 1403 1471 se
1425 1423 1612 1489 opponunt.
1664 1399 1812 1470 Thomas
1833 1400 1958 1475 liulv.
1980 1403 2120 1478 sentent.
2131 1407 2185 1478 ds«

533 1528 615 1578 nens
633 1505 674 1576 ad
691 1498 816 1577 sextum
830 1520 1037 1589 preceptum
1051 1498 1235 1567 communis
1248 1500 1346 1567 etiam
1373 1501 1479 1573 [liner.
1498 1525 1552 1586 33.
1569 1499 1678 1588 quest
1697 1523 1723 1569 ι.
1744 1501 1917 1592 distinguit
1938 1504 2026 1576 inter
2048 1510 2101 1592 jus
2126 1527 2181 1577 ue·

278 1643 281 1650 ·
417 1663 420 1668 .
476 1661 479 1665 -
534 1603 606 1678 aliis
625 1604 700 1692 piis.
734 1608 824 1692 Ergo
842 1597 897 1669 hic
911 1595 1023 1667 locum
1039 1592 1138 1666 hebet
1155 1591 1349 1668 illudChri·
1373 1621 1460 1669 ture
1476 1599 1680 1695 primarium
1697 1622 1738 1668 ex
1756 1596 1832 1687 ipsis
1845 1620 1963 1672 nature
1982 1605 2070 1674 notis
2088 1605 2182 1694 prin·

533 1705 573 1775 ui
606 1705 647 1774 ad
686 1700 851 1792 aposlolus
880 1698 1007 1767 diuum
1041 1698 1147 1765 Marc.
1168 1687 1270 1772 Xlll,
1290 1716 1347 1783 37·
1372 1700 1466 1788 cipiis
1485 1720 1617 1782 ortum,
1644 1694 1921 1793 &secundarium
1942 1725 1981 1771 er
2000 1701 2215 1784 conclusiin,

541 1798 643 1900 Quod
670 1799 766 1874 noeis
791 1798 887 1879 dico,
913 1790 1065 1865 oneribus
1088 1792 1175 1864 dico.
1232 1792 1347 1890 Quare
1373 1799 1468 1869 nibus
1490 1802 1566 1867 inde
1584 1801 1733 1870 dedustis
1750 1800 1914 1887 originem
1935 1797 2070 1872 habens.
2122 1805 2182 1873 1²0-

534 1925 645 1975 eutem
676 1904 710 1971 in
737 1894 957 1985 descriptione
986 1895 1146 1963 virtutum
1177 1893 1348 1981 episcopa·
1373 1897 1548 1986 lygemiam
1569 1900 1634 1982 juri
1658 1919 1782 1965 traturae
1809 1921 1876 1967 non
1901 1900 2035 1984 quidem
2059 1903 2183 1990 prime·

453 2033 456 2040 ·
534 2001 617 2072 lium
643 1999 807 2087 aposlolus
832 1999 931 2069 etiam
963 1994 1191 2061 communium
1216 1990 1348 2063 illorum
1373 2000 1442 2080 rio,
1471 1996 1523 2066 sed
1547 2016 1660 2080 tannen
1682 1995 1871 2065 secundario
1895 2021 2086 2088 repugnare
2105 2023 2183 2072 cen·
2212 2055 2214 2060 -

536 2104 700 2175 vusutum
722 2099 924 2170 mentionem
952 2089 1072 2176 faciat,
1103 2099 1173 2178 ejus
1195 2093 1244 2160 rei
1271 2114 1348 2160 cau·
1373 2093 1438 2174 set,
1463 2099 1551 2165 unde
1573 2091 1810 2164 consuetudine
1835 2093 1948 2166 induci
1964 2101 2114 2186 potuerit
2132 2105 2183 2188 ju-

535 2195 603 2273 sum
626 2195 837 2290 exposuimus
856 2196 888 2264 in
906 2196 1033 2262 trelius.
1048 2195 1091 2262 de
1108 2191 1227 2260 minist.
1242 2188 1348 2260 eccle·
1373 2197 1418 2265 sta
1443 2190 1556 2281 plures
1577 2217 1694 2265 uxores
1717 2194 1862 2264 ducendi
1889 2193 2032 2269 licentia,
2086 2193 2185 2271 Siculi

535 2298 617 2372 soll.
656 2308 701 2386 3.)
717 2299 764 2368 'lu
786 2290 987 2369 virtutibus,
1005 2315 1077 2377 que
1097 2285 1254 2379 episcopo
1272 2313 1348 2358 cnm
1373 2293 1492 2366 caedem
1515 2289 1720 2362 naturaliter
1742 2290 1975 2380 abhorremus,
1999 2298 2109 2386 inquit
2125 2302 2186 2369 Bo·

535 2397 671 2486 reliquis
694 2394 836 2467 ecclesie
854 2387 1013 2464 membris
1038 2386 1110 2459 lunc
1134 2412 1349 2465 commones,
1373 2415 1557 2465 naventora
1588 2390 1644 2461 nb.
1662 2398 1718 2460 IV.
1743 2385 1824 2463 sent.
1853 2396 1924 2463 dist.
1947 2415 2002 2485 33.
2029 2422 2062 2484 q.
2089 2421 2115 2467 ι.
2135 2397 2187 2470 ila

536 2521 603 2569 nou
627 2497 713 2565 valet
733 2489 966 2576 consequentis
994 2487 1034 2558 ab
1057 2484 1237 2558 inclusione
1253 2488 1350 2555 unius
1374 2481 1595 2588 clnsofimem
1623 2514 1747 2586 quoque
1776 2488 1816 2561 ss
1840 2492 2090 2567 multitudinem
2116 2521 2187 2569 mu·

536 2600 578 2667 ad
607 2593 740 2664 alterius
764 2590 1010 2665 exclusionem,
1046 2584 1099 2657 sed
1126 2594 1283 2657 duntaxat
1316 2589 1350 2653 ln
1375 2590 1494 2662 lienem
1525 2591 1642 2661 irrisuro
1682 2590 1825 2685 quodam
1864 2592 1943 2665 odio
1978 2595 2186 2697 detestamur.

537 2693 718 2768 virtutibus
737 2687 896 2781 episcopo
917 2689 1075 2774 propriis.
1129 2694 1180 2775 4.)
1194 2683 1350 2775 Quidam
1374 2695 1581 2780 Repugnat-e
1600 2693 1688 2761 enim
1705 2692 1930 2780 polygamintn
1952 2700 2017 2783 juri
2044 2697 2188 2771 naturali

454 2811 456 2816 ’
537 2795 741 2870 existimant,
763 2784 949 2876 respectum
973 2783 1087 2854 haberi
1104 2788 1144 2853 od
1166 2784 1284 2852 stattrm
1306 2780 1348 2852 il·
1376 2790 1539 2879 probatur
1569 2795 1677 2874 1.)Ex
1696 2790 1840 2886 finium,
1863 2816 1945 2878 quos
1974 2820 2089 2869 natura
2116 2823 2188 2880 mee

536 2893 646 2965 lorum
667 2913 876 2977 temporum,
903 2892 995 2969 cujus
1017 2884 1138 2952 intuitu
1159 2883 1192 2949 iu
1210 2904 1350 2952 conver·
1374 2890 1531 2958 trimonio
1554 2885 1709 2976 prefixit,
1737 2894 1997 2981 enumeratione,
2024 2900 2079 2968 cui
2106 2921 2187 2984 pro·

536 2992 576 3066 lis
601 3015 641 3068 ex,
669 2984 857 3081 gentililino
878 2996 910 3055 dt
938 2979 1099 3069 judaismo
1115 2978 1350 3075 ’πολυγαμὶω
1374 2986 1515 3058 bationis
1537 2992 1597 3056 vire
1616 2988 1832 3070 Bellorminus
1860 2990 1972 3062 insiliit
1995 3020 2068 3083 cup.
2078 3005 2121 3070 X.
2145 3001 2188 3071 de

537 3090 639 3164 fuerit
672 3094 712 3159 ad
737 3110 868 3173 tempus
899 3082 1060 3165 tolerare,
1097 3104 1173 3149 cum
1202 3103 1347 3162 uxores,
1374 3112 1438 3174 qua
1459 3084 1647 3174 paulopost
1670 3086 1810 3174 plenius.
1863 3089 1915 3184 ι.)
1947 3095 1991 3163 Er
2007 3092 2188 3191 saniorum

523 3188 617 3279 ‘qum
635 3211 710 3259 ante
729 3183 975 3258 convertionem
993 3187 1174 3264 duxerunt,
1198 3200 1350 3247 commo·
1373 3187 1524 3280 gentium
1550 3186 1789 3283 testificatione.
1844 3189 2010 3285 Quamvis
2037 3199 2128 3267 enim
2154 3198 2188 3267 in

424 3297 428 3306 ¹
537 3296 579 3361 de
603 3289 862 3374 repudiarenon
887 3275 1032 3367 polient3
1078 3280 1212 3347 interim
1239 3300 1349 3346 tamen
1375 3286 1531 3377 gentibus
1551 3285 1807 3371 quamplurimis
1832 3285 1884 3355 lex
1905 3312 2028 3362 naturae
2055 3320 2119 3382 per
2140 3297 2190 3366 in·

538 3411 575 3460 ut
597 3386 804 3477 abrogationi
823 3384 872 3451 issi
892 3376 1003 3448 fideles
1023 3371 1266 3461 adsuescerent,
1282 3399 1349 3446 non
1376 3405 1557 3455 veteretum
1577 3380 1849 3455 consuetudinem
1869 3384 1972 3459 suerit
1997 3389 2191 3480 obscurata,

537 3482 631 3560 fuille
656 3481 849 3573 polygamos
873 3483 913 3549 od
934 3475 1076 3546 eccleslae
1094 3478 1271 3546 ministeria
1294 3477 1350 3545 sd·
1375 3488 1463 3553 unde
1487 3480 1674 3573 polygamia
1695 3509 1755 3571 per
1780 3504 1886 3555 totum
1903 3490 2067 3561 orientem
2088 3493 2191 3586 large

537 3582 664 3668 milior,
690 3579 797 3670 sicque
818 3583 851 3650 in
879 3575 942 3647 illis
971 3598 1098 3645 tantum
1113 3574 1349 3666 ,polygamium
1375 3580 1505 3667 lateque
1525 3606 1705 3670 pervogota
1729 3580 1835 3671 ipsum
1860 3586 1959 3657 etium
1982 3593 2191 3672 occidentem

535 3687 669 3776 penitus
695 3678 788 3751 fuisse
810 3677 1037 3754 interdictam,
1066 3675 1291 3778 Hieronymus
1316 3674 1349 3740 lu
1374 3685 1571 3767 quandoque
1598 3680 1743 3761 infecit,
1783 3706 1821 3751 ut
1859 3684 1972 3756 multis
2013 3690 2192 3779 gentilium

536 3786 629 3874 epist.
647 3786 687 3852 ad
703 3785 879 3852 Oceanum
899 3800 931 3863 p.
952 3798 1030 3860 321.
1057 3775 1111 3843 led
1140 3770 1349 3860 praeferimus
1373 3780 1553 3867 exemplis,
1566 3804 1645 3866 poto
1658 3787 1927 3870 Germanorum,
1946 3790 2193 3868 Romanorum,

536 3885 685 3972 priorem
711 3878 975 3966 explicationem.
1029 3875 1082 3965 5.)
1106 3868 1270 3943 l'ousificil
1297 3895 1348 3940 re·
1375 3873 1572 3957 Persarum,
1602 3883 1803 3960 Scotorum,
1832 3885 2019 3964 ludorum,
2054 3890 2192 3960 Partho·

537 3976 721 4069 spondent,
742 3977 775 4045 in
794 3969 951 4064 episcopo
970 3970 1184 4059 peculiariter
1202 3971 1255 4040 hic
1269 3992 1348 4058 pro·
1374 4003 1449 4047 rum
1463 4030 1473 4063 ,
1486 3980 1770 4061 Cyreniacorum,
1789 3983 1949 4052 l‘oeonum
1961 4038 1970 4067 ,
1983 3989 2191 4074 Judoeorum,

536 4075 645 4149 hiberi
669 4073 892 4165 polygannatn
914 4065 1141 4154 successivam,
1173 4094 1244 4155 quae
1272 4066 1350 4139 reli·
1374 4075 1563 4163 Thracum,
1585 4083 1804 4157 Maurorum,
1829 4084 2073 4169 Numidarum,
2090 4094 2193 4178 AEgy·

536 4179 609 4266 quis
631 4173 668 4247 stt
692 4168 847 4244 concessa.
917 4171 980 4243 Sed
1004 4167 1087 4239 hanc
1111 4167 1350 4256 expositionem
1376 4176 1549 4262 puerum,
1584 4180 1860 4249 Americanorum
1881 4189 1944 4252 dec.
1986 4182 2107 4271 probat
2130 4192 2195 4257 Ar.

536 4303 577 4350 ex
598 4268 741 4365 professo
768 4269 984 4344 refutavimus
1003 4270 1135 4339 tradiit.
1162 4271 1203 4338 de
1229 4267 1348 4337 minist.
1376 4271 1489 4343 niseus
1511 4278 1552 4345 de
1575 4284 1649 4361 juce
1668 4276 1815 4347 connob.
1838 4304 1909 4365 cop.
1928 4286 1983 4351 lv.
2006 4279 2080 4354 seu.
2094 4309 2126 4371 3.
2146 4307 2194 4357 ta·

535 4387 569 4471 §.
588 4377 804 4448 CCCLXlV.
1377 4397 1454 4443 men
1473 4373 1618 4444 scintille
1641 4380 1791 4460 quedam
1817 4376 1897 4447 lucis
1925 4379 2082 4451 naturalis
2105 4384 2195 4455 cine·

536 4515 745 4600 IVWxJ-u·
841 4484 869 4561 §.
892 4465 1030 4541 CCXV.
1084 4462 1163 4561 lv.)
1195 4469 1241 4535 Ex
1259 4465 1352 4560 juris
1377 4471 1468 4543 ribus
1492 4470 1580 4559 quasi
1608 4473 1737 4545 obrute
1757 4484 1790 4546 δι
1813 4473 1972 4565 oppresse
1996 4485 2194 4571 quandoque

535 4562 746 4663 ,psimfimps
796 4567 966 4641 naturalis
987 4564 1208 4666 dispostlione.
1241 4566 1352 4663 Quid·
1374 4575 1611 4652 emicuerunt,
1642 4574 1841 4660 exquibus,
1870 4598 1989 4664 utpote
2020 4582 2194 4670 principiis

540 4675 736 4764 dispositione.
779 4671 873 4757 ‘quid
909 4689 1075 4758 repugnat
1104 4667 1171 4752 juri
1202 4686 1352 4744 nature,
1374 4672 1524 4740 omnium
1553 4669 1710 4741 cordibus
1735 4666 1924 4761 insculptis,
1950 4674 2051 4767 longe
2072 4683 2194 4753 rudius

791 4765 874 4839 illud
897 4765 1188 4836 interchristianos
1209 4765 1348 4851 permit·
1373 4773 1413 4838 de
1432 4776 1508 4854 jure
1531 4791 1654 4842 neturae
1676 4768 1866 4867 judicetur,
1890 4798 1990 4859 quarn
2012 4801 2052 4847 ex
2071 4802 2196 4851 cortu.

536 4873 561 4946 ti
586 4893 791 4960 nequaquem
809 4867 917 4937 debet.
973 4865 1162 4953 Polygamie
1181 4886 1347 4953 repugnet
1375 4874 1441 4955 ptis
1463 4866 1638 4939 hominum
1658 4867 1816 4940 moribus.
1868 4872 1980 4943 Loban
2000 4874 2195 4963 idololatre,

534 4975 600 5062 juri
624 4981 760 5042 nature.
811 4963 985 5036 Minorem
1007 4983 1133 5052 negant
1155 4986 1221 5032 non
1245 4958 1351 5031 solum
1376 4967 1529 5054 quemvis
1557 4964 1627 5055 ipse
1653 4964 1746 5038 binos
1772 4966 1853 5039 filios
1870 4971 1997 5059 Jacobo
2022 4973 2196 5058 elocnliet,

532 5073 687 5146 Ochinus
706 5079 739 5140 de
758 5064 996 5152 ,ltrnbeptistsm
1015 5057 1070 5132 sed
1099 5063 1198 5131 etiam
1218 5064 1351 5131 Duran-
1376 5088 1473 5155 rogat
1492 5088 1603 5137 temen
1626 5063 1825 5147 abeuntem,
1849 5093 1890 5138 ne
1908 5070 2010 5167 filias
2024 5070 2111 5167 suus
2135 5075 2199 5151 uri6

533 5173 595 5246 dus
617 5170 677 5244 lib.
694 5172 752 5239 tv.
775 5167 918 5238 numu.
938 5182 995 5256 33.
1021 5161 1132 5252 quaell·
1155 5187 1183 5234 ¹·
1207 5165 1243 5234 ὅ(
1259 5156 1353 5230 Abu·
1369 5176 1497 5275 stiget,
1524 5182 1574 5272 sin
1591 5178 1736 5251 Hebraeo
1757 5181 1805 5252 est
1817 5173 2015 5274 &Lquod
2032 5185 2199 5361 figniligat

609 5343 613 5350 .
898 5315 903 5330 ·
2159 5313 2198 5362 u.
