4884 5984
582 512 591 520 “
712 497 938 638 [outo
987 507 1531 619 streonrvervnt'
1828 499 1979 638 “47

348 705 621 815 rinliitotlonem
641 734 678 811 in
706 736 793 812 vtra'
805 735 871 813 fide
887 750 925 816 oc
945 742 987 812 ad
1016 737 1117 811 fidem
1139 685 1276 829 jugibus
1302 735 1501 827 quibusdam
1529 730 1712 830 gentilibus
1733 673 1978 809 sacrimentolis
2017 811 2021 822 ,
2067 705 2070 712 ’
2127 707 2133 716 ’

348 837 493 934 jugalem
512 841 895 930 omnes'eonjugesjure
914 837 1057 911 naturali
1079 860 1117 909 ac
1140 838 1276 930 gratia,
1317 847 1361 910 &1
1381 831 1620 926 consequenter
1647 832 1886 908 sacramentum
1911 835 1977 906 erit

348 963 395 1013 no
416 936 698 1031 obstringuntur,
728 960 765 1007 ut
787 939 920 1010 constat
972 939 1062 1027 Ergo
1076 936 1117 1007 ed
1141 938 1414 1028 agnoscendum,
1454 939 1530 1025 quie
1563 932 1792 1026 compluribus
1828 928 1979 1023 ipsorum
2044 940 2052 956 ⁸

348 1040 475 1112 retium
497 1035 561 1127 ipfi
587 1034 729 1128 gentiles
755 1031 829 1107 sunt
848 1033 1006 1109 obslritii.
1057 1038 1119 1106 Po-
1141 1032 1336 1124 conjugium
1358 1029 1424 1105 suit
1440 1028 1604 1106 sufficiens
1623 1036 1808 1114 remedium
1822 1026 1979 1106 adversus

359 1138 413 1210 rei
430 1157 550 1208 natura
572 1137 707 1225 integra
728 1144 763 1209 δι
794 1133 959 1224 perstat,
980 1134 1118 1224 ponitur
1142 1127 1407 1203 fornicationem.
1457 1133 1562 1226 Quod
1585 1130 1801 1205 Bellarminus
1816 1128 1980 1222 inspergit
2009 1213 2011 1218 Ι

348 1261 382 1308 m
403 1235 564 1326 proprius
586 1237 637 1305 rei
654 1231 735 1306 finis.
790 1239 828 1305 ln
852 1231 1031 1324 gentilibus
1057 1254 1119 1322 po·
1141 1232 1183 1299 de
1202 1225 1469 1318 concupiscentia
1483 1256 1522 1302 ex
1538 1233 1615 1304 aliu
1630 1228 1779 1327 conjugii
1802 1234 1909 1323 magis
1929 1233 1981 1300 in·
2127 1235 2131 1244 '

348 1332 573 1408 Bellorminus
598 1352 748 1405 naturam
776 1335 922 1423 conjugii
953 1334 1130 1423 integram,
1142 1321 1259 1411 censa,
1284 1325 1368 1400 illud
1385 1345 1552 1421 repugnat
1567 1332 1657 1400 disto
1671 1327 1852 1419 apostolico
1869 1331 1980 1406 scor.

348 1430 550 1520 insecteris,
576 1434 655 1522 quia
670 1430 790 1505 adserit
812 1434 1021 1504 matrimonia
1037 1452 1117 1522 gen·
1143 1431 1217 1497 Vll.
1234 1451 1266 1498 2.
1319 1423 1466 1522 Propter
1468 1425 1980 1520 fornicationmr“(sugiendam)

348 1559 395 1608 rm
413 1527 481 1604 esse
502 1554 583 1606 vera
602 1538 640 1606 δι
657 1525 815 1623 legitima.
881 1534 971 1623 Ergo
993 1552 1121 1620 ponen-
1142 1523 1277 1621 quisque
1295 1521 1418 1599 lobeni
1433 1550 1572 1600 uxorem
1580 1524 1693 1624 suom.
1717 1537 1753 1601 oc
1770 1553 1803 1599 v.
1819 1547 1852 1616 9.
1904 1521 1984 1597 Me·
2007 1547 2012 1560 ’

361 1633 477 1708 etiam'
494 1632 653 1720 proprius
686 1630 836 1724 conjugii
855 1625 955 1709 sinis,
989 1638 1025 1704 δι
1058 1650 1120 1717 per
1145 1624 1213 1697 lius
1229 1625 1271 1724 est
1285 1622 1421 1711 rubere,
1448 1649 1547 1722 quam
1565 1625 1630 1698 uri.
1679 1623 1865 1718 Vulgatum
1879 1626 1927 1699 esi
1945 1633 1983 1697 oe

348 1729 490 1823 sequens
514 1728 548 1800 vi
569 1727 667 1815 hujus
683 1727 877 1818 argumenti
897 1725 1121 1801 bellarminie-
1145 1748 1266 1794 verum
1286 1724 1482 1797 ditierium:
1521 1721 1726 1820 Conjtigium
1753 1726 1797 1824 est
1825 1721 1984 1800 libidinis

348 1828 545 1927 eonjugium
564 1828 666 1899 etiam
683 1829 774 1916 apud
790 1824 932 1919 gentiles
957 1823 1049 1905 fuit,
1085 1830 1121 1897 δι
1144 1844 1212 1894 non
1229 1822 1441 1910 incentivum,
1453 1821 1518 1921 sed
1533 1822 1775 1926 exstinuivum.

348 1927 602 2005 sacamentum.
657 1927 708 2018 a.)
731 1932 769 1995 in
777 1923 899 2021 specie,
911 1929 1021 2016 quood
1031 1923 1122 2013 prio·
1323 1993 1325 1998 ,
1766 1956 1771 1960 ·

348 2026 485 2106 ifinem
501 2026 667 2112 dicimus,
688 2025 790 2098 etiam
810 2046 886 2098 ante
904 2018 1031 2117 lapsum
1050 2017 1122 2094 finis
1221 2026 1249 2112 ς.
1270 2026 1429 2095 XXXlX.
1481 2026 1558 2112 111.)
1583 2022 1725 2098 Er'ritu
1825 2064 1856 2130 E
1961 2070 1985 2113 -,

348 2128 444 2223 [jogli
465 2121 531 2196 fuit
561 2123 760 2215 propagatio
795 2117 925 2214 sobolis.
989 2129 1124 2213 Ergone
1151 2113 1193 2192 63
1214 2120 1427 2194 cerimoniis.
1467 2117 1562 2194 Nam
1571 2125 1647 2217 Jom
1672 2124 1725 2195 irt-
1774 2066 1985 2210 3),ηοἶῖἒὲἸῇ

348 2246 533 2305 ramentum
552 2224 692 2315 proprie
708 2218 867 2295 dissum?
901 2221 974 2294 Poll
996 2213 1125 2312 lapsum
1148 2216 1187 2290 de
1209 2215 1253 2291 ob
1272 2219 1414 2293 exordio
1436 2220 1519 2294 eccle
1532 2243 1573 2296 1ae
1601 2222 1722 2295 matri·
1796 2228 1879 2322 xlege.

348 2356 400 2416 tm,
410 2325 607 2399 christianus
630 2322 862 2414 magistratus,
895 2318 1036 2396 ecclesrae
1061 2319 1125 2400 mi:
1149 2319 1295 2390 monium
1310 2320 1398 2392 inter
1420 2344 1472 2394 res
1508 2343 1606 2394 utros
1626 2319 1725 2398 iabi-

348 2432 411 2512 πὶ,
432 2424 587 2497 elostores
610 2419 647 2491 in
663 2414 800 2499 scholis,
824 2430 888 2493 &c
915 2423 956 2492 ad
976 2418 1127 2491 homines
1149 2428 1220 2492 ium
1236 2413 1454 2518 effremius,
1482 2415 1523 2493 sl
1542 2422 1630 2492 inter
1638 2418 1815 2517 fircrorum
1827 2417 1987 2520 solennia
2112 2441 2133 2454 ”

348 2531 370 2603 ti
387 2534 426 2600 bt
444 2545 533 2593 eurae
551 2512 613 2591 sue
638 2514 823 2591 commissos
844 2521 878 2590 in
901 2543 980 2592 vere
1005 2514 1070 2589 fide
1091 2523 1125 2588 ot
1147 2495 1209 2613 pel
1214 2513 1427 2612 [mmmmm
1437 2520 1653 2618 ministerium
1667 2518 1829 2595 celebrari
1826 2520 1986 2618 solitum.

348 2628 462 2719 igione
476 2619 689 2690 instituendos
714 2613 770 2688 suo
793 2616 934 2706 quilibet
955 2614 1047 2696 loco,
1072 2635 1127 2686 or·
1151 2611 1208 2687 At
1225 2618 1350 2710 certefi
1368 2615 1443 2715 effer
1460 2617 1647 2696 contradus
1663 2619 1828 2693 humanus
1842 2631 1988 2711 tontum,
2039 2693 2057 2726 x

348 2751 375 2802 ie
389 2734 427 2799 α
446 2719 547 2792 modo
566 2713 774 2807 obligantur,
801 2719 841 2788 ad
862 2719 952 2807 quod
973 2716 1129 2805 prusiam
1151 2712 1206 2787 orl
1225 2713 1412 2811 politicum
1428 2717 1510 2790 vilae
1532 2742 1655 2811 genus,
1679 2742 1847 2815 notiquom
1869 2731 1989 2817 potres

348 2853 404 2912 m,
432 2844 510 2892 cum
532 2817 721 2903 requiratur
744 2817 780 2885 in
806 2814 881 2902 ipsis
903 2816 969 2888 Dei
996 2813 1128 2905 gratia,
1155 2838 1228 2886 cum
1249 2812 1345 2888 rebus
1354 2813 1570 2915 sondifflmis
1583 2819 1837 2892 matrimonium
1852 2822 1991 2916 conjuro·
2041 2809 2044 2818 ’

348 2953 386 2999 ra
399 2917 598 2998 bellarmino
613 2913 938 3004 excogitandaerunt
950 2908 1131 2985 sacramen·
1157 2909 1289 3009 xiffem.
1340 2910 1442 3006 Resp.
1469 2919 1516 3004 t.)
1532 2919 1585 2987 Est
1601 2916 1729 2989 sallacia
1748 2910 1991 3007 consequentis.

393 3021 499 3114 Quod
513 3017 553 3087 ad
568 3013 784 3102 posteriorem
805 3012 904 3085 linem
919 3014 1070 3089 adtinet,
1092 3031 1133 3078 ex
1157 3016 1238 3084 Non
1256 3012 1346 3084 enim
1360 3009 1525 3101 sequitur:
1549 3018 1743 3107 conjugium
1764 3040 1833 3087 oon
1852 3017 1899 3091 est
1920 3038 1993 3090 tan·
2092 3095 2099 3105 ,

348 3149 360 3199 ι
394 3120 496 3209 longe
523 3113 634 3185 minus
666 3108 903 3184 sacramentnm
931 3105 1135 3183 matrimonii
1158 3133 1232 3183 tum
1265 3111 1370 3182 civilis
1394 3116 1599 3198 contrnslus,
1628 3137 1689 3184 nec
1715 3112 1890 3203 politicum
1914 3116 1993 3186 vite
2034 3129 2037 3136 ’

348 3220 440 3295 biliri
468 3213 618 3304 poterit..
660 3209 844 3302 ‚Meditatio
880 3208 975 3284 verbi
1004 3206 1133 3287 divini,
1157 3234 1288 3299 genus,
1314 3204 1368 3280 sed
1384 3206 1493 3281 foedus
1510 3211 1660 3282 ditinum
1679 3221 1715 3285 bc
1731 3237 1783 3284 res
1798 3208 1896 3285 satra.
1933 3218 1998 3286 Er.
2129 3261 2131 3265 -

348 3324 435 3397 rtio,
461 3315 567 3386 carnis
586 3309 773 3400 castigatio,
804 3318 869 3381 &c
892 3304 965 3378 sunt
986 3304 1134 3378 remedia
1159 3332 1204 3397 go
1226 3309 1271 3378 est
1300 3300 1562 3390 sacramentnm,
1589 3312 1665 3396 quia
1692 3307 1788 3400 plura
1816 3315 1858 3384 ad
1889 3308 1994 3385 satra·

348 3443 420 3492 ntra
438 3411 704 3486 fornicationem.
754 3414 800 3480 At
823 3431 902 3478 num
924 3405 996 3478 hec
1023 3403 1134 3476 omnia
1160 3408 1263 3477 menti
1279 3408 1416 3506 proprie
1431 3404 1473 3479 fic
1486 3408 1566 3479 diui
1581 3403 1749 3480 essentiam
1765 3412 1992 3498 requiruntur.

348 3517 499 3602 bebimus
512 3534 576 3597 pro
592 3503 801 3579 sacramentis
813 3508 950 3594 proprie
966 3502 1007 3575 iic
1021 3502 1136 3585 diuisi
1162 3530 1195 3576 2.
1196 3508 1214 3592 )⁴
1241 3506 1431 3576 Benedictio
1455 3531 1619 3578 novorum
1640 3514 1821 3597 conjugum
1839 3509 1898 3596 pio
1915 3533 1996 3580 con-
2098 3525 2103 3536 '

348 3614 482 3691 onacbis
509 3612 549 3681 ad
578 3606 814 3678 continentiam
838 3607 946 3695 gratia
973 3605 1041 3676 Dei
1065 3590 1136 3689 ipso
1161 3600 1287 3676 silio&
1307 3599 1396 3674 bono
1416 3601 1481 3675 fine
1495 3607 1684 3677 introducta
1698 3606 1764 3687 est,
1791 3626 1827 3675 ut
1846 3600 1904 3678 suo
1919 3605 1997 3679 loco

349 3713 505 3788 llarmino
531 3708 611 3779 teste
639 3707 685 3775 est
720 3698 914 3787 necessaria,
945 3725 1027 3774 num
1054 3721 1136 3771 vero
1160 3699 1300 3772 inferius
1318 3698 1563 3788 explicabitur,
1590 3727 1656 3773 non
1676 3724 1787 3775 tamen
1806 3705 1924 3777 nititur
1938 3730 1997 3777 er·

348 3834 486 3907 optem
519 3829 559 3877 ex
585 3803 764 3876 monastico
792 3806 875 3874 [latu
907 3798 1136 3872 fabricandum
1160 3793 1271 3889 presso
1308 3796 1497 3887 &speciali
1528 3800 1640 3888 aliquo
1669 3804 1826 3874 mandato
1860 3806 1999 3887 divinoe

348 3912 439 4002 quod
468 3899 738 3979 sacromentum?
771 3902 1016 3973 Medicamenta
1042 3919 1138 3970 natu·
1161 3922 1245 3988 ergo
1264 3922 1303 3971 ex
1326 3918 1364 3970 ea
1386 3923 1453 3969 non
1468 3901 1576 3988 potest
1595 3895 1738 3979 inserti,
1771 3905 1862 3987 quod
1883 3903 2001 3978 matri·
2057 3901 2059 3905 ’

348 4011 387 4083 iia
415 4005 482 4079 fine
512 4000 745 4076 benedictione
774 4002 839 4072 Dei
869 3996 953 4069 nihil
975 3993 1141 4085 prosunt,
1165 3998 1317 4069 monium
1332 3992 1633 4070 litsacramentum.
1669 4008 1714 4090 3.)
1725 4003 1891 4092 Magnum
1907 4004 2000 4074 enim

348 4132 416 4198 que
445 4126 558 4178 tamen
585 4122 767 4190 propterea
796 4100 936 4169 dicenda
963 4117 1062 4168 erunt
1095 4093 1143 4170 sa.
1166 4088 1343 4167 discrimen
1356 4098 1402 4170 est
1423 4098 1509 4169 inter
1532 4099 1734 4169 cerimonias
1756 4098 1999 4181 ecclefiasticas,

348 4225 489 4283 omento.
538 4200 747 4272 inomnibus
764 4199 836 4268 rite
853 4193 987 4267 [latibus
1166 4218 1240 4284 que
1272 4218 1340 4263 non
1368 4197 1521 4267 nituntur
1544 4192 1676 4286 speciali
1696 4195 1905 4288 &expresso
1933 4204 2001 4273 Dei

367 4321 526 4440 „Nullius
548 4345 592 4446 efl
609 4340 709 4440 felix
729 4354 872 4416 conatur
893 4337 936 4415 si
962 4338 1061 4415 utilis
1082 4362 1143 4412 un.
1167 4289 2022 4494 ἓὲἓὲέὲἓ’[υξῑάρξὲἒὲῐςξὲῗξιζῶξςξῗὲοξῗὦ
2142 4301 2146 4312 ·

459 4537 694 4646 confiliumst
721 4565 786 4615 non
817 4462 1147 4713 deiquigffliqm

1170 4482 1410 4584 εὐφαμοσιῖνην
1429 4487 1632 4583 spoliantem
1660 4499 1694 4564 δι
1724 4493 1812 4563 inter
1841 4498 1924 4567 ritus
1955 4489 2004 4569 sa·

1171 4587 1406 4671 crementales,
1432 4591 1491 4677 qui
1511 4587 1697 4678 expressum
1723 4598 1758 4664 δι
1783 4585 1924 4682 speciale
1945 4592 2012 4666 ha·'

1148 4763 1151 4768 ,
1170 4685 1254 4761 bent
1270 4689 1337 4761 Dei
1357 4693 1567 4767 mandatum,
1592 4685 1711 4777 quibus
1726 4712 1765 4758 ex
1782 4684 1849 4782 ipsa
1867 4695 1933 4768 Dei
1952 4696 2004 4765 in.

348 4821 374 4873 tc
388 4816 503 4869 tamen
522 4786 567 4863 ob
595 4789 630 4861 id
652 4781 859 4859 sacramentis
881 4786 929 4859 illi
954 4790 1053 4862 status
1075 4778 1149 4858 sunt
1173 4788 1339 4860 stitutione
1356 4792 1482 4861 adnexa
1503 4790 1551 4861 esl
1569 4782 1740 4877 promissio
1762 4795 1877 4879 gratiae
1903 4782 2009 4866 evan-

348 4891 523 4974 lcensendi.
572 4887 677 4983 Quod
697 4883 719 4956 fi
743 4884 865 4976 absque
883 4892 989 4979 gratia
1008 4889 1149 4977 quadam
1173 4885 1264 4977 gelio
1282 4889 1440 4974 proprie.
1498 4885 1554 4981 4.)
1580 4890 1792 4976 inauguratio
1818 4894 1908 4982 regis
1935 4890 2021 4984 με,

350 4986 749 5077 crementalieonjugium
769 5010 837 5058 non
858 4991 903 5059 esl
923 4984 1083 5058 sufficiens
1098 5009 1149 5058 re·
1174 5008 1237 5071 per
1266 4988 1417 5073 JoJadam
1443 4982 1635 5084 pontificem
1662 4982 1774 5057 multis
1801 4983 2007 5061 solennitati·

348 5099 463 5168 ¹edium
480 5110 599 5170 contra
618 5083 894 5176 forulcmiunem,
921 5088 1034 5174 utique
1050 5087 1150 5160 etiam
1175 5080 1236 5152 bus
1255 5079 1448 5170 perficiturt
1478 5089 1594 5186 qReg.
1612 5089 1670 5155 xi.
1691 5104 1744 5157 12.
1763 5091 1933 5160 coronatio
1947 5091 2010 5158 im·
2145 5155 2151 5170 .

348 5223 355 5269 ι
375 5187 577 5296 conjugibus
602 5206 671 5261 vet.
697 5185 765 5259 teli.
787 5185 984 5277 quinetiam
1011 5187 1047 5260 in
1072 5207 1151 5263 eon.
1175 5181 1339 5281 permotis
1369 5180 1481 5259 multis
1507 5184 1704 5262 cerinaoniis
1729 5187 1768 5257 in¹
1790 5183 1861 5277 ipso
1882 5186 2011 5275 templo

501 5323 505 5332 ’
732 5317 751 5324 “
1878 5330 1883 5340 «
1918 5309 2016 5376 pert·

2163 1679 2175 1718 l
