4884 5984
488 541 574 614 set
885 514 1061 594 rocus
1088 517 1235 585 ιιιιιιι.
1267 510 1397 585 can
1424 513 1490 582 rr.
1543 505 1689 581 sacr.
1713 509 1789 578 111.

410 778 428 792 ..
506 715 594 806 parti
611 711 649 788 slt
669 717 850 806 integnm.
903 711 957 805 3.)
978 712 1010 784 Si
1031 729 1197 800 queratur
1220 709 1264 780 de
1284 709 1336 780 di·
1357 704 1447 781 velle
1466 700 1497 776 se
1512 696 1645 794 prorsus
1665 697 1828 790 obligati,
1853 694 1908 769 sed
1921 693 2066 770 liberum
2085 694 2190 770 debe-

506 814 689 885 llinctionis
712 809 809 899 hujus
833 812 874 883 ad
900 808 1020 882 bunum
1041 804 1174 904 sensum
1195 804 1337 880 'adcom-
1360 831 1397 878 re
1414 798 1476 875 else
1492 800 1545 872 vel
1562 804 1632 879 uni,
1652 797 1705 871 vel
1721 798 1853 883 utrique
1872 798 1959 884 parti
1981 818 2018 870 ut
2039 815 2187 868 retroce-

509 911 724 994 modotione,
749 933 817 980 non
845 932 1006 1000 negamus
1026 930 1101 979 earn
1123 905 1194 976 dari
1219 900 1335 993 posse,
1360 907 1435 982 dat,
1460 898 1514 974 vel
1533 902 1665 987 quando
1684 898 1873 966 canorum
1889 889 2098 983 suspenditur
2109 915 2189 966 cum

508 1032 609 1097 atque
637 1033 709 1081 eam
729 1008 864 1097 quidem
884 1004 1118 1096 multiplicem.
1171 1000 1336 1076 lutherus
1360 1000 1418 1072 tali
1436 999 1623 1075 additione,
1649 993 1735 1064 velle
1758 1015 1868 1084 partes
1891 1017 1929 1064 ea
1950 995 1992 1064 de
2009 1016 2047 1064 re
2065 1013 2208 1064 cauves

418 1187 421 1192 ,
510 1107 545 1178 in
558 1107 616 1178 lib.
639 1110 680 1179 de
697 1104 796 1178 causta
813 1107 1003 1176 matrimoni.
1028 1124 1111 1174 tom.
1136 1099 1184 1171 V.
1203 1096 1431 1191 Jenens'nire
1447 1109 1482 1170 δι
1501 1118 1620 1186 agere,
1645 1114 1683 1163 ot
1707 1092 1892 1186 cettilquid
1914 1089 2134 1162 concludatur
2153 1098 2189 1164 dt

509 1227 651 1298 p0'241.
673 1198 831 1292 sponsalia
852 1200 892 1274 de
905 1201 1040 1296 *sutura
1055 1209 1189 1277 morat,
1217 1198 1336 1286 quibus
1360 1198 1528 1268 statuatur.
1580 1190 1633 1288 b.)
1657 1186 1700 1263 Si
1712 1191 1826 1289 postea
1850 1189 1885 1260 in
1902 1184 1977 1284 ipsa
1992 1186 2191 1261 teodotion

397 1371 401 1378 .
512 1299 822 1389 nasammonas
837 1303 1001 1381 conditio,
1036 1320 1073 1370 ut
1092 1295 1211 1368 ducam
1231 1306 1262 1367 te
1276 1345 1288 1376 ,
1303 1298 1337 1395 st
1364 1290 1405 1367 &i
1419 1292 1562 1377 albione,
1588 1291 1784 1386 priusquam
1805 1290 1888 1359 certi
1906 1287 2041 1383 aliquid
2056 1285 2190 1359 conclu·

512 1397 753 1496 exspeblaueris
767 1399 946 1470 triennium
961 1451 970 1482 ,
987 1397 1187 1496 fipareates
1205 1391 1337 1490 consen·
1360 1393 1463 1465 datur
1489 1388 1530 1464 sd
1551 1393 1754 1492 statuatur,
1790 1385 1925 1482 aliquid
1956 1387 2189 1472 interveniat,

505 1494 626 1595 serini.
679 1500 742 1570 l'er
771 1496 857 1569 hanc
887 1497 975 1568 enim
1008 1495 1231 1566 conditionem
1259 1491 1337 1580 pross
1360 1492 1496 1564 annaio
1514 1483 1647 1580 prorsus
1661 1487 1912 1570 intermittatur,
1931 1483 1986 1557 uel
2009 1482 2189 1574 abrumpo·-

512 1591 655 1667 miffioni
664 1598 824 1683 adjustum
843 1595 877 1664 in
892 1593 1043 1664 sutorum
1052 1590 1195 1679 aliquem
1211 1585 1336 1677 rasum,
1363 1612 1428 1661 tur.
1489 1588 1538 1684 c.)
1574 1582 1805 1686 Confiderelur
1833 1608 1878 1656 ex
1909 1582 2192 1684 iircumslaniiis,

513 1683 568 1765 vel
583 1715 741 1766 eventum
758 1693 881 1782 nuptiae
898 1688 1126 1768 differuntur,
1159 1711 1225 1775 quo
1245 1684 1337 1760 sensu
1363 1711 1408 1760 aa
1425 1699 1540 1784 parles
1564 1695 1643 1757 luna
1665 1683 1834 1756 valueritis
1856 1706 1922 1754 non
1949 1681 2099 1779 absolute
2124 1679 2198 1768 ala,

514 1799 551 1865 δι
584 1785 736 1880 respectu
772 1786 930 1878 sponsalia
966 1793 1011 1859 de
1038 1786 1151 1857 sutoro
1177 1786 1338 1873 adpellari
1362 1786 1444 1884 quid
1460 1787 1543 1872 certi
1562 1784 1778 1883 constitueret
1809 1769 1863 1852 se'd
1885 1782 1950 1852 tole
1970 1784 2077 1870 quid,
2101 1773 2208 1869 quod*

514 1889 630 1959 eadem
658 1885 748 1980 polle
790 1886 954 1964 lutherus
989 1875 1126 1955 censuit.
1191 1886 1339 1976 Quidam
1364 1885 1614 1975 polleaposlet,
1640 1880 1663 1951 ss
1686 1877 1780 1953 causa
1800 1883 1979 1965 incideret,
2007 1881 2109 1952 etiarn
2134 1883 2194 1953 atl-

516 1979 681 2074 sponsalia·
696 1989 737 2058 de
759 1985 883 2081 futuro
905 2004 1025 2055 uocant
1056 1978 1260 2076 impuberum
1285 1980 1342 2054 de·
1364 1983 1568 2056 ditamolda
1585 1982 1727 2051 mutarit
1779 1974 1906 2074 d.)An
1924 1976 2195 2054 deliberataoni·

508 2079 768 2181 spoasatioaes,
803 2106 875 2174 quae
906 2071 1094 2153 non'aliter
1123 2075 1198 2151 sunt
1232 2100 1309 2152 ratae
1329 2125 1340 2160 ‚
1366 2104 1418 2153 ma
1433 2076 1633 2159 contrarius,
1652 2075 1706 2148 uel
1725 2075 1838 2172 publio
1855 2078 1906 2148 ira
1915 2076 2015 2169 sabba
2025 2079 2090 2177 stt,
2104 2079 2196 2170 quod

514 2205 616 2270 quam
630 2182 666 2251 in
679 2179 793 2253 futuro
812 2184 947 2252 demum
968 2200 1137 2266 tempore,
1167 2180 1341 2266 postquam
1366 2179 1533 2252 voluerint
1563 2199 1672 2269 partes
1694 2177 1770 2246 inde
1792 2171 1878 2246 nosci
1900 2175 2140 2267 obligationem
2159 2187 2195 2253 δι

509 2275 640 2350 'scilicet
668 2283 709 2354 od
742 2276 927 2369 pubertatis
961 2300 1063 2347 annos
1088 2296 1340 2362 pervenerunt,
1365 2304 1486 2370 nerum
1525 2272 1765 2365 conjugalem,
1807 2270 1861 2345 vel
1894 2295 1930 2345 ut
1956 2271 2035 2347 ell'et
2063 2279 2196 2350 initium

516 2375 648 2466 ipsimet
664 2375 769 2449 libere
793 2367 1013 2446 consentiant.
1052 2372 1118 2443 Alii
1134 2367 1291 2462 sponsalia
1301 2377 1341 2441 de
1365 2379 1535 2464 conjugiir
1589 2373 1640 2469 e.)
1666 2366 1865 2467 Sponsalio,
1896 2394 1973 2468 quae.
2000 2395 2067 2448 non
2086 2399 2195 2471 pure,

401 2471 405 2480 '
506 2473 635 2566 'sutura
652 2471 948 2546 iocant'trabbatus
965 2472 1230 2569 praeparatorios
1246 2469 1343 2637 1port-
1359 2471 1422 2567 scd
1436 2471 1501 2569 sub
1521 2472 1711 2546 conditione
1738 2471 1870 2568 lsonefla
1890 2469 2040 2570 pofflbili
2060 2485 2196 2549 contra-

506 2567 698 2669 saliorum,
711 2569 884 2658 'inquibus
899 2570 1046 2641 nondum
1061 2572 1230 2656 pastiones
1262 2594 1345 2657 pon·
1366 2569 1517 2656 buntur,
1543 2567 1742 2659 sponsalibus
1768 2574 1809 2641 de
1840 2566 1954 2640 futuro
1975 2575 2196 2647 adnumeran-

512 2663 599 2742 ·sales
617 2671 847 2743 instituuntur,
874 2663 1218 2767 ledaeosabtursnoit
1237 2670 1278 2737 de
1292 2662 1345 2736 su·
1367 2691 1433 2743 tur.
1477 2671 1531 2764 f.)
1563 2665 1788 2763 Despostsatia
1815 2665 2019 2758 impuberum
2045 2673 2128 2758 jorie
2146 2674 2201 2746 in·

520 2762 996 2855 turissponsalibustraetatur.
1011 2761 1265 2834 Cltrmuitiusin
1279 2763 1343 2835 loc.
1367 2771 1606 2860 terpretatione
1631 2768 1717 2838 inter
1740 2761 1896 2854 sponsalia
1919 2771 1961 2839 de
1981 2765 2096 2841 sutoro
2120 2793 2200 2844 cen·
2223 2815 2224 2819 =

511 2866 563 2938 de
582 2871 716 2954 conjug.
733 2887 763 2935 c.
787 2861 813 2933 l.
836 2885 870 2950 p.
893 2883 971 2955 5¹7·
1023 2857 1066 2934 In
1085 2858 1260 2957 satistuto
1279 2873 1343 2945 uel.
1368 2862 1474 2948 setar,
1497 2866 1552 2938 nisi
1571 2866 1713 2955 puberes
1731 2863 1940 2936 butruntio
1962 2861 2122 2940 consensu
2142 2868 2199 2941 illa

511 2957 567 3035 'ss
583 2985 659 3034 nou.
678 2961 745 3060 lest.
763 2957 959 3056 desponsata
988 2955 1149 3045 babetur,
1182 2957 1224 3032 δ’
1247 2980 1345 3032 voca·
1368 2991 1438 3038 rata
1463 2966 1616 3037 habeant.
1671 2969 1751 3034 Haec
1768 2963 2063 3052 Chemn'ttius,qui
2085 2969 2198 3058 postea

519 3069 577 3134 tur
590 3081 681 3133 uxor
691 3058 753 3155 sets
766 3062 913 3152 conjuret
939 3063 1040 3128 Dent.
1057 3057 1235 3144 xxiia.
1258 3065 1341 3131 Gen.
1359 3066 1484 3145 addit,
1514 3059 1693 3159 sponsalia
1723 3063 1763 3132 de
1792 3060 1915 3154 sutura
1954 3086 2020 3134 non
2047 3065 2199 3138 inducere

521 3155 615 3230 XIX.
632 3179 685 3246 14.
714 3156 837 3228 Mattb.
853 3158 879 3227 l.
894 3180 951 3228 20.
973 3156 1053 3250 quia
1073 3178 1153 3249 ergo
1167 3153 1344 3251 scriptura
1367 3163 1530 3257 efficacem
1545 3162 1806 3256 obligationem,
1831 3171 1892 3232 aul
1912 3185 2034 3234 nexum
2058 3159 2199 3263 indiffa-

521 3253 573 3327 ilo
587 3255 724 3349 judicat
740 3252 780 3326 de
792 3252 880 3325 aeris
895 3249 1130 3349 sponsalibus,
1155 3252 1295 3351 ecclesto,
1309 3261 1346 3327 ab
1368 3258 1504 3334 labilem
1533 3263 1568 3333 in
1585 3261 1688 3355 blm
1711 3269 1887 3353 precepto.
1951 3262 2042 3352 Quin
2062 3287 2144 3336 vem
2164 3287 2203 3336 ο.

521 3354 713 3450 reprimeret
733 3350 917 3452 profanam
943 3348 1112 3424 leuitatem
1145 3351 1181 3422 in
1213 3365 1347 3426 canrro·
1370 3363 1484 3431 mnino
1504 3363 1671 3431 statuenda
1693 3361 1739 3428 est
1763 3354 1954 3429 differentia
1985 3362 2073 3432 inter
2102 3357 2203 3452 spon·,

521 3449 638 3542 modis
656 3447 697 3524 ss
714 3446 936 3546 rescindendis
955 3446 1070 3544 rursus
1097 3452 1250 3544 eossjugii
1275 3463 1347 3526 ira·
1369 3453 1463 3542 salir‚
1487 3483 1559 3544 qne
1590 3454 1661 3527 sunt
1680 3453 1852 3543 promissio
1875 3458 2050 3548 conjugii,
2079 3468 2115 3532 &
2139 3487 2200 3533 nu·

523 3548 688 3633 datibus,
714 3571 852 3644 quorum
866 3545 906 3641 se
926 3545 1022 3620 Deus
1041 3544 1285 3643 ipseattbiorem
1306 3548 1346 3623 ss
1370 3553 1474 3644 plias,
1502 3582 1573 3643 quae
1597 3552 1669 3625 sunt
1694 3550 1916 3641 promissionis
1941 3554 2027 3625 illius
2050 3559 2201 3647 comple.

525 3648 776 3722 conciliatorem
788 3648 983 3745 profitetur,
997 3645 1035 3717 di
1063 3646 1236 3744 iniiioaem
1253 3646 1346 3722 islam
1372 3677 1544 3732 niernum,
1577 3655 1614 3726 δι
1638 3654 1713 3741 quin
1740 3651 1822 3722 alius
1845 3647 2017 3724 consensus
2038 3653 2201 3753 eslspon·

354 3789 357 3796 ·
454 3809 468 3838 ,
524 3749 612 3820 inter
618 3741 798 3843 sponsalia
811 3744 851 3817 de
858 3745 981 3839 futuro
1052 3743 1092 3817 de
1128 3743 1349 3843 saesmlipro·
1364 3748 1523 3848 felitius,
1547 3751 1627 3822 alius
1654 3750 1846 3844 staminiis.
1869 3772 1906 3821 ut
1928 3746 2202 3840 superintoslen-

524 3844 622 3917 bavit
645 3841 686 3916 ss
705 3843 848 3938 recepit,
876 3839 944 3916 &a
996 3770 1182 3940 Spoasblia
1202 3843 1348 3939 desolo
1371 3849 1500 3932 dimu'ra
1531 3853 1606 3923 ideo
1626 3845 1861 3937 fimplicilllme
1881 3851 2051 3929 statuitur,
2074 3849 2201 3943 sponse·

522 3963 562 4014 ro
570 3938 654 4037 stent
667 3940 829 4015 tradatur
845 3939 1023 4035 defuturis
1038 3944 1167 4038 nuptiis
1181 3941 1348 4019 celebran-
1370 3948 1412 4019 lia
1426 3951 1563 4040 proprie
1583 3950 1670 4019 iliata
1687 3946 1749 4018 esse
1772 3957 1902 4019 tansum
1916 3946 2098 4041 desudare,
2108 3955 2201 4026 ideo-

523 4038 603 4118 disr
640 4038 680 4112 de
701 4036 880 4134 prasente,
908 4039 1039 4136 qisaado
1066 4039 1106 4112 de
1129 4040 1348 4138 presentibus
1371 4073 1439 4135 que
1458 4050 1492 4119 in
1516 4041 1718 4133 sponsalibus
1735 4048 1871 4134 proprie
1894 4045 2065 4131 fielium,
2083 4052 2200 4134 idest,

523 4135 852 4308 nuptiisde'spofflioe
867 4136 1040 4211 nudatur.
1093 4141 1204 4211 Postea
1221 4164 1347 4223 monet,
1371 4148 1404 4218 io
1432 4147 1580 4236 conjugii
1608 4141 1823 4232 promiffione
1853 4140 1981 4231 semper
2006 4141 2200 4221 subaudien-

524 4260 648 4312 nonest
668 4238 745 4309 caui
769 4238 881 4308 atione
896 4234 1088 4322 verboram,
1104 4234 1167 4332 scd
1182 4260 1227 4310 ex
1242 4242 1348 4313 inten-
1371 4242 1529 4316 dimerse
1550 4246 1802 4320 conditionem,
1834 4243 1897 4332 nist
1916 4242 1997 4336 quid
2018 4244 2199 4321 interame-

524 4335 632 4424 lione,
655 4337 786 4431 ratione
818 4329 962 4410 &aliis
993 4337 1250 4436 circumflanliis
1277 4350 1348 4410 tra·
1374 4344 1443 4425 rit,
1469 4344 1556 4429 quod
1576 4335 1797 4429 promissionis
1814 4330 2065 4427 impletionem,
2090 4348 2199 4426 idest,

524 4435 670 4512 doraum
688 4434 942 4530 dijudicantium
961 4431 1044 4533 effe,
1074 4460 1146 4523 qua
1166 4435 1226 4507 lint
1251 4432 1351 4527 spon·
1375 4440 1575 4512 matrimonii
1607 4436 1753 4510 inchoati
1784 4435 2032 4512 ratificationem
2060 4452 2098 4516 δι
2112 4459 2199 4517 'ron-

524 4529 601 4606 solia
618 4529 837 4622 depraesente,
852 4533 904 4605 vel
918 4531 1052 4611 futuros
1071 4532 1351 4624 ibidemqutpro-
1376 4526 1623 4611 summationem
1646 4539 1829 4624 impediat,
1852 4560 1891 4607 er
1913 4561 1980 4625 quo
2004 4536 2200 4614 lundomen·
2219 4579 2221 4583 ¹

486 4723 489 4730 Ι
524 4639 619 4727 ponit
634 4628 685 4701 sen
702 4628 997 4703 considerationum
1015 4634 1149 4718 capita,
1177 4636 1350 4718 exquibus
1375 4660 1410 4708 tu
1438 4639 1478 4708 ad
1506 4633 1625 4705 multus
1646 4636 1697 4706 de
1725 4629 1972 4723 sponsaliorum·
1991 4635 2200 4716 dissolutione

524 4727 683 4824 sponsalia
705 4725 874 4799 defuturo
893 4725 1132 4817 agnoscantur:
1158 4736 1207 4819 a.)
1224 4725 1267 4803 Si
1280 4758 1351 4806 ver·
1374 4736 1565 4823 questiones
1579 4727 1769 4822 responderi
1786 4733 1916 4823 potest,
1941 4755 1979 4805 ut
1999 4733 2085 4811 infra
2100 4743 2201 4833 adpa·
2221 4725 2224 4730 ¹

525 4832 570 4908 ba
590 4831 698 4929 plana
726 4821 766 4898 ss
789 4825 1070 5020 manifestafnl,
1095 4828 1182 4923 quod
1205 4854 1270 4902 eron
1289 4857 1351 4928 pu·
1374 4836 1469 4906 rabit.

280 5001 297 5036 ι
387 4955 401 4982 ”
450 4923 453 4928 ⁸
524 4957 602 5017 ἴων
632 4922 805 5022 sls⁰l¹⁴b⁹s
837 4922 877 4999 ὅ
899 4947 1042 5021 lli-sim
1057 4982 1067 5009 ι
1092 4923 1155 5024 sed
1172 4925 1350 5026 suspmsus
1425 4947 1459 5018 pss
1482 4935 1639 5004 CXXXI.
1665 4933 1726 5014 ll.)
1747 4923 1913 5018 sponsalia
1963 4931 2010 5007 2.)
2023 4931 2199 5017 [interspar-

526 5024 696 5124 ‘Obsmslsl
724 5023 860 5117 suerit,
893 5021 1040 5104 scilicet,
1076 5032 1164 5113 qood
1194 5024 1348 5101 disertam
1374 5029 1614 5105 contrahuntur
1656 5026 1709 5099 ¹rel
1737 5051 1833 5118 pure,
1860 5029 1913 5100 vel
1955 5010 2201 5106 j'als'o'pnm&

522 5128 753 5219 exceptionem
777 5125 942 5199 adnexam
966 5123 1167 5214 habuerint,
1199 5131 1347 5204 nonduin
1365 5127 1432 5230 sub
1446 5129 1653 5230 sordidare.
1718 5121 1807 5202 Pure
1835 5150 1916 5197 con·
1963 5091 2177 5162 ‘⁰⁴⁶⁸5'0W0·

1834 5223 1997 5308 urbi.
