4884 5984
578 507 582 513 ·
675 531 710 578 .·
744 516 818 595 na
866 469 1217 604 nurtrairo.
1742 543 1807 619 191

351 698 396 776 11.
413 697 553 793 Jenens.
574 699 780 776 Germanic.
803 700 896 778 libro
921 704 964 779 de
998 704 1104 801 magis
1116 661 1243 794 pollom
1268 698 1311 798 est
1334 701 1486 786 dicenda,
1514 724 1595 799 quoe
1610 701 1808 776 adulterium
1919 694 1921 699 ’

348 801 448 898 rgoli.
475 823 560 898 pag.
589 819 670 893 155.
685 798 720 870 b.
771 800 883 875 Wenn
909 810 967 874 det
998 801 1178 893 commisit,
1207 817 1246 869 at
1265 802 1402 894 proinde
1422 803 1580 872 amorim
1606 806 1737 894 retineri
1759 805 1811 875 vel

348 900 485 974 inimiici
498 899 555 993 ist,
577 898 710 969 inardet
727 902 842 972 Manu
853 901 969 973 Mocit
998 901 1098 990 repeti
1114 900 1235 996 nequit.
1280 897 1384 995 Resp.
1409 897 1568 972 Azorius
1583 901 1665 973 libr.
1675 900 1735 974 VI.
1752 901 1807 975 in·

348 999 441 1080 tion,
467 1004 525 1074 dat
540 995 638 1089 erstr,
663 996 732 1090 dost
744 998 854 1091 ersom
870 1000 966 1074 Weib
999 996 1066 1071 stit.
1093 997 1221 1070 moral.
1251 1015 1327 1091 cap.
1357 1015 1412 1080 13.
1446 995 1620 1071 existimat
1650 998 1808 1076 verbum

348 1104 387 1169 nd
405 1091 713 1193 iritd'aerit'ci-fltaffe
736 1101 804 1167 und
823 1098 967 1185 tetam,
993 1096 1099 1191 poiloi
1126 1095 1217 1165 nihil
1250 1085 1349 1167 aliud
1379 1096 1448 1166 hoc
1475 1097 1555 1170 loco
1581 1096 1805 1194 inguinem,

348 1194 465 1296 ieffern
485 1198 553 1269 utu
565 1242 579 1274 ,
604 1198 665 1266 das
689 1200 815 1275 ander,
833 1198 911 1293 dass
931 1223 965 1268 er
1002 1209 1113 1289 quarn
1128 1192 1223 1263 atteri
1241 1192 1373 1282 misceri.
1426 1193 1493 1264 Sed
1517 1196 1555 1265 in
1579 1194 1733 1269 Hebraeo
1758 1196 1808 1272 est

348 1293 733 1391 ritJoscpithonwolte.
760 1294 861 1368 Idem
877 1315 971 1368 tom·
1000 1292 1155 1366 verbum
1184 1291 1307 1388 Nar
1336 1291 1434 1387 quod
1463 1289 1634 1389 fignificat
1654 1300 1809 1367 contami·

348 1394 362 1467 ,”.
384 1395 554 1468 German.
569 1396 607 1465 in
621 1390 702 1466 libr.
723 1394 766 1464 de
783 1393 875 1466 caus.
891 1415 965 1466 ma·
998 1412 1138 1479 natam,
1160 1401 1343 1494 pollutam,
1368 1402 1570 1474 immundum
1585 1401 1673 1499 sseo-
1694 1413 1735 1477 ar
1756 1408 1809 1480 di.

348 1514 425 1566 tarr.
451 1494 495 1564 ΙΙ.
526 1509 612 1588 pag.
635 1506 719 1583 255.
742 1490 777 1563 b.
827 1490 881 1563 [ci
903 1493 966 1563 ian
999 1495 1087 1569 serre
1102 1499 1272 1586 additur,
1297 1496 1361 1572 effe
1381 1521 1491 1570 cotom
1510 1499 1656 1574 Domino
1671 1502 1807 1582 abomi-

348 1592 429 1664 rt'cirt
447 1590 599 1678 written,
619 1612 669 1661 too
685 1591 736 1659 ein
758 1589 898 1663 Gemoii
916 1596 967 1662 die
1000 1596 1209 1686 nationem,
1237 1597 1261 1669 sr
1278 1598 1430 1670 maritus
1454 1600 1679 1693 repudiatam
1704 1603 1819 1679 alteri
1886 1621 1888 1624 ’

348 1715 371 1768 a
395 1695 464 1761 und
477 1690 538 1760 ran
551 1687 697 1781 bewiesen
711 1694 837 1760 werden
853 1691 966 1788 fferr-
1001 1714 1151 1788 nuptam
1168 1696 1212 1767 ad
1232 1695 1265 1767 se
1287 1695 1466 1790 recipiat}
1494 1699 1592 1790 quod
1606 1700 1643 1770 in
1658 1701 1808 1798 vulgata

354 1793 413 1861 dos
424 1795 525 1861 ander
544 1785 637 1856 Titii
644 1786 726 1883 frey
730 1788 812 1883 sty,
827 1795 896 1860 uod
897 1790 966 1889 fici
1000 1791 1158 1863 verstone
1182 1793 1227 1866 fic
1243 1795 1406 1866 redditur
1426 1840 1438 1879 ‚
1465 1796 1628 1866 mulierem
1656 1804 1809 1892 repudio·

348 1902 428 1988 dgr,
451 1888 590 1957 undmit
603 1888 702 1955 tinem
716 1891 842 1958 andern
858 1890 965 1959 verri·
1000 1902 1091 1974 tom,
1101 1892 1139 1987 fi
1165 1893 1261 1962 alteri
1277 1892 1421 1986 nupserit
1436 1941 1450 1969 ,
1463 1890 1545 1981 fieri
1571 1896 1732 1985 pollutam
1759 1895 1809 1975 ΕΤ

348 1989 436 2060 iemoi
447 2036 459 2064 ‚
485 2008 643 2059 tootnons
673 1981 753 2055 tion
783 1984 873 2062 ian,
890 1985 970 2084 dost
999 1989 1251 2064 abominabilem.
1301 1989 1542 2062 Bellarminus
1562 1991 1644 2064 libr.
1668 1997 1711 2068 de
1733 2020 1809 2072 ma·

348 2085 491 2180 rsonae,
518 2088 586 2155 ond
606 2083 966 2179 beydnanderieiaite,
999 2086 1145 2157 trimon.
1169 2109 1245 2183 cap.
1282 2105 1338 2181 17.
1358 2084 1511 2180 respons.
1533 2092 1578 2161 ad
1595 2090 1723 2166 obied.
1752 2119 1810 2191 14.
1830 2117 1835 2121 ·
1887 2131 1889 2135 ·

348 2189 380 2257 321
392 2183 507 2283 beffer:
534 2184 601 2259 Wo
623 2183 701 2251 aber
715 2186 774 2252 das
788 2183 965 2279 onfiiuldi·
1000 2205 1173 2276 provocat
1193 2187 1239 2258 ad
1258 2205 1399 2258 textum
1415 2182 1645 2277 Hebraeum,
1673 2191 1711 2262 in
1733 2215 1807 2288 quo

348 2285 432 2356 nieht
460 2279 526 2355 otti
544 2335 555 2361 ,
572 2282 615 2374 sta
642 2304 738 2378 mags
767 2282 816 2354 im
840 2284 970 2359 Nomen
1006 2302 1078 2351 non
1095 2282 1234 2355 dicatur
1255 2284 1370 2355 molier
1387 2280 1457 2377 t'pfit'
1478 2288 1724 2366 abominabilis,
1751 2290 1812 2366 sed

348 2387 412 2455 ines
433 2380 549 2454 Rechts
571 2378 737 2453 araneam.
779 2417 782 2422 ·
1005 2381 1103 2473 quod
1117 2377 1156 2453 iit
1170 2404 1279 2453 coram
1294 2384 1441 2458 Domino
1452 2385 1647 2459 abominatio
1658 2439 1673 2467 ,
1686 2386 1724 2485 st
1739 2414 1813 2461 mo.

1001 2479 1059 2549 iier
1076 2480 1168 2549 toties
1186 2493 1288 2552 mutet
1306 2484 1473 2559 morirer,
1496 2479 1544 2557 εἴ
1565 2481 1658 2583 qu'ofi
1674 2510 1810 2561 commo.
1879 2491 1886 2501 ‘
1931 2525 1934 2536 ·

348 2575 454 2651 XXIV.
502 2580 729 2676 Argumenta
754 2566 979 2672 Hieronymi*
1004 2577 1323 2696 oatasueritqtteri3
1336 2582 1454 2693 iterum
1471 2585 1582 2651 redeat
1598 2586 1811 2680 adprimom.

348 2678 621 2867 >difuit
639 2675 971 2866 iiuiii‘niif
1003 2672 1813 2870 iii¹32?tussssassauiiammaai}
1870 2829 1878 2834 .

348 2899 399 2945 ros
421 2874 573 2966 lapidari.
624 2878 722 2970 Ergo
741 2870 846 2942 noidit
877 2896 970 2943 eoso
997 2868 1247 2963 maturanda.
1296 2870 1537 2946 Bellarminus
1550 2872 1608 2947 -fic
1631 2880 1811 2973 explicam

348 2978 403 3044 ·t'n
426 2977 574 3070 gratiam
601 2975 710 3064 recipi.
765 2969 866 3064 Resp.
887 2992 970 3042 con·
1004 2972 1132 3064 qnando
1142 2972 1271 3062 polluto
1288 2970 1413 3068 estnon
1423 2970 1549 3062 altero,
1574 2977 1609 3043 id
1626 2976 1814 3072 estjquan.
1892 2983 1918 3029 ·''

350 3095 368 3145 r
409 3070 554 3144 diversae
594 3067 815 3165 quaestiones.
886 3069 971 3141 Alia
1005 3071 1045 3138 do
1062 3090 1128 3138 rem
1141 3091 1212 3142 cum
1233 3070 1298 3143 olio
1317 3071 1453 3157 aanor,
1477 3072 1578 3168 atqui
1600 3075 1825 3172 pollutionis,

348 3170 388 3243 est
411 3173 454 3242 de
480 3169 574 3265 offido
597 3167 833 3263 magistrates,
859 3188 971 3261 quam
1005 3187 1138 3237 nomen
1172 3189 1246 3238 non
1273 3165 1445 3244 tribuitur
1472 3167 1672 3285 congressui
1704 3179 1814 3252 mari-

348 3293 390 3342 m
405 3272 444 3341 in
459 3270 640 3340 adulteros
655 3266 805 3364 statuere
823 3263 970 3356 debeat3
1006 3264 1068 3336 tali
1083 3264 1248 3360 legitimo
1264 3269 1298 3338 δι
1316 3267 1442 3354 licito,
1465 3264 1522 3338 sed
1546 3267 1671 3352 nuda„
1691 3269 1816 3364 ἐμω.

353 3365 496 3462 quaestio
515 3364 562 3440 est
582 3368 625 3439 de
645 3366 739 3460 officio
754 3365 889 3435 nominis
901 3366 970 3455 pti·
1006 3387 1065 3448 nrt
1083 3355 1162 3448 ica,
1186 3360 1299 3434 Hebr.
1315 3363 1466 3459 x111.·²4.
1499 3364 1596 3464 Ergo
1618 3387 1663 3441 ex
1676 3373 1745 3442 hoc
1760 3375 1814 3447 lo·

348 3466 439 3538 dilli
453 3466 590 3538 ratione
608 3463 828 3538 conscientia
842 3462 972 3534 facien·
1010 3482 1051 3533 co
1068 3458 1163 3534 rede
1184 3462 1334 3558 quidem
1346 3460 1621 3560 colligi'potest,
1650 3471 1748 3568 quod
1762 3463 1815 3552 aa
1938 3516 1940 3518 ·
2054 3463 2086 3500 ·'

368 3565 390 3635 fi
412 3561 638 3661 magistratus
653 3563 690 3634 in
704 3557 817 3637 officio
838 3560 896 3632 suo
913 3581 973 3630 ne·
1007 3559 1125 3650 vortia
1146 3559 1229 3655 lege
1251 3557 1390 3632 forensr
1413 3555 1550 3639 fuerint
1573 3565 1750 3659 tolerata,
1776 3572 1827 3662 ini
1945 3611 1949 3628 -.

347 3661 396 3734 stt.
446 3660 766 3748 Neorstatuimus,
802 3652 975 3730 maritum
1009 3655 1089 3729 foto
1114 3659 1233 3729 tamen
1255 3657 1474 3740 conscientiae
1499 3671 1732 3761 nequaquam
1754 3673 1816 3743 ad.¹

348 3762 519 3833 onnivere
547 3761 591 3831 ad
621 3759 789 3862 adulterae
811 3755 974 3853 flagitia,
1009 3755 1180 3850 probata3
1207 3754 1351 3870 (quam
1378 3757 1416 3828 in
1445 3778 1525 3829 rem
1549 3782 1633 3834 eum
1666 3767 1817 3841 adduxi-

348 3860 445 3931 itiam
461 3860 538 3930 eius
557 3860 663 3952 plane
684 3856 902 3947 impunitam
924 3856 975 3926 di·
1009 3876 1092 3925 mus
1110 3847 1305 3956 superrus).
1328 3851 1385 3930 sed
1406 3876 1452 3925 ex
1470 3857 1598 3929 eodem
1616 3861 1742 3936 inferri
1756 3888 1817 3937 ne-

364 3961 425 4029 vel
449 3956 604 4052 pecunia
616 3953 687 4027 five
713 3955 783 4026 alia
805 3951 977 4048 quapiam
1012 3952 1121 4045 quit,
1148 3949 1249 4043 q'r'rffd
1268 3953 1419 4025 maritus
1448 3974 1520 4024 non
1541 3957 1640 4049 poffit
1661 3981 1818 4036 uxorem
1935 4027 1937 4033 .

348 4057 464 4128 alterio
488 4051 650 4151 pacisci,
676 4052 733 4125 sed
756 4050 845 4124 serio
891 4049 978 4138 oeni·
1012 4049 1212 4121 adulteram
1228 4045 1495 4145 'refipiscentem
1516 4054 1670 4148 retinere
1682 4059 1742 4132 vel
1762 4083 1818 4134 re·

348 4176 363 4225 r
382 4177 404 4227 a
425 4174 568 4249 peccato
592 4149 831 4238 deststentem,
857 4075 888 4221 ir)
904 4169 977 4219 ma·
1013 4147 1144 4241 cipere.
1193 4143 1250 4218 Est
1263 4147 1361 4234 enim¹
1372 4147 1489 4244 dispar
1498 4153 1587 4223 ratio
1606 4156 1741 4251 duplici
1754 4181 1818 4232 no·
1838 4170 1843 4181 '

367 4254 522 4368 gratiam
550 4249 747 4338 illisaciar,
772 4248 810 4321 in
833 4248 978 4321 thorum
1015 4246 1146 4316 mine:
1174 4248 1313 4338 primo,
1339 4247 1426 4341 quia
1460 4246 1504 4320 de
1537 4254 1723 4347 repudiata
1743 4255 1820 4352 post

360 4352 472 4446 recipt
484 4346 579 4444 posse
593 4349 759 4422 dicimus.
779 4348 850 4442 '2.)
870 4346 977 4420 Dent.
1015 4344 1134 4415 mariti
1153 4341 1359 4440 posterioris
1376 4363 1531 4419 mortem
1550 4349 1610 4421 vel
1625 4371 1663 4423 re
1688 4355 1820 4428 udium

348 4499 361 4522 .
396 4447 592 4525 Prohibetur
611 4449 856 4540 maritus-eant,
881 4445 990 4540 qnam*
1016 4443 1148 4513 iterum
1164 4463 1237 4513 non
1252 4444 1417 4514 ducenda
1440 4441 1597 4541 exprelia
1616 4376 1725 4522 exim
1737 4474 1821 4546 pro·

357 4597 368 4631 ,
395 4548 526 4644 rursum
547 4552 659 4618 ducere
679 4546 738 4645 ,fi
761 4547 854 4622 alteri
875 4531 988 4636 nupto·
1015 4537 1167 4626 bibitio,
1195 4560 1277 4634 quor
1300 4543 1344 4613 de
1359 4543 1520 4615 adultera
1536 4566 1609 4615 non
1635 4546 1822 4634 retinenda

354 4650 555 4719 -velrationr
574 4647 640 4716 alio
664 4648 825 4714 abeodem
852 4656 923 4716 etot
944 4641 979 4710 li·
1015 4635 1180 4731 nuspiam
1196 4636 1367 4730 habetur3
1387 4639 1544 4738 secundm
1572 4643 1658 4737 quia
1669 4645 1822 4722 maritus

348 4745 537 4824 &additor
552 4748 664 4821 ratio,
692 4740 902 4837 ottonianus]
911 4739 981 4835 po!-
1016 4731 1143 4807 iniusta
1163 4734 1359 4808 dimiffione
1385 4734 1604 4812 occatorem
1627 4745 1822 4838 repudiata

348 4869 364 4917 t
393 4870 434 4919 eo
463 4845 507 4917 fic
534 4842 713 4916 concludit
734 4840 921 4913 Bucerus:
949 4837 983 4908 Si
1020 4834 1144 4921 dedit,
1168 4851 1209 4906 ut
1234 4832 1302 4906 sese
1321 4835 1527 4930 pollueret,
1552 4836 1602 4916 ita
1624 4842 1723 4914 enim
1742 4865 1822 4916 ver.

348 4948 474 5024 initur,
497 4957 581 5041 quae
598 4942 669 5037 post
695 4945 869 5012 divortium
891 4939 1003 5010 alteri·
1019 4929 1108 5003 bum
1136 4929 1332 5004 Hebraeum
1363 4934 1399 5004 in
1418 4933 1561 5028 hithpael
1575 4937 1728 5032 posrtum
1755 4942 1824 5014 hoc

348 5045 464 5141 'quod
481 5063 601 5114 tamen
618 5039 680 5136 ipsr
698 5036 984 5130 concedebatur)
1019 5030 1221 5102 loco-reddi
1250 5027 1345 5125 poiie
1370 5079 1381 5120 ‚
1417 5030 1513 5110 rede
1537 5037 1706 5126 admonet
1727 5038 1832 5125 Beza.

348 5120 985 5241 'prioremitooucinonpotest,mnoo
1021 5128 1104 5205 libr.
1134 5129 1178 5200 de
1201 5129 1330 5203 divort.
1353 5152 1437 5231 pag.
1466 5137 1546 5228 176.
1598 5135 1826 5309 sed‘admtgt

374 5272 378 5277 ’
1722 5251 1787 5308 ran
1812 5256 1828 5311 1
1895 5280 1897 5283 ·
