4884 5984
342 512 402 607 rr,
651 509 830 590 rocas
858 510 1008 640 axau
1051 453 1261 589 carmi.
1307 441 1527 586 eacan.
1572 501 1704 612 ¹aar.
1728 502 1757 584 ν.

275 785 281 792 ,
346 702 501 810 sponsum
519 711 723 786 Hermiones
738 707 887 786 Menelai
905 733 945 783 er
961 704 1088 781 Helena
1110 702 1185 778 filie
1211 705 1277 780 tris
1303 701 1345 780 θ’
1369 702 1480 778 animi
1502 703 1567 778 mei
1583 701 1753 799 sententio
1773 720 1914 782 uxorem
1935 699 2055 776 ducere·

345 809 392 905 ah
424 812 544 883 Oreste
574 812 610 882 in
641 836 777 898 uxorem
809 805 947 903 petite,
992 808 1187 898 nuptiarum
1211 806 1377 905 constitui.
1428 804 1604 891 Dionysius
1627 801 1840 879 Halicarnasi.
1856 803 1915 878 lib.
1935 798 1979 874 ll.
1995 826 2056 872 an·
2100 836 2103 841 ·

345 903 480 981 suarum
515 931 630 982 curam
673 935 804 1003 patrem
834 906 1045 993 subiturum,
1082 909 1124 978 ad
1154 899 1187 976 se
1210 909 1271 996 tiq.
1285 907 1422 977 adducit
1437 902 1549 996 legem
1564 906 1687 975 Numae
1705 903 1886 1011 Pompilii:
1921 894 1965 974 Si
1978 920 2066 998 pa·

345 1008 437 1082 enirn
470 1008 536 1081 hoc
572 1034 640 1082 non
675 1012 855 1101 pertinere.
930 995 1188 1101 νυμφευμάτων
1211 1003 1352 1102 ierſslio
1376 999 1565 1101 canceffera‘i
1585 1027 1726 1077 uxorem
1745 1003 1861 1076 ducere
1873 997 2056 1097 samaram

344 1107 415 1181 am
437 1105 528 1202 ἐμῶν
550 1105 676 1208 moaip
707 1108 789 1203 ἐμὸς
820 1108 990 1210 μεριμνὲν
1022 1103 1123 1202 ἷξεν,
1153 1100 1186 1178 κ’
1211 1128 1252 1177 ac
1272 1102 1435 1178 bonoram
1461 1106 1570 1199 juxta
1597 1101 1688 1200 leges
1712 1103 1936 1199 participem,
1957 1100 2060 1198 patri

292 1227 310 1284 ¹.
348 1203 394 1281 ἐν
417 1202 499 1297 imis
523 1202 607 1287 arida
629 1208 752 1307 νιρὶνενν.
776 1216 865 1300 (que
896 1204 1025 1288 verba,
1056 1226 1093 1276 ut
1119 1201 1184 1275 hoc
1205 1205 1343 1305 posthac
1370 1203 1496 1276 nodam
1532 1205 1592 1299 jus
1633 1206 1696 1303 esto
1723 1201 1887 1276 amrimdt'
1905 1199 2053 1298 filiume

332 1302 456 1377 'obiter
474 1331 684 1394 moneamus,
712 1307 745 1379 h.
764 1306 931 1382 Lutherus
948 1306 1058 1376 noster
1077 1324 1184 1374 muta·
1208 1331 1249 1378 ex
1266 1303 1546 1395 qua-intelligitur
1563 1303 1604 1374 ab
1621 1304 1717 1373 initio
1737 1299 1929 1390 reipublice
1944 1324 2059 1374 roma·

245 1401 248 1406 ’
348 1405 390 1475 tis
406 1404 556 1493 pauculis
578 1403 762 1479 dusciffima
781 1412 923 1497 quadam
940 1400 1119 1502 catachrest
1141 1405 1183 1474 ad
1207 1430 1259 1475 nae
1282 1426 1462 1495 parentum
1482 1401 1713 1473 sudoritatem
1731 1407 1766 1473 in
1784 1402 1909 1490 nuptiis
1930 1398 2058 1476 libetu-
2081 1495 2084 1502 Ι

336 1499 448 1576 'fidem
471 1506 505 1575 in
521 1501 871 1579 seriis'tentationibas
900 1508 942 1577 de
967 1524 1182 1595 peccatorum
1208 1529 1283 1575 rum
1300 1501 1398 1576 sitisse
1414 1497 1616 1590 requifitam.
1669 1503 1768 1590 apua
1788 1497 2057 1590 Xenophontem

276 1641 307 1684 ‚·
346 1604 591 1695 magnitudine,
609 1604 663 1677 vel
688 1606 902 1680 multitudine
922 1629 991 1677 non
1015 1598 1183 1693 disputan·
1214 1605 1324 1692 Cyrus
1340 1600 1483 1688 Craxiri
1506 1596 1608 1672 filiam
1631 1608 1668 1674 δι
1687 1603 1816 1672 Mediae
1834 1605 1979 1692 regnum
1998 1610 2065 1678 do.

349 1697 443 1783 sem,
465 1695 570 1774 sedin
587 1705 652 1777 Dei
675 1700 904 1798 misericordia,v
921 1724 1062 1794 propter
1089 1699 1189 1774 Chri·
1215 1704 1257 1773 tis
1279 1707 1416 1776 nomine
1439 1700 1499 1790 ipsi
1519 1696 1674 1771 offerenti
1692 1696 1895 1789 respondet:
1918 1701 2008 1780 ἄλλ’
2031 1683 2070 1782 3

279 1843 301 1866 .·
347 1803 434 1873 stum
449 1801 605 1891 promissa
619 1795 1191 1893 uniceecfimpliciteradquiescen·
1213 1799 1401 1907 κναξᾶρνν,
1427 1796 1506 1878 aa'rr
1531 1792 1646 1897 pia&
1669 1796 1799 1874 ν’παννῶ
1823 1798 1885 1874 καὶ
1899 1800 2063 1880 rivari-

348 1920 418 1974 tem
435 1902 677 1974 adcommodat
702 1900 884 2029 a‘mugssrir
907 1902 972 1998 μὲν
1001 1899 1068 1974 rm
1096 1898 1190 1993 mm
1213 1893 1284 1985 ia,
1309 1900 1372 1978 aas*
1395 1895 1505 1999 iupa,
1531 1900 1698 1989 βέλομαν
1723 1889 1821 1975 iratis
1843 1898 1890 1991 aii
1911 1902 1958 1973 air
1981 1926 2064 1980 aaa·

348 1994 464 2103 corrig
486 1997 569 2089 aaa
593 2003 762 2100 μεριμνᾶν
787 2002 873 2097 sier,
899 1999 931 2076 κ’
957 1994 1189 2090 ν’νιέμδνσνω·
1212 1996 1288 2097 apii
1313 1995 1436 2098 γνῶμνν
1466 1996 1529 2074 καὶ
1553 1998 1597 2092 τῇ
1620 1998 1679 2078 rit
1703 2004 1830 2093 μννρσς
1858 1997 1980 2072 ταῦτα
2003 2030 2062 2091 ,σον
2098 2027 2100 2033 ·

228 2185 234 2192 ,
348 2097 426 2178 arrh
449 2090 563 2196 adda.)
597 2100 698 2189 Apud
716 2105 871 2173 eumdem
887 2102 922 2171 in
938 2098 1058 2173 Oreste
1072 2097 1190 2170 tribui·
1215 2093 1421 2176 συναινέσαι.
1487 2097 1586 2167 Plura
1614 2098 1649 2164 in
1681 2094 1767 2166 hanc
1798 2092 1996 2172 sententiam
2019 2126 2064 2184 ex

352 2197 609 2274 torotestihic
630 2196 847 2272 verifieulus:
895 2258 898 2261 <
1214 2200 1315 2271 variis
1342 2179 1534 2270 rudioribus
1557 2192 1768 2285 collegerunt
1794 2197 1951 2283 Cujacius
1980 2198 2063 2279 libr.

251 2335 254 2342 ·
326 2333 329 2338 ·
398 2293 517 2394 Aiarp’
541 2294 708 2383 irrisero,
732 2296 831 2375 sisium
855 2296 896 2373 ἄν
914 2288 993 2375 hia
1011 2294 1142 2396 amip.
1214 2294 1279 2370 ΙΙΙ.
1299 2292 1429 2370 observ.
1447 2320 1476 2368 c.
1498 2295 1544 2366 V.
1565 2292 1720 2367 Coralius
1743 2292 1800 2365 lib.
1823 2294 1904 2368 Vll.
1920 2294 2063 2380 miscell.
2095 2353 2103 2394 c

370 2421 371 2428 ¹
399 2391 568 2492 Sponsam
594 2395 715 2482 laada,
742 2420 842 2493 qaam
865 2394 929 2468 dai
948 2404 1058 2491 pater.
1213 2420 1244 2470 e.
1263 2394 1389 2467 XXIX.
1416 2400 1577 2485 cypraeus
1593 2398 1635 2466 de
1651 2388 1789 2482 iposisal.
1805 2417 1879 2483 cap.
1899 2396 2006 2486 V1.§.
2023 2411 2061 2483 6,

350 2495 453 2583 Apud
473 2493 653 2583 Apuleium
673 2498 844 2572 contendit
865 2503 1001 2580 Venus,
1036 2516 1102 2568 aaa
1131 2486 1190 2590 rffr
1213 2497 1379 2568 Arnisaeus
1406 2499 1448 2568 de
1475 2503 1550 2583 jure
1581 2492 1727 2566 connub.
1756 2517 1785 2564 c.
1807 2491 1870 2565 ΙΙΙ.
1894 2492 1972 2572 seu.
2005 2523 2063 2590 ιο,

321 2603 324 2610 “
352 2592 443 2673 inter
467 2588 667 2690 Cupidinem
693 2590 733 2667 ἕν’
752 2591 904 2691 Psychen
929 2617 1042 2668 veram
1067 2593 1189 2666 matri·
1213 2597 1422 2683 Cumprimis
1441 2620 1522 2667 uero
1542 2590 1753 2681 Tiraquellus
1773 2595 1815 2665 de
1834 2592 2064 2687 legibuseon.

352 2692 520 2780 monium,
545 2717 618 2766 cum
629 2703 729 2791 pater
749 2717 816 2769 aon
838 2689 1047 2863 caasmserit.
1087 2693 1188 2780 Apud
1212 2693 1338 2767 nubial.
1371 2696 1551 2768 Coronidis
1576 2695 1649 2765 vice
1685 2694 1836 2764 addimus
1864 2702 2064 2792 exemplum

351 2794 550 2868 Terentium
571 2795 606 2864 in
634 2794 756 2888 hadria
774 2798 849 2868 Λᾶ.
868 2793 916 2868 V.
950 2817 1021 2870 cen.
1039 2814 1070 2883 3.
1098 2793 1189 2863 Simo
1215 2789 1364 2867 Sirhrmi
1383 2793 1541 2887 gentilis,
1566 2795 1680 2881 quiex
1710 2814 1837 2863 naturae
1861 2794 1991 2876 lumine
2012 2806 2066 2880 itt·
2092 2811 2101 2835 '

351 2893 400 2964 ita
417 2894 651 2980 conqueritur:
678 2888 813 2966 Adcoa’
838 2893 1052 2990 impotentia
1078 2890 1190 2962 eani-
1212 2892 1370 2985 telligens
1407 2893 1593 2965 liberorum
1633 2892 1846 2965 matrimonia
1882 2921 2065 3000 parentum

355 3014 430 3078 mo,
453 3001 492 3064 as
505 2999 629 3087 praeier
645 2991 770 3066 civium
792 3015 934 3072 morem,
953 3013 995 3065 ac
1022 2988 1127 3086 segem
1149 2985 1189 3061 ii
1214 2987 1408 3064 consensum
1431 2996 1592 3083 exigere,
1637 2996 1769 3068 Hemor
1802 3017 1935 3085 patrem
1968 2997 2081 3092 suum.

352 3087 414 3189 sui
437 3088 645 3163 volantatem
665 3091 802 3188 patris,
834 3090 945 3167 tamen
965 3090 1051 3164 hanc
1073 3085 1191 3161 habere
1214 3094 1257 3164 de
1292 3097 1502 3181 procuranda
1533 3101 1568 3167 δι
1600 3093 1747 3188 petenda
1788 3098 1881 3167 Dina
1909 3097 2064 3188 solicitat.

340 3186 484 3293 studeat
499 3213 573 3263 cum
591 3185 725 3285 saramo
769 3186 879 3266 rubro.
930 3196 970 3262 ln
990 3188 1190 3262 Phormione
1215 3195 1301 3264 Gen.
1317 3189 1484 3262 XXXIV.
1506 3219 1539 3283 4
1562 3199 1598 3264 δι
1619 3217 1651 3264 ν.
1674 3188 1738 3280 9.'

278 3321 289 3350 .-
354 3288 527 3378 Demipho
551 3293 640 3361 aaa
667 3288 713 3362 ΙΙ.
736 3215 822 3364 rien.
854 3316 883 3365 r.
935 3286 1035 3361 Itane
1057 3286 1190 3360 tandem
1265 3303 1293 3379 ς.
1322 3292 1424 3360 LXV.
1474 3291 1605 3379 Excipit
1623 3288 1801 3365 Bellarmi·
1847 3294 2063 3376 aeturnum·

222 3441 231 3451 ·
354 3411 494 3463 uxorem
522 3384 628 3462 duxit
653 3384 810 3486 Antipho
834 3383 956 3485 iajrrffa
981 3410 1071 3479 meo,
1121 3383 1193 3459 Nec
1216 3414 1299 3470 nus,
1322 3387 1488 3461 rationem
1509 3389 1701 3464 naturalem
1723 3394 1799 3489 qai·
1869 3384 2005 3464 ”mim
2020 3379 2064 3452 νδ

337 3511 462 3582 „meam
484 3488 677 3584 imperium,
703 3509 768 3583 age
782 3489 881 3562 mitta
903 3486 1100 3584 imperium,
1126 3487 1192 3560 aa'a
1221 3483 1295 3560 dem
1316 3486 1453 3570 docere,
1476 3490 1565 3585 quari
1588 3492 1716 3588 aaptiae
1736 3516 1804 3568 aaa
1874 3477 2044 3604 ξζξᾞ

344 3586 553 3690 stmaitatem
572 3608 677 3659 meam
691 3584 817 3682 saitem
841 3582 1013 3664 reuereri?
1043 3609 1109 3658 aaa
1128 3611 1192 3682 pu·
1215 3586 1355 3664 deiram
1390 3587 1514 3687 injuffia
1535 3604 1716 3687 parentam
1754 3618 1806 3667 ce·
1864 3619 1965 3699 stram
1991 3622 2046 3705 sa-

353 3681 465 3763 dere?
488 3710 507 3757 o
522 3685 663 3781 facinus
680 3684 828 3760 audax!
854 3690 953 3775 Apud
978 3683 1131 3758 Plautum
1156 3689 1190 3758 in
1215 3686 1360 3776 lebrari,
1379 3714 1454 3762 rum
1466 3692 1803 3791 jareaataraefiliur
1874 3701 2016 3770 condam.

360 3786 463 3862 Sticht
485 3788 670 3879 Panaegyris
689 3781 791 3858 sorori
805 3781 999 3874 respondet,
1025 3785 1060 3857 in
1080 3786 1191 3879 patris
1209 3790 1310 3884 patri
1316 3786 1544 3884 subjiciatur,
1576 3788 1617 3865 ds
1630 3790 1676 3865 ab
1695 3817 1735 3870 to
1748 3818 1801 3870 re.
2105 3793 2107 3800 '

223 3896 238 3918 ι
347 3889 512 4057 potante
531 3880 590 3980 esti
603 3886 706 3983 stmm
724 3882 904 3960 liberorum
924 3884 1188 3970 matrimonium,
1211 3886 1339 3983 gendos
1359 3891 1419 3979 fit,
1444 3912 1467 3980 a
1489 3913 1553 3986 qua
1575 3893 1704 3989 accepit
1715 3943 1730 3979 ,
1757 3905 1796 3968 at
1815 3892 1914 3994 effere
1930 3898 1996 3997 scd
2005 3905 2068 4001 jue

307 3985 312 3997 ’
353 3985 411 4086 qui
456 3982 688 4074 ssacimdam
718 3981 781 4055 hac
803 3984 844 4055 'in
869 3995 968 4079 parte
990 3985 1064 4082 stt,
1098 3982 1188 4079 qaod
1209 3997 1342 4062 natare
1359 4011 1427 4062 aaa
1444 3986 1586 4077 docere,
1609 3992 1699 4089 quod
1715 3980 1854 4070 irritam
1873 4000 1923 4098 fit
1944 4004 2065 4078 aratri·

349 4094 468 4185 patrer
487 4082 663 4178 imperant.
691 4081 817 4156 Gellius
832 4081 891 4155 lib.
908 4080 953 4156 Is.
977 4086 1066 4156 nod.
1085 4085 1187 4156 Attio.
1211 4088 1379 4169 moniam,
1408 4085 1583 4186 fiiajaffir
1604 4105 1784 4186 pareatum
1814 4097 1896 4195 fiat.
1953 4098 2083 4193 Resp..

355 4212 387 4259 e.
405 4182 486 4257 Vis.
537 4180 581 4256 Ia
599 4180 763 4279 ejusmodi
780 4182 927 4255 omnium
952 4206 1061 4255 reram
1089 4206 1189 4276 gear·
1219 4184 1269 4283 r.)
1288 4191 1357 4262 Lex
1378 4210 1503 4264 naturae
1524 4182 1571 4262 est
1599 4189 1652 4264 lex
1676 4197 1752 4267 Dei.
1823 4200 1855 4270 Si
1883 4223 1967 4292 ergo
1992 4228 2065 4275 mo·

236 4282 238 4285 ’
355 4281 450 4361 ribos
470 4283 565 4380 patri
585 4280 767 4377 parendum
786 4284 848 4381 est,
874 4279 980 4354 arsuri
997 4283 1030 4381 st
1049 4305 1188 4355 uxorem
1214 4288 1409 4359 trimonium
1441 4286 1628 4361 liberorum
1662 4292 1729 4366 stne
1758 4293 1913 4369 consensu
1943 4325 2065 4388 paren·

356 4384 472 4465 dacem
498 4373 657 4480 imperet,
688 4391 749 4454 nai
767 4378 886 4477 causas
904 4404 969 4478 pro
990 4382 1055 4457 reis
1070 4381 1189 4457 dicere.
1215 4409 1289 4461 tum
1312 4385 1520 4463 contrahitur
1542 4413 1660 4462 contra
1687 4392 1798 4486 segem
1822 4419 1970 4479 nature,
1998 4404 2067 4476 uti.

327 4483 504 4559 “Achilles
525 4486 613 4571 apud
630 4488 818 4555 Homerum
844 4480 934 4555 iliad.
956 4479 1013 4555 lX.
1033 4507 1100 4554 non
1118 4480 1190 4557 vult
1215 4510 1280 4573 que
1308 4489 1409 4557 etiam
1442 4486 1652 4560 contrahitur
1685 4493 1802 4565 contra
1836 4494 1948 4588 segem
1981 4491 2060 4575 Dei.

358 4581 426 4658 fine
443 4583 545 4671 patris
562 4577 609 4653 sui
626 4574 781 4655 consensu
798 4605 935 4653 uxorem
954 4584 1092 4661 ducere,
1112 4608 1189 4657 cum
1212 4590 1289 4676 Jam
1322 4609 1404 4657 uero
1440 4591 1529 4672 quod
1560 4589 1772 4664 contrahitur
1799 4618 1916 4667 contra
1945 4594 2061 4690 legem

239 4711 242 4718 ’
358 4685 449 4756 enim
476 4686 710 4771 Agamemnon
745 4682 775 4751 ei
823 4679 1020 4753 clemonem
1051 4676 1189 4754 offerret
1215 4684 1298 4764 Dei,
1325 4708 1391 4756 non
1409 4690 1516 4771 potest
1546 4684 1756 4764 essenorum
1792 4699 1826 4765 de
1864 4692 2059 4787 legitimum

358 4783 464 4856 trium
497 4778 665 4858 filiarum,
703 4775 906 4851 adfinitatem
942 4776 1035 4854 illam
1066 4776 1190 4869 respuit
1214 4784 1477 4856 matrimonium.
1536 4790 1591 4875 2.)
1612 4790 1909 4884 Quemadmodum
1930 4801 2058 4885 nuptia

360 4878 472 4959 verbis
489 4873 575 4951 hisce
593 4878 825 4967 pulcerrimis:
854 4873 935 4976 Ego
958 4876 1047 4952 hanc
1066 4877 1192 4972 adfini·
1218 4886 1356 4962 eorun's',
1383 4888 1441 4971 qui
1462 4884 1497 4957 in
1511 4886 1681 4979 gradibus
1703 4898 1777 4976 jure
1798 4894 1914 4967 divino
1939 4922 1979 4969 ac
2004 4922 2064 4974 aa·

362 4992 464 5059 tatem
482 5001 547 5070 aaa
569 4977 721 5073 accipio,
753 5000 792 5049 ae
824 4989 1016 5075 accepturas
1035 4980 1193 5075 quidem,
1217 4980 1316 5054 rurali
1337 4982 1515 5071 prohibitis
1536 4989 1757 5071 contrahunt.
1785 4983 1852 5063 non
1872 4990 1947 5067 sunt
1969 5021 2059 5071 verae

246 5135 256 5162 ,-
360 5071 585 5177 etiamstfilia
601 5080 672 5172 ejas
687 5071 762 5173 effes
786 5074 1121 5175 Veneresormofior‚
1152 5076 1193 5155 di
1216 5089 1252 5156 δι
1273 5081 1431 5174 legitima
1447 5089 1592 5175 nuptia,
1617 5094 1692 5174 quia
1719 5088 1840 5164 scilicet
1870 5117 1985 5167 contra
2009 5095 2062 5175 le·

244 5179 254 5205 '
351 5180 523 5260 'maesia
537 5175 752 5279 sapimtior,
776 5179 834 5279 qui
848 5202 893 5256 aar
911 5177 1111 5259 amaritate
1124 5204 1189 5284 pa·
1214 5183 1554 5278 gemasturaefiuat:
1579 5185 1623 5260 fir
1639 5189 2082 5280 nuptiae.iiberoroarabs⁴-·

1990 5326 2062 5395 (1²¹0
