4884 5984
804 506 898 586 oa
924 447 1344 582 inviro-mos
1720 602 1722 606 ¹
1813 527 1884 605 ter

348 687 443 762 >inde
461 689 566 761 liceat
584 701 733 785 propter
746 687 963 760 adulterium
977 709 1036 782 pe·
1068 687 1229 778 mequod
1248 706 1313 753 uon
1338 683 1408 756 dcet
1415 683 1583 779 seminis,
1605 705 1705 779 aeque
1723 704 1788 752 noe
1806 682 1878 758 iicet
1955 755 1958 762 .

348 787 554 860 divortium.
605 788 681 859 lam
705 809 793 859 vero
829 786 852 857 ss
884 789 1034 859 maritus
1067 782 1172 859 uiris,
1197 780 1246 854 δ’
1260 786 1368 852 eadem
1371 783 1516 878 servitur
1525 784 1605 876 pari
1617 783 1795 853 conditione
1804 807 1875 855 tert·

348 882 436 957 escat
454 883 594 972 scorto,
622 903 696 956 tam
719 884 954 957 committitur
975 886 1036 956 ad-
1056 875 1164 970 setur.
1190 875 1455 973 chrysostomus
1475 877 1877 970 hom.X1X.in1.Cor.

348 1003 429 1069 um,
455 1003 567 1076 quam
586 981 732 1054 sr-uxor.
748 983 1037 1066 adhereaeadul-
1070 976 1117 1048 le
1144 979 1217 1048 etiir
1233 979 1273 1073 fit
1289 982 1529 1076 praerogatiua
1547 980 1636 1059 oiri,
1661 981 1877 1069 inpudicitia

376 1081 478 1152 Ratio
492 1081 626 1173 pendet
641 1103 686 1152 ex
704 1082 799 1167 illis,
820 1101 900 1174 qua
913 1080 950 1149 in
963 1080 1037 1173 pri·
1068 1098 1281 1171 nequaquam.
1329 1077 1538 1150 Ambrosius
1560 1075 1622 1148 lib.
1639 1077 1665 1147 I.
1684 1076 1875 1151 deAbrah.

348 1174 504 1249 iaestione
524 1178 632 1250 huius
660 1179 818 1250 membri
839 1176 916 1249 sunt
941 1179 1037 1248 adla-
1072 1194 1150 1268 cap.
1171 1195 1208 1267 4.
1234 1173 1323 1248 Vtro
1346 1199 1409 1246 nou
1428 1175 1498 1246 lieet
1513 1223 1528 1253 ,
1551 1179 1637 1271 quod
1663 1177 1788 1245 mulieri
1809 1201 1875 1248 uon
2014 1202 2026 1238 -·

348 1271 541 1370 Ioniugalis
555 1278 674 1348 unitas
692 1297 793 1370 aeque
812 1275 985 1361 soluitur,
1004 1272 1037 1345 d
1071 1271 1150 1341 licet.
1198 1273 1325 1343 Eodem
1344 1298 1366 1344 a
1385 1279 1482 1351 uiro,
1503 1298 1585 1368 quae
1604 1276 1646 1343 ab
1670 1297 1771 1343 uxore
1788 1277 1877 1345 debe.

348 1393 388 1443 us
412 1373 458 1444 ad
478 1373 634 1444 alienam
653 1376 829 1460 accedat,
856 1394 941 1444 curn
966 1381 1038 1466 qua
1072 1381 1130 1438 tur
1159 1368 1354 1460 castimonia.
1401 1374 1445 1444 Et
1470 1374 1577 1467 paulo
1603 1391 1716 1458 ante:
1756 1374 1876 1444 Moneo

348 1491 505 1564 t=corpus
528 1467 676 1544 efficitur
691 1521 704 1559 ,
732 1492 844 1565 quam
864 1491 948 1542 cum
964 1491 1037 1541 rna-
1072 1489 1150 1551 uos,
1174 1471 1261 1547 uiri,
1285 1494 1349 1540 noe
1362 1471 1552 1563 commisceri
1569 1472 1753 1541 adulterino
1764 1494 1878 1564 torpe·

353 1568 514 1640 alienum
530 1569 706 1656 admittit,
731 1568 926 1661 utrobique
941 1568 1039 1639 enIm
1067 1568 1124 1641 ri,
1147 1570 1294 1639 oeedare
1314 1569 1397 1640 irene
1416 1569 1597 1660 occasionem
1616 1568 1749 1637 divortii
1767 1572 1878 1640 mulie.

348 1688 355 1738 t
378 1666 495 1740 carnis
524 1664 660 1738 nefarie
674 1666 859 1740 dividitur.
891 1666 1038 1738 ludus
1069 1666 1173 1736 ribus.
1191 1663 1443 1762 .·Auguilinus
1456 1665 1537 1736 libr.
1552 1666 1595 1760 II.
1619 1668 1662 1737 de
1684 1666 1875 1740 adulterin.

348 1759 436 1835 lium
459 1765 647 1859 coniugale
675 1786 777 1861 aeque
804 1765 989 1849 violatur,
1015 1762 1039 1834 li
1069 1763 1221 1857 coniug.
1240 1771 1317 1859 cap.
1331 1775 1366 1847 8.
1381 1763 1577 1836 &habetur
1597 1784 1674 1856 cap.
1697 1760 1877 1859 Indignae.

348 1882 389 1932 us
406 1883 427 1931 a
447 1882 574 1947 carne,
601 1863 661 1934 cui
676 1865 798 1934 divina
818 1859 1037 1933 coniundlio-
1070 1872 1133 1930 tur
1154 1868 1223 1932 &cs
1246 1878 1304 1944 32.
1325 1885 1362 1956 q.
1385 1866 1420 1935 6.
1445 1864 1667 1959 indignaretur
1688 1866 1827 1944 mariti,
1843 1864 1881 1964 ſs

348 1960 424 2030 itus
445 1957 517 2045 est,
543 1957 611 2033 sese
630 1958 791 2055 separat,
812 1966 846 2029 δι
863 1980 947 2029 cum
968 1960 1038 2030 alia
1071 1959 1210 2028 audient
1221 1963 1384 2032 adulteros
1397 1963 1482 2030 viros
1491 1964 1630 2053 peredere
1632 1960 1757 2058 smiles
1766 1984 1877 2053 penne

348 2053 449 2143 escit,
475 2057 626 2150 quamsi
647 2081 742 2130 uxor
754 2056 843 2128 ,fidei
867 2057 1037 2151 coniuga-
1073 2055 1228 2126 adulteris
1244 2057 1417 2151 suminis,
1442 2081 1514 2128 cum
1537 2070 1632 2130 teuto
1653 2060 1793 2156 grauius
1826 2084 1878 2132 eos

348 2175 497 2226 unemor
529 2177 614 2226 cum
646 2156 717 2227 alio
753 2154 886 2227 carnali
910 2154 1040 2246 copula
1068 2155 1187 2247 puniri
1203 2160 1373 2249 oportuit,
1399 2165 1520 2252 quanto
1543 2161 1648 2254 magis
1662 2161 1707 2227 ad
1731 2180 1783 2226 eos
1803 2182 1876 2250 per·

350 2252 424 2324 itat.
493 2252 554 2346 2.)
600 2254 654 2324 Ex
684 2251 852 2351 apostoliea
896 2251 1041 2340 deeifiorte
1073 2254 1155 2322 tieret
1181 2250 1513 2327 &virtutemnon
1537 2252 1880 2352 &exmploregere

348 2372 370 2420 r.
387 2350 464 2421 VII.
480 2372 516 2443 q„
543 2353 667 2422 Mulier
678 2349 888 2444 eorporissui
900 2347 1052 2443 polesio?
1063 2349 1230 2444 feminas.
1285 2351 1387 2423 Idem
1416 2351 1520 2424 serm.
1549 2341 1673 2424 XLVI.
1703 2353 1748 2424 de
1775 2353 1878 2424 verb.

348 2447 660 2544 redebet,seduir,
683 2439 874 2540 duoiqui,
890 2447 1040 2547 steriliter
1073 2445 1224 2518 Domini
1244 2456 1316 2535 ,-&
1338 2450 1490 2521 habetur
1512 2451 1645 2543 capt&
1664 2447 1794 2549 dudiurt'
1812 2459 1878 2524 &e
1965 2466 1976 2484 ’

367 2543 415 2622 ἔθ’
444 2549 495 2616 vir
512 2547 571 2639 sui
592 2552 737 2640 torporis
762 2545 954 2643 potestatem
974 2569 1039 2616 nou
1074 2543 1165 2616 caui
1183 2553 1217 2616 δι
1233 2543 1352 2639 quaest.
1370 2548 1523 2618 iisdem:
1549 2548 1583 2616 Se
1602 2548 1734 2620 dubiuri
1751 2546 1822 2642 estis
1842 2573 1881 2618 u·

360 2642 423 2738 fed
439 2647 562 2717 mulier.
612 2645 831 2740 Ubicunque
851 2666 917 2738 par
940 2652 974 2715 δι
995 2667 1039 2714 ae·
1073 2664 1168 2712 xoret
1183 2690 1192 2716 .
1206 2642 1340 2737 serum
1358 2666 1414 2714 oos
1434 2647 1591 2715 uxoribus
1612 2646 1747 2734 uestris..
1783 2647 1881 2740 Qua·

348 2739 427 2815 rell
452 2765 645 2838 corporum
659 2742 837 2839 potestas,
864 2741 917 2813 ibi
927 2741 1042 2812 utrin-
1074 2741 1118 2810 les
1133 2740 1231 2810 vultis
1249 2763 1303 2810 eus
1322 2745 1485 2817 invertire,
1511 2744 1591 2812 tales
1617 2743 1665 2816 tr
1688 2743 1776 2836 ipstte
1794 2746 1882 2814 ietue·

349 2838 536 2934 staequalis
553 2841 738 2938 obligatio.
764 2842 833 2912 Sed
849 2842 944 2912 inter
959 2860 1042 2909 con·
1074 2839 1168 2908 etant
1189 2861 1258 2909 vos.
1310 2840 1393 2932 Quis
1420 2842 1530 2911 uiueres
1556 2840 1627 2935 est,
1654 2845 1713 2931 qui
1739 2856 1883 2914 eorico·

373 2938 475 3034 viget
502 2962 568 3033 par
600 2948 633 3012 &
663 2941 813 3033 aequalia
846 2956 1041 3032 corporum
1064 2934 1154 3029 stom
1171 2939 1247 3007 velit
1264 2940 1553 3016 decemuirorum,
1581 2937 1628 3012 87
1640 2939 1676 3035 st
1691 2952 1908 3031 accepturus·

350 3057 420 3123 as,
447 3056 520 3107 tam
543 3039 641 3109 enim
661 3038 720 3109 vir
743 3059 816 3109 non
837 3033 944 3107 habet
964 3054 1041 3104 cor·
1077 3032 1316 3130 estuirgiereee,
1340 3039 1497 3129 quietiore
1523 3034 1681 3109 ietaiiam
1701 3035 1884 3137 deflueret?

360 3133 415 3208 sui
436 3133 644 3228 potestatem
667 3183 680 3223 ,
706 3133 763 3207 sed
791 3134 898 3229 ipsius
920 3153 1041 3215 uxor,
1076 3134 1241 3206 letalium
1267 3134 1396 3227 quaeris
1410 3131 1597 3206 literatius
1629 3135 1700 3223 edo.
1751 3139 1885 3210 Puram

348 3283 352 3303 t
371 3254 466 3302 uxor
488 3255 561 3303 non
577 3232 683 3305 habet
697 3234 860 3326 corporis
877 3230 930 3303 sui
944 3248 1044 3325 putee
1077 3230 1241 3327 quaeris?
1258 3255 1369 3325 purus
1385 3230 1473 3327 esto,
1496 3255 1561 3301 nore
1581 3236 1663 3302 euim
1680 3235 1734 3305 ilia
1751 3234 1883 3327 potest,

348 3354 384 3416 1,
411 3327 469 3401 sed
485 3329 593 3423 ipsius
606 3332 770 3402 maritus.
819 3328 917 3425 Ergo
930 3327 1044 3400 utrin·
1079 3327 1126 3403 Εἴ
1146 3343 1184 3399 te
1198 3352 1263 3398 nort
1272 3340 1372 3422 potes.
1421 3325 1650 3402 Innocentius
1667 3332 1695 3401 1.
1718 3330 1815 3425 epist.
1825 3333 1883 3403 llI.

348 3426 384 3498 est
401 3430 552 3520 aequalis
573 3428 768 3524 obligatio,
795 3434 828 3499 δι
849 3447 915 3520 per
929 3421 1045 3496 conle-
1080 3426 1125 3497 ad
1143 3426 1399 3521 Exuperium,·
1415 3433 1449 3497 δι
1463 3425 1616 3497 habetur
1633 3450 1710 3523 cap.
1729 3429 1887 3521 Christia-

348 3526 479 3598 tidem
497 3527 555 3597 ius
575 3523 732 3597 faciendi
754 3525 921 3609 divortii,
945 3522 1045 3592 stad-
1079 3545 1124 3593 teu
1146 3532 1211 3596 &o
1236 3540 1294 3606 32.
1319 3546 1354 3617 q.
1373 3545 1405 3615 ς.
1456 3523 1642 3619 Christiano
1664 3530 1775 3625 religio
1796 3529 1887 3598 adui-
1962 3577 1964 3582 -

348 3623 549 3718 coniugum
562 3621 769 3719 potestatem
785 3622 946 3715 corporis
962 3621 1046 3690 alte·
1081 3624 1199 3692 terium
1215 3624 1249 3691 in
1265 3619 1491 3715 utroquesexu
1508 3624 1585 3711 pari
1602 3627 1728 3696 ratione
1741 3631 1888 3697 condem·

348 3722 414 3793 tier.
466 3719 606 3794 Ibidem
629 3745 666 3791 v.
693 3741 749 3792 ιο.
773 3720 894 3812 inquit
911 3714 1048 3812 aposto·
1081 3732 1149 3790 oet.
1176 3721 1275 3791 idem
1286 3721 1430 3791 tradunt
1446 3718 1636 3794 scholastici
1652 3722 1714 3793 lib.
1724 3725 1784 3797 IV.
1800 3723 1885 3798 sent.

365 3820 537 3913 Praecipio
560 3843 625 3889 eron
645 3842 703 3916 ego
727 3869 740 3896 ,
765 3818 827 3911 sed
857 3819 1046 3902 Dominus,
1084 3815 1159 3888 dist.
1181 3836 1240 3908 ες.
1289 3816 1329 3886 ln
1353 3818 1409 3886 liis
1436 3838 1657 3912 ergo,.quae
1679 3825 1888 3895 communia

350 3943 373 3990 a
390 3920 467 3990 uiro
494 3940 561 3987 nore
583 3916 747 4008 discedat,
776 3915 823 3991 &
840 3918 894 3984 uir
913 3938 1047 3986 uxorem
1081 3913 1160 3986 sunt
1182 3913 1254 3984 viri
1278 3920 1312 3984 δι
1334 3912 1529 4001 mulieris,
1557 3918 1664 3988 etiam
1693 3940 1886 3991 commune

348 4020 517 4092 limittet‘.
555 4014 685 4087 scilicet
712 4013 782 4085 stne
810 4013 907 4084 licita
935 4010 1048 4086 causa.
1082 4012 1140 4084 ius
1158 4008 1262 4083 statui
1278 4010 1394 4082 debet.
1446 4007 1578 4083 Confer
1599 4017 1794 4089 concilium
1812 4015 1888 4087 Mi·

358 4116 579 4189 econtrario
610 4112 708 4185 sensu
728 4111 873 4183 libertas
894 4108 1050 4180 faciendi
1083 4109 1181 4180 levit.
1211 4127 1289 4179 can.
1314 4105 1424 4178 XVII.
1475 4109 1535 4201 4.)
1563 4107 1617 4180 ux
1640 4116 1723 4184 iuris
1745 4116 1889 4186 concubi

348 4215 446 4287 tium
465 4212 511 4283 ob
529 4212 650 4284 adulte
673 4212 751 4282 ium
771 4208 881 4280 uxori
897 4207 1051 4280 &mari-
1083 4204 1310 4300 constitutione.
1336 4224 1413 4298 cap.
1435 4207 1605 4302 Praecepit
1624 4219 1691 4282 &o
1716 4227 1774 4295 32.
1798 4234 1835 4307 q.
1856 4230 1889 4306 5.

348 4312 454 4407 qualis
475 4308 533 4381 est.
583 4309 636 4404 3.)
690 4330 716 4378 x
735 4305 858 4402 aequali
880 4308 1051 4403 coniugum
1083 4326 1130 4376 ex
1145 4302 1368 4397 Hieronymo
1381 4303 1419 4381 in
1438 4307 1523 4399 epit.
1547 4306 1679 4381 Fabiol.
1719 4311 1892 4406 Praecepit

348 4409 484 4498 (litatem
505 4409 706 4505 obligatione.
731 4404 838 4477 Dent.
862 4404 974 4476 XXII.
989 4419 1050 4476 22.
1085 4401 1280 4484 Dominus,
1301 4424 1434 4472 uxorem
1451 4426 1517 4474 nore
1535 4408 1643 4476 debere
1662 4410 1809 4486 dimitti,
1834 4435 1891 4481 ex·

348 4535 364 4580 ε.
383 4505 463 4577 XX.
489 4527 546 4578 ιο.
581 4505 614 4573 Si
636 4504 707 4597 quis
726 4504 923 4573 adulterium
939 4524 1053 4594 perpe·
1088 4499 1293 4593 erptu'eausre
1303 4498 1558 4591 fornicatiouis,
1585 4503 1633 4577 θ’
1637 4505 1674 4603 st
1686 4502 1810 4602 dimeffn
1811 4501 1890 4603 [ἀι.

348 4612 386 4678 rit
405 4627 488 4690 cutte,
499 4626 603 4673 uxore
616 4604 760 4695 proximi
760 4601 845 4696 sui,
870 4604 1055 4670 utoriontur
1087 4601 1134 4668 rit
1146 4646 1158 4671 ,
1172 4621 1302 4667 euenere
1317 4600 1500 4690 innuptum.
1527 4604 1694 4695 Quidquid
1707 4608 1785 4694 uiris
1792 4631 1894 4699 prae·

363 4700 561 4779 adulter&
580 4701 737 4771 ateteru
762 4731 766 4738 ·
785 4699 834 4773 Vi
853 4720 942 4792 ergo
964 4698 1054 4767 divi·
1086 4697 1235 4789 cipitur,-
1256 4694 1311 4764 doe
1327 4695 1548 4792 cousequenter
1563 4705 1724 4771 redundet
1739 4706 1895 4799 adsueu-

348 4804 421 4898 egis
443 4802 575 4880 tamin
598 4799 727 4871 marito
746 4819 856 4888 qnam
879 4798 916 4866 in
939 4816 1053 4867 uxore
1086 4816 1158 4864 reus.
1207 4792 1319 4886 Neque
1332 4797 1415 4864 enim
1434 4798 1581 4868 adultere
1603 4821 1689 4871 uxor
1703 4803 1894 4875 dimittenda

348 4901 471 4971 :etium
500 4917 615 4968 morte
648 4895 921 4965 vindicandum·
968 4891 1054 4962 Hie·
1087 4890 1157 4986 este
1183 4889 1297 4982 &uir
1315 4894 1450 4963 matius
1470 4897 1664 4968 retineridus.
1692 4895 1777 4994 Cap.
1792 4901 1895 4993 Quid.

348 5020 426 5070 mus
446 4999 483 5068 in
507 4993 603 5090 epist.
624 4996 668 5064 ad
694 4991 906 5078 Oceanum,
934 4998 968 5062 &
995 4993 1055 5059 ha·
1087 4992 1169 5082 quid
1188 4996 1254 5062 &o
1278 4988 1369 5064 caus.
1391 4998 1425 5062 δι
1444 4992 1563 5084 quaell.
1578 4995 1707 5066 iisdem
1722 5019 1770 5068 ex
1785 4999 1894 5072 Nico·

348 5118 359 5168 r
379 5116 459 5193 cap.
480 5113 569 5192 apuu
585 5116 642 5164 eros
665 5099 730 5168 &u
755 5107 814 5179 32·
837 5111 873 5185 q.
895 5108 927 5182 5.
954 5088 1058 5181 Apud
1090 5090 1148 5166 Iao
1169 5081 1223 5259 aq.
1238 5084 1398 5256 qonsulta
1415 5089 1564 5190 Bulgar.
1604 5088 1770 5192 Quidquid
1782 5097 1896 5167 melin

1285 5203 1306 5273 3
1784 5209 1898 5274 eontra
1971 5259 1975 5268 ,
