4884 5984
713 480 800 558 ‚ot
851 478 1127 556 muretum
1177 425 1468 618 sacerrimus
1866 494 1941 587 aa,

348 657 384 762 e)
404 670 675 773 intelligendam,
700 696 773 774 qua
801 670 843 752 ss
858 674 934 775 ipsa
949 678 1000 777 fic
1013 677 1092 773 sae·
1113 679 1246 758 rillimis
1261 682 1394 761 adserit.
1454 687 1580 762 Eodem
1601 680 1673 765 sere
1696 690 1798 765 uota
1820 691 1939 785 Augu·

348 774 475 849 startia
485 831 495 865 ,
520 774 639 874 striata
666 797 689 848 a
720 776 821 862 uiro,
863 778 1026 874 quomodo
1050 775 1091 852 is
1113 784 1213 855 stiuus
1231 782 1308 861 libr.
1323 784 1469 860 debono
1487 790 1605 862 viduit.
1622 814 1652 864 e.
1669 786 1748 863 ΧΗ.
1765 789 1938 881 emphasin

348 869 482 971 solabar
506 874 551 950 ab
576 897 683 949 uxore
701 900 763 971 per
784 888 948 964 mortem,
978 880 1095 974 utique
1113 881 1211 971 hujus
1230 906 1338 958 textus
1357 884 1527 977 apostolici
1548 891 1708 979 exponit,
1742 885 1802 962 ubi
1823 885 1938 963 obser.

348 974 592 1080 perrepudiam
605 974 708 1069 sassa
721 973 915 1073 solatione,
939 979 1018 1075 quia
1039 1003 1089 1052 re·
1112 1004 1180 1065 vat,
1191 983 1378 1075 apostolum
1394 1009 1461 1058 noe
1476 982 1604 1074 diaiffe:
1619 984 1663 1062 Si
1673 985 1853 1064 dormirir
1913 988 1938 1046 ‘-

348 1074 417 1148 atis
441 1097 507 1149 aaa
539 1076 745 1174 permitteret
777 1075 896 1151 nubae
930 1076 1088 1174 ad‘aersur
1111 1085 1267 1171 masvir,
1290 1083 1548 1183 aursecutdus,
1573 1097 1635 1161 aut
1649 1085 1844 1186 tertianse
1883 1085 1938 1161 ia·

348 1184 470 1272 epium.
509 1172 629 1274 Itaque
642 1175 780 1262 mulier,
797 1174 1004 1277 finupserit,
1020 1203 1086 1251 etan
1110 1179 1246 1280 inseite
1259 1186 1413 1281 atejus,
1427 1185 1569 1281 proinde
1578 1184 1711 1286 semper
1722 1186 1841 1261 ruben
1859 1186 1938 1262 lice·

348 1285 457 1371 aare,
486 1277 566 1373 qaia
589 1297 651 1348 nec
681 1275 738 1348 llic
756 1275 922 1373 ficuadas
944 1280 1088 1356 maritus
1111 1304 1147 1353 re
1174 1285 1299 1357 marito
1324 1297 1481 1369 mortuo,
1509 1287 1638 1381 quaties
1661 1287 1795 1361 tandem
1811 1287 1951 1383 fuerit.¹

348 1372 496 1463 inbitur,
522 1377 579 1472 arti
595 1380 672 1474 esta
682 1375 755 1473 fide
771 1379 920 1472 peintus,
952 1375 992 1453 ss.
1004 1379 1087 1452 adea
1113 1382 1217 1481 Quod
1239 1384 1466 1459 Tertullianus
1474 1390 1514 1471 ,d
1535 1383 1557 1456 l.
1573 1389 1678 1472 dicit,
1700 1411 1766 1461 nan
1780 1387 1939 1485 deputari

348 1476 468 1566 11,ἐεί
490 1486 666 1572 propterea
690 1476 868 1573 adjecerit,
895 1498 1023 1552 tantum
1051 1481 1086 1551 in
1102 1477 1284 1576 secandam
1307 1487 1485 1566 maritum,
1510 1486 1569 1580 qai
1589 1489 1633 1585 est
1650 1508 1673 1559 a
1689 1485 1763 1586 flde
1780 1489 1935 1585 primas-3

348 1577 432 1656 rino,
458 1576 539 1671 quia
557 1574 597 1648 de
614 1599 652 1649 ea
673 1574 855 1671 agebatur,
879 1599 951 1673 aaa
978 1574 1086 1652 ellini-
1109 1584 1145 1654 id
1157 1579 1274 1656 falsum
1286 1581 1349 1656 ell'e
1366 1582 1432 1656 hoe
1443 1608 1642 1676 argumettto
1656 1589 1944 1662 demonstremust'

350 1671 534 1758 babuerat,
564 1673 605 1751 is
621 1672 740 1772 araiffa
764 1700 800 1749 eo
818 1675 1022 1766 crediderat,
1047 1702 1087 1751 nt
1111 1681 1331 1778 Quaecunque
1354 1683 1476 1755 mulier
1497 1678 1572 1773 post
1600 1683 1790 1777 legitimum
1820 1695 1936 1776 conju·

348 1784 394 1848 tea
413 1776 516 1848 etiam
538 1779 611 1877 past
632 1774 738 1876 fidem
753 1775 882 1852 etlaico
900 1775 940 1874 se
967 1775 1087 1858 nubere
1108 1783 1335 1871 giam-morte
1353 1780 1544 1856 dissolutum
1557 1782 1653 1856 alteri
1672 1786 1790 1869 nubit,
1815 1786 1872 1858 illa
1888 1781 1937 1860 se·

363 1872 590 1972 presumeret.
642 1873 799 1950 Sciamus
818 1875 921 1975 plane
947 1900 1014 1951 aaa
1036 1880 1086 1976 fic
1108 1883 1233 1953 tundat
1247 1867 1378 1971 buptias
1391 1881 1579 1965 contrabit,
1605 1909 1643 1954 ae
1658 1909 1720 1972 ner
1735 1877 1937 1974 consequent

348 1998 499 2070 agraeca
518 1974 731 2062 anthentica,
758 1976 920 2074 quomoda
942 1979 977 2051 in
990 1975 1084 2065 aliar
1108 1977 1153 2064 is,
1174 1982 1229 2054 eni
1244 1982 1357 2067 nubit,
1378 1977 1560 2072 deputatur
1580 1981 1630 2053 illi
1652 1978 1813 2057 secundus
1835 1987 1936 2057 mari·

348 2099 351 2135 τ
359 2098 426 2174 per
444 2074 588 2150 duarum
601 2075 811 2172 syllabarum
827 2087 889 2151 aas
911 2076 1089 2159 rabidam,
1114 2103 1176 2153 tus.
1228 2083 1292 2155 Sed
1308 2084 1407 2155 vidua
1423 2086 1464 2154 ad
1484 2080 1760 2155 christianismum
1779 2077 1938 2159 contuse

348 2174 518 2273 implicem
530 2180 734 2276 everstanem.
786 2173 830 2251 Si
846 2176 1025 2252 dormierit
1033 2179 1090 2251 air
1112 2187 1292 2273 conjugem
1309 2179 1369 2252 fibi
1381 2180 1508 2274 eligens
1520 2182 1593 2270 poll
1609 2180 1799 2278 legitimum
1818 2191 1936 2271 eonju-

348 2331 353 2359 ,
377 2278 471 2373 quast
491 2275 798 2374 sessonensium,
825 2300 938 2379 acper
953 2277 1019 2355 star
1036 2279 1087 2351 ai·
1112 2279 1206 2370 glum
1224 2301 1332 2352 marte
1350 2277 1539 2353 dillolutum
1561 2279 1660 2353 elteri
1686 2278 1792 2354 nubit.
1816 2275 1824 2287 ⁸
1844 2286 1935 2358 Er'a
1988 2269 2001 2292 ²
2122 2309 2128 2324 ·

348 2399 380 2450 tr
395 2374 445 2449 aas
459 2399 532 2448 eam
548 2379 735 2476 pertinere,
770 2397 844 2473 qaae
862 2382 938 2474 jam
963 2378 999 2451 irr
1014 2376 1088 2476 fiale
1111 2373 1267 2452 secundas
1300 2378 1431 2469 nuptias
1458 2378 1650 2466 contrahit,
1677 2389 1713 2454 bt
1737 2404 1799 2470 per
1823 2307 1937 2454 eonse-

348 2474 551 2573 rrarniserir.
602 2478 725 2550 Similia
744 2475 844 2550 habet
863 2481 1088 2565 Hieronymus
1110 2501 1216 2564 queris
1238 2480 1291 2562 is,
1321 2480 1377 2550 eui
1401 2478 1516 2559 nubit,
1541 2472 1701 2551 secundus
1721 2482 1859 2566 maritus
1883 2479 1936 2554 illi

348 2578 402 2649 tlt
418 2580 459 2649 ed
472 2583 612 2653 Geront.
631 2588 665 2651 at
679 2576 736 2649 lib.
760 2586 785 2649 l.
802 2581 834 2647 in
855 2580 966 2669 Jovin.
983 2602 1016 2666 p.
1033 2602 1087 2654 to.
1111 2580 1303 2668 deputatur.
1353 2574 1560 2672 Adsamlum
1583 2580 1708 2649 constat
1721 2604 1760 2652 er
1773 2604 1833 2659 eo,
1845 2582 1937 2669 quud

348 2702 364 2751 r.
380 2699 563 2769 negemus,
590 2678 784 2768 potestatem
801 2679 942 2751 iterandi
956 2679 1089 2768 nuptias
1111 2678 1211 2748 etiarn
1226 2679 1316 2765 apud
1332 2676 1502 2758 ethnicos,
1530 2675 1554 2748 sa
1584 2673 1677 2769 leget
1703 2678 1852 2772 conjugii
1869 2674 1937 2774 set·

348 2797 413 2851 >tte
426 2778 578 2867 conjugis
591 2777 761 2865 pertinere
775 2778 933 2849 duntaxat
947 2780 988 2850 ad
1002 2800 1089 2855 eam,
1112 2797 1211 2859 vent,
1238 2771 1405 2849 litterum
1422 2786 1456 2851 δι
1471 2773 1659 2870 legitimum
1674 2775 1935 2862 matrimoniumt

358 2872 532 2954 ethnicum
551 2874 739 2956 babuerat,
762 2885 798 2949 δε
821 2874 933 2948 amilio
957 2899 997 2947 eo
1017 2900 1089 2948 ere·
1112 2894 1150 2944 ut
1167 2877 1258 2946 enim
1273 2877 1565 2964 pretermittamus
1583 2898 1780 2966 argumente
1795 2874 1936 2965 telique,

348 2995 416 3064 tat3
439 2975 517 3064 quia
539 2973 641 3047 verba
665 2973 804 3063 apostoli
826 2972 899 3045 sunt
921 2972 1090 3066 generalia
1114 2968 1411 3050 manifestaturum
1435 2973 1520 3046 illud
1541 2976 1588 3046 ell
1610 3000 1650 3045 ex
1677 3001 1708 3046 v.
1739 2999 1792 3049 tt.
1817 2983 1853 3049 δι
1879 2998 1934 3069 13.

348 3099 436 3147 unes
451 3074 589 3145 omuino
603 3072 785 3154 mulieres,
812 3072 879 3146 sive
902 3093 981 3146 ante
1000 3069 1090 3146 sunm
1114 3070 1213 3160 hujus
1234 3076 1376 3161 capitis,
1406 3071 1464 3144 ubi
1486 3075 1651 3162 pennittit
1675 3072 1868 3162 aposlolus,
1898 3097 1937 3148 ut
2072 3155 2079 3162 ,

348 3173 503 3250 :hristum
532 3170 782 3245 contusionem
802 3175 837 3244 in
865 3167 1090 3255 ethnicilino,
1113 3170 1308 3243 christianus
1341 3171 1464 3245 habens
1499 3196 1637 3243 uxorein
1672 3170 1840 3244 infidelem
1868 3170 1937 3249 stre

348 3275 421 3364 post
437 3267 527 3345 suam
546 3275 587 3345 ad
602 3270 775 3346 Christum
790 3270 1039 3346 conversionem
1054 3274 1088 3343 in
1112 3268 1298 3356 ethnicam,
1324 3297 1396 3361 quae
1411 3296 1489 3343 eum
1503 3264 1574 3360 ipso
1597 3268 1745 3344 habitare
1762 3264 1936 3355 conl‘eutit.

348 3372 504 3446 tuniano
518 3374 647 3443 maritis
661 3368 785 3442 fuerint
805 3373 959 3445 viduata.
998 3375 1086 3444 Poll-
1111 3392 1185 3442 eam
1199 3395 1268 3442 uon
1280 3372 1445 3452 dimittat,
1470 3380 1505 3445 δι
1526 3364 1684 3451 vieiffim,
1706 3392 1745 3441 ut
1762 3368 1945 3454 christiane.

348 3471 473 3549 neuim
495 3472 531 3542 in
552 3469 817 3559 precedentibus
839 3467 934 3542 suum
955 3471 997 3541 de
1024 3473 1090 3541 vir.
1114 3469 1198 3540 uxor
1218 3468 1342 3543 habens
1359 3472 1516 3544 muitum
1539 3464 1709 3542 infidelem
1736 3465 1802 3541 lire
1826 3469 1938 3544 etbui-

348 3597 394 3645 tus
409 3568 467 3646 rel
482 3572 695 3644 matrimonio
708 3571 898 3661 jungendis,
915 3568 967 3640 rel
983 3571 1017 3641 in
1029 3570 1091 3641 sla·
1114 3593 1214 3648 cum,
1240 3573 1298 3657 qui
1316 3594 1393 3641 cum
1416 3594 1455 3640 ea
1475 3565 1624 3640 habitare
1644 3563 1831 3658 consentit,
1855 3593 1937 3664 eum
2087 3573 2089 3578 ’

348 3663 1089 3759 elibeeonservandisnroposueratconfilium
1114 3691 1181 3737 nou
1197 3668 1343 3739 dimittat
1361 3697 1378 3749 ,·
1399 3668 1434 3739 id
1453 3669 1524 3747 eli,
1546 3687 1582 3738 ut
1599 3663 1680 3741 talet
1697 3661 1843 3755 personat
1858 3666 1937 3740 reli·

348 3793 456 3856 nrum
484 3767 622 3841 illerum
650 3771 746 3861 statui
771 3769 1061 3840 adcommodatum
1078 3795 1091 3853 ς
1114 3765 1222 3856 gionir
1235 3762 1425 3856 disparitate
1440 3764 1587 3853 alioquin
1604 3760 1844 3876 sejunsiilliutoe
1863 3768 1936 3839 rim

348 3897 376 3959 a.
393 3872 437 3943 de
451 3868 561 3942 viduis
574 3873 717 3941 trabeate
731 3868 869 3956 incipit,
894 3870 1006 3954 eisque
1022 3892 1088 3937 non
1114 3862 1190 3935 culo
1208 3865 1376 3961 conjugali
1391 3886 1545 3938 meneant
1559 3867 1754 3964 conjuncte.
1804 3868 1851 3941 llt
1869 3862 1940 3944 nib¹

348 3995 392 4059 n,
424 3993 524 4059 quam
545 3968 731 4058 virginibus
748 3967 951 4038 matrimonii
967 3968 1090 4037 iteran-
1113 3960 1223 4035 suill'et
1244 3965 1427 4040 interteles
1448 3958 1602 4055 perlomr
1623 3989 1742 4037 rerum
1763 3965 1939 4037 matrimo-¹
2033 4041 2037 4049 ,

348 4071 515 4144 ›telletem
533 4064 715 4139 cautellam
731 4062 794 4137 else
811 4069 928 4147 docem
954 4066 1089 4139 interim
1113 4064 1227 4148 nium,
1246 4066 1414 4156 apostolus
1441 4088 1495 4138 eas
1514 4058 1707 4153 separandas
1727 4058 1791 4134 elle
1807 4058 1937 4137 docuis-

348 4197 375 4243 ua
394 4165 559 4242 beatiores
571 4192 624 4238 eas
641 4164 713 4237 sore
732 4160 868 4249 adserit,
895 4163 959 4235 boc
973 4167 1046 4247 est,
1070 4189 1091 4235 a
1113 4155 1171 4233 set.
1221 4168 1385 4246 Nectit,
1413 4166 1504 4250 quad
1530 4159 1755 4235 Tertullianus
1778 4184 1937 4254 regerat,

348 4264 534 4342 ilationibus
551 4275 584 4339 te
600 4263 742 4339 adseris
761 4264 952 4343 liberiores,
976 4264 1009 4363 fi
1037 4274 1090 4335 ra·
1113 4281 1136 4330 a
1156 4260 1230 4361 fide
1257 4260 1364 4359 ipsam
1397 4262 1505 4333 uitam
1535 4260 1679 4360 nostram
1707 4256 1830 4355 cerstri
1844 4307 1857 4344 ,
1895 4282 1938 4348 ae

348 4362 578 4463 ermanseriai.
645 4369 718 4437 Nee
744 4364 779 4433 in
806 4363 980 4460 preterita
1009 4365 1090 4435 dicit
1110 4359 1254 4457 proinde
1281 4371 1359 4434 artie
1375 4359 1481 4459 fidem
1496 4356 1612 4455 sarlato
1640 4357 1684 4432 ab
1706 4381 1841 4447 uxore,
1867 4379 1938 4435 nan
1965 4451 1969 4470 ἢ

348 4466 452 4550 tulus,
477 4470 566 4554 quod
583 4464 704 4536 tnulier
731 4463 766 4533 in
787 4464 986 4536 ethnicismo
1007 4459 1090 4532 adli·
1114 4461 1285 4535 numerari
1301 4458 1490 4561 poflfidem
1503 4455 1850 4555 semndanaxorem,
1863 4481 1937 4558 qaae

348 4565 575 4664 fiacritlege,
600 4564 758 4651 quamdiu
773 4564 904 4635 vixerit
925 4566 979 4630 tir
993 4569 1090 4650 ejus;
1112 4563 1184 4661 pasl
1196 4560 1302 4659 fidem
1319 4559 1433 4657 prima
1459 4560 1512 4652 eli.
1576 4559 1820 4650 Distinguituus
1846 4561 1940 4664 enim
2002 4617 2008 4625 .
2138 4637 2144 4648 ,

348 4696 375 4743 n
392 4661 554 4765 prasenti
570 4684 722 4752 tempore
739 4659 887 4753 loquitur
910 4663 953 4733 de
972 4661 1090 4734 mrulie·
1114 4664 1327 4734 interritam
1342 4659 1545 4745 naturalem,
1571 4656 1706 4733 civilem
1721 4683 1761 4732 ee
1786 4651 1940 4748 spiritua·
2023 4674 2025 4677 ’

348 4750 667 4843 debrillianismum
696 4757 879 4843 conversa,
905 4764 994 4850 quod
1014 4759 1091 4849 lege
1116 4760 1192 4832 lem.
1245 4768 1275 4834 A
1300 4757 1366 4834 fide
1379 4753 1530 4832 censetur
1547 4758 1656 4831 nullm
1676 4759 1769 4842 rita,
1800 4783 1940 4833 nonnas
2076 4801 2079 4808 -
2187 4782 2192 4790 ·

348 4869 415 4960 agii
436 4861 654 4957 prohibeatur
673 4861 767 4931 alteri
793 4860 946 4940 nubere,
971 4860 1091 4931 marito
1115 4859 1253 4944 ruralia,
1279 4887 1340 4936 nec
1362 4857 1493 4938 civilis,
1531 4852 1585 4930 sed
1610 4851 1799 4947 spititualis.
1862 4862 1941 4949 Jma
2061 4900 2065 4906 -
2140 4893 2145 4902 ι

348 4994 373 5040 tc
385 4969 542 5041 vivente,
566 4958 624 5037 sair
644 4952 854 5055 siberiensi,
881 4957 903 5030 st
923 4986 985 5048 per
1000 4982 1091 5033 mor·
1116 4982 1195 5029 vero
1213 4962 1408 5050 conjugium
1425 4983 1492 5030 non
1510 4956 1655 5045 permar
1678 4958 1720 5027 ed
1745 4957 1846 5028 ritem
1873 4952 1940 5047 spi.
1957 5031 1967 5037 ,,
1986 5023 2007 5068 .

350 5067 465 5156 postea
480 5059 700 5133 obdormierit
716 5065 767 5129 vir
782 5069 874 5147 ejus,
901 5057 1089 5131 libertatem
1116 5056 1294 5143 ritualem,
1329 5053 1383 5129 sed
1400 5060 1442 5130 ad
1465 5054 1619 5144 civilem3
1646 5079 1730 5146 ergo
1753 5056 1853 5133 etlam
1878 5080 1939 5131 ve-

357 5163 563 5238 matrimonii
588 5162 699 5237 eidem
720 5162 860 5234 concedi
887 5157 1091 5265 tttbisfela·
1113 5182 1192 5330 [οἳ
1212 5153 1275 5233 fuit
1296 5157 1513 5263 conjugium,¹
1534 5155 1625 5250 qued
1645 5176 1723 5232 tute
1748 5148 1940 5274 tritetttspi·¹
2074 5233 2078 5244 ,
2121 5244 2129 5260 .

348 5261 409 5342 im.
436 5259 528 5341 XV.
1522 5299 1524 5308 ·
1596 5271 1598 5275 ·
1839 5272 1944 5332 ritae·
1982 5331 1987 5346 ,
