4884 5984
437 541 507 616 aas
691 519 976 600 rocvsxxvt.
1003 521 1564 598 CAPVTx.·SECT.111.2nRT.
1581 527 1624 595 11.
1651 527 1794 599 ΜΕΜΒ.
1813 530 1843 598 1.

489 715 566 818 Quo
579 727 706 794 teneam
720 717 849 794 vultam
862 714 1233 794 mutantemimncPra-
1264 713 1335 811 Qui
1356 715 1522 811 dimiserit
1541 742 1680 793 acorem
1692 718 1793 816 suam
1817 713 2064 816 eard-jnre'e'car

929 828 983 890 tea
997 815 1111 889 noda?
1258 810 1373 890 einim
1385 841 1398 894 ,·
1448 813 1489 888 Ei
1526 817 1635 891 aliam
1664 816 1829 900 duxerit,
1870 816 2063 889 maetam.

434 917 556 1008 Apage
569 910 746 1006 scepticern
771 911 862 986 illam
888 907 1236 1006 theologiammol·
1253 906 1362 984 'Certe
1381 938 1456 984 cum
1477 922 1518 987 de
1534 918 1687 988 omuibus
1705 916 1806 989 trufis
1825 913 1928 988 fuerit
1946 915 2063 986 Domi·

433 1011 604 1087 tisaraseot
625 1040 665 1088 ac
684 1009 869 1089 versatilem
886 1008 1055 1105 teriptmae
1077 1009 1236 1083 detorsio·
1258 1033 1320 1079 nus
1344 1011 1597 1104 interrogatus,
1631 1039 1670 1087 st
1691 1021 1735 1087 de
1754 1013 1893 1101 reliquis
1910 1010 2062 1085 omnibns

431 1135 521 1185 nem.
574 1118 629 1186 Ne
647 1135 797 1186 tementis
812 1112 947 1199 quidem
967 1115 1124 1203 princeps
1141 1133 1237 1196 aquo
1260 1112 1452 1199 negaverit,
1484 1116 1526 1183 de
1551 1110 1612 1184 bes
1635 1109 1700 1183 sols
1726 1111 1881 1184 adulterii
1903 1108 1998 1182 cause
2017 1111 2062 1180 ita

433 1206 540 1283 street
561 1215 695 1292 animo,
728 1209 877 1298 diploma
900 1206 993 1282 suuns
1012 1233 1084 1280 noa
1100 1208 1238 1307 diverstr
1259 1209 1512 1294 pronunciarit,
1544 1233 1582 1282 ut
1605 1210 1688 1280 nolit
1710 1235 1783 1282 eam
1801 1213 1835 1280 in
1858 1207 2060 1300 reliquerant

434 1325 587 1396 rentum,
615 1307 669 1380 sed
685 1311 784 1380 etiarn
799 1307 945 1407 adversts
966 1305 1090 1396 ibique
1106 1311 1236 1379 tontr't·
1259 1303 1357 1375 censu
1376 1331 1414 1376 ac
1439 1304 1534 1379 classe
1557 1311 1740 1388 contineri,
1775 1303 1913 1395 eoipso
1926 1311 1982 1378 ·de
2004 1303 2062 1376 bae

412 1406 494 1494 siis
511 1405 766 1495 expolitionibus
782 1410 930 1494 torqueri
940 1431 954 1490 ,·
975 1417 1010 1480 δι
1026 1429 1084 1478 nos
1104 1403 1236 1494 putabi·
1260 1400 1352 1474 orosa
1375 1409 1579 1477 contrarium
1598 1402 1779 1478 adfirmasse
1796 1407 1919 1476 merito
1940 1404 2064 1475 iudice·

435 1525 531 1585 mus,
563 1503 727 1575 summam
751 1503 845 1575 illum
867 1504 1081 1578 monarcham
1103 1524 1236 1593 proter-
1261 1520 1326 1572 tur.
1355 1559 1362 1573 .
1391 1510 1447 1589 6.)
1473 1508 1635 1592 Perqusm
1660 1501 1838 1575 absurdum
1856 1505 1933 1587 etl,
1975 1503 2062 1590 quod

435 1602 526 1672 viam
541 1601 632 1673 illem
650 1602 844 1673 relisiurum
859 1602 1075 1693 impunitam,
1102 1603 1236 1688 quade·
1259 1597 1476 1672 Beltsrminus
1492 1598 1626 1683 scribit,
1654 1598 1840 1674 Dominam
1864 1599 2061 1697 quideme·

433 1721 528 1770 cteta
554 1698 653 1789 ipfius
677 1721 746 1772 tam
782 1701 880 1771 variis
912 1699 1037 1786 ibique
1063 1700 1235 1784 contrariis
1256 1719 1368 1790 gare,
1401 1696 1532 1772 licitam
1554 1697 1613 1794 efe
1638 1699 1855 1870 dimjfranem
1888 1723 1941 1772 me
1964 1694 2061 1793 carafa

432 1797 693 1886 expositionibus
710 1795 965 1884 discerpuntur?
1023 1800 1076 1884 a.)
1092 1791 1235 1886 Vulgata
1253 1793 1520 1888 fornicationis,
1539 1795 1689 1894 sednon
1731 1801 1847 1872 iceree
1872 1797 2056 1879 elicitam,

428 1897 552 1968 latins
572 1894 676 1969 versio
691 1895 869 1984 particulas
883 1891 1172 1992 mapcsrdtueiei
1183 1895 1236 1986 tei
1260 1898 1285 1988 fi
1308 1896 1395 1993 adfit
1419 1894 1519 1992 caafa
1538 1896 1795 1989 fumicationir.
1857 1893 2059 1985 Turpiffime

431 1990 553 2065 diserte
578 1992 728 2082 exposuit
757 1995 938 2090 exceptive.
972 1992 1095 2064 Matris.
1116 2001 1156 2063 V.
1179 2018 1232 2079 ῃ.
1257 2000 1346 2068 enim
1368 1994 1436 2065 baec
1458 1998 1504 2066 cst
1526 1997 1681 2085 principii
1700 1998 1838 2085 petitio,
1870 2017 1972 2083 quam
1994 1991 2059 2082 ipse

425 2087 514 2187 ¹sini
530 2091 697 2188 dimiserit
714 2115 852 2180 aucorem
874 2100 1012 2182 excepta
1027 2089 1234 2183 fornicatio·
1257 2090 1352 2164 sonus
1380 2091 1561 2164 verborum
1582 2094 1705 2166 Christi
1728 2091 1903 2165 fortiffime
1925 2088 2056 2165 refellit

433 2191 490 2262 nir
510 2188 611 2285 caufa
632 2187 700 2264 &a
725 2187 817 2261 XlX.
834 2216 867 2278 9.
925 2186 1232 2285 Quicunqaedimi-
1256 2193 1346 2284 Quia
1368 2193 1457 2262 enim
1488 2193 1653 2263 Dominus
1681 2213 1806 2279 negat,
1842 2189 1969 2262 licitam
1996 2181 2058 2260 effe

428 2286 517 2384 ferit
537 2311 675 2362 uxorem
697 2284 798 2383 fuam
825 2287 888 2382 nist
911 2286 953 2359 ab
967 2285 1232 2379 fornicationem
1255 2286 1476 2359 diuuffionetn
1507 2286 1573 2358 line
1604 2285 1695 2359 eausa
1726 2287 1984 2366 fornicationis,
2017 2309 2055 2358 ea

433 2393 501 2460 dre.
553 2391 684 2460 Caveat
701 2387 804 2475 igitur
824 2383 881 2474 sibi
900 2383 1114 2456 llellatminas
1130 2411 1148 2455 e
1166 2384 1230 2455 ful·
1256 2383 1326 2473 ipso
1354 2391 1451 2458 docet
1472 2386 1595 2456 licitam
1614 2383 1694 2469 effu,
1728 2387 1749 2456 st
1770 2385 1851 2455 sdfit
1874 2383 1968 2456 eausa
1991 2381 2054 2456 fot·

430 2481 767 2565 mineanstheoratis‚
789 2487 876 2568 quad
896 2481 1073 2553 concilium
1089 2481 1233 2553 Triden'·
1256 2485 1439 2554 nicationis.
1499 2487 1639 2554 Perinde
1660 2509 1698 2556 ac
1722 2482 1743 2552 fi
1767 2481 1932 2555 inserent:
1977 2484 2073 2563 stet.

431 2584 544 2653 tinum
562 2581 670 2652 vibret
690 2581 724 2649 in
749 2602 826 2659 eos,
856 2580 913 2666 qni
933 2582 1050 2668 quovis
1069 2602 1232 2668 pretextu
1257 2606 1355 2667 ptura
1381 2602 1479 2669 negat
1504 2579 1633 2652 licitum
1654 2579 1716 2651 effe
1741 2603 1918 2664 parentatu
1942 2583 2055 2662 odiunt

425 2680 585 2751 [atinent
610 2673 792 2751 verstanent
820 2671 985 2750 deserunt.
1052 2699 1104 2766 ι.)
1130 2685 1232 2749 voca·
1256 2700 1348 2750 extra
1361 2678 1455 2748 illum
1468 2674 1596 2755 colunt,
1621 2681 1751 2764 quando
1768 2681 2056 2765 precipiuntcon·

435 2775 516 2849 bula
540 2782 655 2848 Gracc
677 2774 874 2868 manarit,
906 2775 934 2851 n'
960 2776 1030 2864 peti,
1064 2772 1233 2847 manifeste
1257 2777 1357 2846 traria
1386 2781 1539 2846 mandato
1572 2779 1676 2846 l’stris
1701 2776 1853 2848 coelellis.
1916 2781 2007 2868 Ergo
2035 2774 2055 2848 st

316 2925 318 2929 -
434 2896 551 2946 notant
574 2874 817 2968 exceptionem,
853 2895 890 2942 ut
910 2875 1091 2943 innumeris
1112 2870 1229 2943 confit·
1257 2875 1389 2961 quando
1420 2870 1492 2941 talis
1521 2867 1611 2960 casus
1637 2876 1827 2963 contingit,
1862 2871 1992 2944 licitum
2010 2877 2054 2946 eil

435 2977 521 3042 mati
544 2975 649 3059 potest
673 2968 843 3059 exemplis.
900 2979 958 3062 4.)
984 2975 1031 3039 Ac
1051 2967 1107 3039 nili
1132 2969 1231 3042 Citri-
1258 2964 1540 3057 parentesodisse,
1558 2963 1703 3047 horest,
1720 2969 1928 3056 poilhtbete.
1963 2975 2054 3042 liene

435 3070 502 3140 llus
522 3066 650 3140 reusam
674 3064 897 3138 fornicationis
916 3094 933 3137 a
952 3067 1099 3157 generali
1120 3070 1233 3138 divor·
1257 3067 1436 3138 illationem
1459 3064 1589 3138 firmem
1612 3064 1691 3143 elle,
1721 3092 1789 3138 non
1812 3072 1937 3160 poterit
1957 3095 2052 3160 nege-

435 3167 561 3240 tiorum
572 3165 797 3256 prohibitione
808 3161 957 3237 voluisset
968 3189 1155 3250 exceptam,
1170 3189 1231 3234 cur
1256 3187 1293 3235 re
1317 3161 1551 3245 bellarminus,
1574 3186 1635 3234 cur
1654 3187 1740 3254 ergo
1763 3169 1913 3253 priorem
1933 3165 2053 3238 labefa-

417 3268 506 3338 'eius
529 3268 729 3336 mentionem
757 3259 866 3333 secere
888 3262 1058 3340 voluisset,
1091 3287 1167 3331 cum
1191 3263 1233 3332 de
1258 3264 1347 3332 &are
1369 3265 1500 3342 nititur,
1534 3285 1605 3346 quae
1623 3263 1730 3331 eidem
1751 3287 1823 3347 per.
1840 3268 1951 3334 omnia
1979 3291 2052 3334 con-

433 3388 474 3437 ee
497 3390 514 3434 a
536 3361 699 3450 phariseis
719 3386 785 3429 ιιοιι
805 3357 903 3430 suerit
923 3359 1169 3447 interrogatus?
1200 3362 1231 3430 Si
1255 3363 1357 3448 gruit.
1410 3361 1471 3446 7.)
1492 3361 1522 3431 si
1545 3357 1695 3429 Christus
1718 3358 1874 3431 concefflt
1897 3359 2051 3434 dimissio·

316 3503 325 3515 -
436 3464 472 3532 in
489 3456 582 3531 causa
600 3460 750 3530 adulterii
771 3483 836 3527 noa
855 3460 1062 3527 coristitnitur
1083 3461 1231 3541 qttzdum
1256 3482 1331 3527 nem
1357 3457 1537 3526 restritcans
1561 3455 1606 3524 ad
1621 3456 1870 3550 fornicationis
1897 3455 2052 3553 causam,

434 3558 635 3630 limitatio&
649 3559 816 3640 exceptio,
838 3581 903 3623 non
918 3552 1023 3623 suillet
1039 3556 1229 3641 opusuuid.
1255 3576 1291 3622 ut
1317 3552 1532 3624 llellarminus
1555 3578 1627 3640 cap.
1649 3552 1768 3628 XVll.
1792 3559 1860 3631 obi.
1893 3578 1920 3628 r.
1948 3583 2050 3648 agno·

433 3678 534 3740 quam
559 3658 601 3725 de
623 3677 661 3724 ea
679 3647 865 3722 admiscere.
939 3653 989 3737 ι.)
1013 3650 1097 3720 lllud
1123 3649 1229 3737 ipsum
1253 3648 1329 3731 scit,
1356 3653 1468 3737 utique
1483 3652 1634 3738 exceptio
1652 3650 1708 3723 ille
1726 3677 1794 3727 non
1813 3658 1861 3728 ell
1877 3661 2047 3747 negative,

433 3749 604 3823 manifeste
640 3750 810 3841 colligitur
844 3773 887 3818 ex
919 3747 1113 3832 occasune,
1156 3773 1228 3834 que
1255 3746 1307 3819 sed
1330 3745 1546 3823 adfirmarim.

434 3849 568 3921 Christo
589 3845 652 3918 fuit
671 3852 762 3927 data,
796 3868 832 3915 ut
852 3850 1036 3916 doctrinam
1056 3851 1096 3916 de
1117 3849 1230 3917 ditur·
1705 3901 1720 3928 ,

432 3949 482 4018 tio
504 3966 721 4035 proponeret.
788 3943 952 4039 Quarum
979 3940 1154 4029 pharisei,
1183 3965 1252 4014 un·
1335 3955 1362 4027 §.
1390 3943 1545 4022 DleX,
1574 3947 1714 4033 Regerit
1731 3940 1973 4018 Bellsrminus:
2005 3947 2050 4036 ι.)

433 4041 534 4117 siccat
550 4043 677 4113 ltamini
698 4039 867 4110 dimittere
882 4055 1020 4112 tenorem
1043 4039 1139 4114 aaut
1155 4043 1228 4114 mei·
1252 4032 1708 4131 Argumentumacontraria
1719 4037 1817 4136 fenfa
1834 4064 1901 4114 non
1918 4043 2048 4118 concla-

431 4169 498 4216 σαι
516 4138 646 4218 ciriae,
672 4159 858 4232 quacunque
879 4139 919 4210 de
936 4136 1062 4235 cansa?
1105 4138 1225 4208 Mtttls.
1251 4135 1319 4213 dit,
1343 4138 1404 4232 inst
1423 4135 1502 4209 reric
1516 4140 1727 4233 accipiantur
1749 4142 1936 4214 contraria.
1975 4138 2048 4214 Iam

396 4291 399 4296 -
433 4236 525 4309 XlX.
545 4260 576 4322 3.
600 4234 778 4326 respondet
800 4235 966 4309 Christos:
1007 4233 1076 4331 Qui
1094 4234 1226 4330 dimise·
1252 4256 1328 4314 tero
1352 4235 1579 4308 cumdicimar
1597 4239 1767 4331 negative:
1804 4233 2049 4338 Quicunqacfi-

431 4336 483 4411 rit
499 4357 638 4407 uxorem
650 4331 769 4429 suam,
796 4335 858 4430 nist
883 4333 924 4405 ob
939 4334 1225 4426 fornicationem,
1250 4355 1289 4402 rte
1315 4330 1415 4425 rasfa
1437 4332 1705 4425 fornicationis,
1751 4331 1888 4429 dimifir
1918 4361 2045 4421 uxore,

377 4483 388 4496 ι
434 4431 477 4510 8
493 4433 601 4507 aliam
617 4433 772 4522 duxerit,
801 4441 988 4505 ntacnatur.
1008 4463 1038 4505 v.
1054 4453 1087 4522 9.
1132 4434 1225 4523 Quid
1249 4428 1358 4501 aliam
1376 4429 1485 4512 discit,
1518 4434 1714 4518 maritatur,
1746 4457 1812 4504 non
1841 4433 1924 4507 reiie
1945 4436 2047 4530 infer·

429 4533 495 4607 boc
516 4534 604 4604 aliud
634 4534 704 4611 eil,
740 4555 839 4617 quam
870 4557 934 4601 uon
958 4531 1034 4602 licet
1059 4530 1226 4602 dimittere
1250 4539 1323 4606 tur,
1354 4551 1433 4620 erga
1452 4532 1508 4623 qui
1528 4541 1663 4626 propter
1678 4532 1946 4622 fornicationem
1964 4556 2046 4608 uxr·

430 4656 566 4704 uxorem
596 4653 791 4716 quacunque
819 4636 860 4701 de
882 4626 994 4706 causa,
1020 4625 1072 4698 sed
1097 4647 1224 4698 tantum
1247 4650 1283 4698 re
1308 4623 1441 4718 dimiffa
1470 4627 1575 4700 aliam
1604 4630 1715 4722 ducit,
1753 4653 1818 4702 non
1849 4632 2043 4717 maritatur,

428 4752 569 4820 propter
587 4749 710 4797 certam
730 4726 873 4814 aliquem
895 4722 1040 4806 causam,
1071 4726 1225 4796 videlicet
1240 4720 1303 4816 fed
1316 4735 1445 4794 tantam
1466 4726 1589 4817 inferri
1601 4731 1718 4824 potest,
1742 4751 1822 4817 ergo
1845 4732 2045 4818 ruinurara·

425 4850 568 4916 propter
588 4821 715 4897 eausam
732 4820 912 4896 adulterii!
949 4826 982 4894 Si
1000 4823 1150 4896 Christus
1166 4820 1223 4892 ab·
1248 4823 1334 4891 viter
1349 4822 1538 4897 maclmtur.
1593 4822 1685 4896 Nam
1705 4828 1762 4921 qui
1773 4828 1844 4921 fine
1858 4809 2045 4922 caufafom

394 4979 397 4986 .
425 4922 530 4998 solute
553 4948 590 4993 sc
613 4921 804 5010 impliciter
825 4943 947 5009 negare
971 4916 1149 4997 voluisset,
1183 4943 1221 4988 ex
1247 4920 1429 4992 nicationis
1448 4946 1551 4995 uxore
1568 4920 1826 5018 dimifaoliam
1844 4928 1958 5014 ducit,
1982 4950 2044 5000 non

425 5022 493 5095 olla
521 5015 614 5092 cause
642 5019 771 5093 licitum
793 5015 857 5091 else
878 5020 1084 5104 divortium,
1121 5013 1222 5088 verba
1246 5018 1319 5088 ideo
1337 5019 1533 5108 nroechatur,
1557 5024 1636 5115 quia
1651 5024 1716 5116 fine
1732 5024 1799 5095 tali
1819 5025 1921 5120 cansa
1940 5027 2042 5100 aliam

420 5122 605 5218 poenisus
641 5120 677 5191 in
714 5111 771 5192 suo
805 5109 960 5204 responso
996 5112 1220 5205 repetivitiet:
1245 5112 1759 5218 ducimfcdquiaaliam'ducit.
1820 5119 1924 5221 Quod
1939 5138 2053 5202 am

2009 5245 2045 5298 ea
