4884 5984
358 532 433 599 ιιο
636 516 984 601 ιοονικκνι.
1036 507 1247 597 centu.
1299 521 1521 598 secan.
1574 520 1696 595 unt.
1720 523 1776 597 tt.

265 719 267 724 ’
362 712 549 809 structor,
573 740 642 792 non
671 713 868 800 simulatur,
891 720 995 807 quic,
1030 738 1069 789 ut
1090 718 1192 807 cajus
1216 717 1267 788 nit
1289 724 1325 791 dt
1348 712 1490 787 fortune
1507 711 1611 786 'error
1634 718 1677 788 ad
1701 713 1880 803 qualiirtir·
1893 740 2047 795 errorem

359 812 537 904 'loquitun
547 814 726 990 {malaca
746 818 873 918 nuptia
891 815 1015 892 nuliius
1023 810 1107 912 sunt
1124 837 1194 888 mo·
1217 816 1332 887 reduci
1357 815 1475 905 potest.
1526 819 1611 885 Tres
1628 840 1713 907 ergo
1737 815 1905 888 statuimus
1921 819 2047 892 erroris

365 916 480 990 mensi.
501 914 523 987 l.
572 913 704 991 mulatae
723 939 780 1007 30.
801 920 843 991 de
859 916 914 989 rit.
929 917 1077 1009 nuptiar.
1098 915 1121 989 Ι.
1140 935 1192 1006 ι3.
1217 910 1359 1005 species:
1396 917 1446 1004 r.)
1474 909 1587 987 Error
1605 913 1774 993 nominis,
1795 918 1929 1002 quando
1955 918 2046 991 circe

366 1016 409 1087 Ca
432 1018 474 1089 de
493 1039 589 1106 nupt.
640 1023 694 1110 2.)
716 1018 770 1090 Ut
790 1015 828 1088 fit
846 1024 998 1098 mainus,
1023 1015 1194 1103 utriusque
1218 1038 1341 1087 nomen
1368 1015 1527 1085 duntaxat
1555 1035 1709 1101 erratur,
1744 1033 1782 1083 ut
1806 1010 1829 1083 st
1853 1015 1928 1104 qnia
1945 1039 2048 1097 cam,

366 1106 492 1187 scilicet
509 1119 632 1208 partit,
659 1118 759 1190 maris
773 1127 808 1190 dt
825 1114 988 1196 faemina,
1016 1138 1084 1187 non
1096 1114 1194 1202 hujus
1218 1139 1317 1203 quam
1338 1109 1399 1182 sni
1412 1114 1447 1184 in
1468 1114 1716 1184 matrimonium
1735 1112 2050 1194 destinaverunexi.

294 1273 301 1279 .
366 1210 422 1285 vel
436 1211 786 1296 illiustantum,unde
802 1216 904 1289 etiem
917 1212 1195 1295 contrahentium,
1220 1216 1329 1286 siimet
1350 1210 1511 1302 adpellari
1539 1215 1794 1304 Margarettm,
1818 1233 1895 1282 com
1920 1214 2052 1286 dicatur

366 1334 435 1384 non
452 1335 563 1387 autem
587 1316 683 1386 unius
700 1311 926 1387 contrahentia
943 1308 1116 1387 consensus
1135 1337 1195 1385 ro·
1221 1316 1327 1385 Anna.
1380 1321 1428 1395 2.)
1454 1306 1570 1384 Error
1581 1308 1729 1406 persona
1745 1313 1810 1393 est,
1834 1313 1969 1399 quenda
1986 1314 2052 1383 cir·

366 1429 481 1495 catur,
498 1409 649 1503 &ipsum
659 1410 831 1510 consensus
845 1437 967 1486 nomen
985 1411 1049 1485 hoc
1068 1415 1197 1503 impar.
1220 1437 1261 1484 oc
1279 1403 1383 1501 ipsam
1411 1405 1586 1501 personam
1614 1432 1775 1490 erratur,
1809 1405 1891 1480 sicut
1922 1409 2052 1499 Jacoba

366 1529 436 1592 tat,
461 1514 588 1602 quie-id
604 1514 742 1604 proprie
759 1512 883 1585 dicitur
896 1505 1198 1602 consensumquan·
1220 1511 1389 1603 contigit,
1415 1512 1469 1581 cui
1492 1532 1556 1598 pto
1581 1507 1757 1587 nichele,
1783 1532 1891 1597 quam.
1910 1506 1971 1579 subi
1992 1514 2056 1583 dc'·

367 1610 414 1682 do
437 1612 516 1696 duo,
542 1608 595 1684 rel
625 1605 756 1702 ploret¹
773 1635 879 1683 unum
909 1606 1080 1692 sentiturt,
1105 1620 1140 1686 δι
1163 1611 1199 1680 in
1222 1604 1454 1698 sponsaverat,
1481 1617 1516 1683 dc
1536 1632 1614 1681 cum
1632 1633 1697 1696 qua
1712 1606 1906 1698 conjugium
1922 1600 1955 1679 se
1971 1630 2054 1682 ton·

367 1729 472 1783 onum
489 1712 595 1783 tmicc
607 1705 806 1800 conspirant.
860 1702 1099 1810 Consensnrefl
1116 1705 1200 1781 duo·
1223 1704 1465 1780 sunrmrturum
1480 1702 1688 1796 speraverat,
1713 1699 1878 1797 supposita
1891 1702 1960 1778 suit
1972 1708 2052 1782 Len·-

360 1825 457 1895 ·rrtm,
472 1808 527 1886 ves
569 1807 695 1883 sarium
716 1808 753 1882 in
775 1804 998 1905 idcmsmsar.
1015 1833 1044 1882 c.
1064 1834 1120 1881 un.
1140 1832 1198 1899 29.
1222 1808 1358 1879 Dicitur
1372 1808 1473 1879 etiam
1484 1826 1578 1880 error
1595 1804 1757 1902 corporis,
1767 1803 1832 1878 five
1849 1806 2050 1895 incorpore,

293 1981 298 1988 ,
367 1930 402 1997 q.
423 1933 471 1984 t:
506 1833 568 2005 pl
584 1911 636 1992 Ut
662 1905 701 1979 fit
721 1917 904 1987 emimus,
927 1908 1051 1989 idest,
1077 1904 1199 1992 verbis,
1225 1907 1323 1997 (quia
1339 1905 1863 1996 corporaquandoquedicuntur
1877 1898 2055 2001 persone),

352 2005 426 2083 *vel
444 2006 591 2100 gesiibus
611 2008 758 2079 exterius
780 2006 985 2093 declaratur,
1011 2031 1077 2096 qua
1097 2008 1139 2077 de
1163 2028 1200 2078 re
1224 2013 1259 2079 dc
1281 2006 1456 2085 concernit
1468 1997 1535 2095 ipsn
1550 1998 1769 2076 substantialia
1789 2003 1957 2095 conjugii,
1974 2026 2055 2095 per.

344 2107 543 2195 ..canonista
575 2113 612 2180 &
659 2099 839 2179 scholastici
863 2102 906 2177 fic
938 2099 1133 2194 disputant:
1169 2106 1202 2176 Si
1226 2097 1319 2175 sonte
1339 2098 1462 2178 scilicet
1476 2099 1721 2176 contrahentes.
1777 2103 1829 2193 ς.)
1845 2097 2056 2200 Errorqtea·

233 2223 250 2251 -·
367 2203 540 2294 puella&
562 2197 750 2277 adolescens
768 2201 828 2276 fibi
853 2204 998 2276 inuicem
1026 2204 1202 2277 obviantes
1227 2200 1341 2276 sitatis
1358 2204 1431 2283 esi,
1461 2203 1595 2291 quando
1617 2204 1705 2275 circa
1728 2203 1879 2289 quaedam
1900 2202 2057 2278 acciden-

230 2329 233 2333 “
370 2325 529 2393 expetant
544 2300 833 2376 matrimonialiter
848 2303 1028 2394 conjungi,
1042 2326 1110 2375 non
1126 2321 1202 2394 put·
1227 2300 1304 2372 talin
1322 2321 1480 2391 emtor,
1505 2307 1599 2389 cujus
1616 2301 1740 2374 erroris
1760 2322 1826 2371 tres
1846 2295 1971 2387 speeies
1994 2302 2064 2375 sla·

371 2402 418 2474 est
433 2404 499 2474 dici
517 2425 579 2490 per
593 2401 678 2474 hanc
694 2403 859 2475 internam
877 2401 1129 2476 voluntatem&
1145 2424 1203 2473 oc·
1226 2400 1275 2471 tui
1303 2394 1459 2490 pollunt3
1496 2398 1550 2471 vel
1566 2400 1667 2472 enim
1701 2419 1831 2472 erratur
1853 2400 1942 2473 circa
1965 2395 2057 2476 bona

369 2497 500 2572 cultum
522 2494 715 2573 consensum
733 2501 821 2572 inter
834 2523 892 2571 eor
904 2504 1111 2573 contrastum
1131 2523 1202 2571 mc-
1226 2497 1359 2579 animi,
1386 2520 1424 2570 ut
1443 2493 1575 2587 quando
1594 2501 1669 2587 quis
1683 2500 1777 2571 ducit
1793 2491 1985 2580 morosam,
2010 2500 2058 2588 ri·¹

221 2687 225 2695 Ι
356 2597 587 2679 -trimonium,
611 2596 667 2671 sed
686 2594 812 2672 necesse
830 2599 895 2685 est,
922 2619 960 2669 ut
984 2596 1058 2669 talis
1083 2597 1203 2669 uolun-
1225 2592 1355 2682 rosam,
1390 2599 1603 2677 iracundam,
1633 2591 1820 2678 ebriosam,
1851 2600 2059 2691 prodigam,

371 2714 422 2771 tes
440 2698 585 2771 exterius
605 2693 810 2776 declaretur,
835 2716 917 2784 puta
946 2695 1070 2782 verbis,
1093 2694 1147 2768 vel
1162 2692 1201 2768 st-
1227 2705 1292 2770 &c.
1307 2720 1408 2784 quam
1421 2694 1560 2787 putabat
1572 2690 1637 2769 effe
1655 2716 1838 2774 moratam,
1862 2699 2058 2792 modestetm

399 2796 459 2868 nir.
524 2792 638 2867 Verba
671 2792 725 2866 rel
759 2820 817 2867 ore
838 2817 952 2864 coram
969 2792 1127 2883 proferri,
1145 2790 1201 2866 rel
1226 2789 1410 2866 sobrietatis
1445 2790 1645 2877 studiosam,
1669 2782 1855 2887 frugalem,
1892 2792 1947 2867 rel
1967 2798 2060 2871 circe

369 2817 497 2983 stupro
511 2894 654 2982 exprimi
671 2887 824 2981 possunt,
848 2892 929 2978 quin
947 2900 983 2966 dt
1000 2891 1103 2966 verba
1125 2886 1202 2982 pos·
1226 2891 1314 2968 bona
1336 2894 1507 2990 corporis,
1534 2913 1572 2965 ut
1592 2897 1725 2984 quaudo
1747 2894 1821 2983 quis
1850 2895 1943 2967 ducit
1959 2919 2060 2968 mor.

370 2984 447 3063 sunt
477 2983 628 3082 suppleri
661 3015 724 3080 per
751 2987 842 3083 signa
868 2989 979 3062 verbis
1007 2984 1201 3064 consensum
1226 2990 1363 3073 bidam,
1388 2991 1593 3079 deformem,
1620 3013 1716 3082 aetatc
1742 2988 2059 3082 pervertimur.

374 3088 639 3183 exprimentibus
654 3087 919 3179 aequipollentia,
949 3089 1040 3162 unde
1057 3093 1146 3178 quod
1166 3091 1202 3160 iu
1226 3117 1326 3180 quam
1349 3093 1489 3181 putabat
1508 3088 1573 3165 esic
1590 3096 1730 3185 integrae
1754 3087 1915 3175 sanitatis,
1938 3088 2061 3167 form·

376 3211 450 3278 cap.
483 3183 561 3261 Tua
570 3186 793 3283 fraternitati
811 3190 853 3259 de
871 3178 1047 3275 sponsalib.
1062 3190 1203 3269 dicitur,
1227 3192 1425 3274 decentis&
1443 3190 1553 3263 rdhnc
1567 3189 1801 3280 juvenculamt
1826 3188 1881 3263 rel
1893 3191 1983 3266 eirca
1998 3190 2061 3267 bc-

375 3284 480 3359 verua
502 3285 548 3360 od
566 3282 756 3382 tonsmjicm
778 3282 1063 3358 matrimonialem
1076 3280 1204 3382 effem-
1228 3310 1274 3362 no
1289 3287 1465 3382 sortanae,
1497 3308 1535 3360 ut
1556 3293 1689 3377 quando
1713 3290 1787 3379 quir
1814 3290 1906 3363 ducit
1927 3314 2056 3382 pcupe.

377 3380 536 3483 caffaria,
558 3386 591 3456 id
604 3378 958 3482 accipiuutsecrmdam
971 3382 1053 3480 qaid
1064 3387 1205 3466 clidium,
1228 3412 1321 3468 rem,
1343 3382 1497 3468 servam,
1523 3386 1730 3479 ignobilem,
1753 3400 1818 3463 dcc.
1838 3393 1938 3480 quam
1958 3411 2061 3479 pute·

275 3537 277 3541 .
376 3479 501 3560 scilicet
520 3485 563 3555 acl
582 3485 758 3556 certiorem
786 3481 1040 3571 probationem,
1064 3481 1121 3555 alii
1142 3507 1202 3573 ge-
1226 3484 1284 3560 bat
1314 3483 1379 3560 esse
1405 3489 1570 3568 divitem,
1605 3484 1771 3568 tiberem,
1803 3483 1906 3572 nobdi
1931 3512 2060 3579 genere

375 3580 533 3655 netaliter
562 3578 754 3673 intelligunt
790 3584 832 3653 de
861 3576 960 3671 lignis
986 3579 1203 3673 expreffivie.
1227 3607 1347 3660 natam.
1397 3592 1628 3660 bonaventura
1649 3584 1708 3657 lib.
1730 3583 1797 3661 lV.
1811 3581 1890 3659 sent.
1905 3588 1980 3661 disi.
1998 3610 2060 3678 3ο.

373 3684 463 3754 inter
490 3705 565 3770 quae
592 3676 694 3752 rerba
718 3678 942 3769 principatum
966 3678 1140 3764 obtinent,
1165 3700 1203 3752 ut
1226 3710 1260 3775 q.
1287 3712 1316 3760 ι.
1342 3686 1514 3778 distinguit
1543 3686 1631 3757 inter
1661 3708 1847 3766 errorem,
1877 3686 1937 3777 qui
1967 3686 2062 3762 cirne

296 3824 299 3829 ·
375 3776 456 3854 fica
470 3779 595 3870 potiori
612 3773 699 3851 fasta
720 3775 821 3849 suerit
836 3776 1069 3853 denominatio.
1226 3778 1401 3874 personam
1432 3784 1626 3875 contingit,
1658 3794 1694 3859 ac
1719 3785 1808 3857 circa
1834 3786 2065 3874 proprietates

686 3884 720 3968 §.
746 3879 822 3950 etr.
845 3870 966 3947 Primo
990 3901 1068 3950 cum
1087 3876 1203 3967 judicii
1225 3877 1393 3973 persone,
1417 3884 1649 3971 quodteodem
1666 3883 1797 3955 recidit.
1846 3884 2077 3975 raineria.

377 3942 586 4105 ffw'ffisu
636 3974 829 4065 integritate
842 3972 1204 4086 diximuspugnateer·
1225 4003 1295 4055 tem
1318 3982 1408 4054 inter
1429 4005 1560 4055 errores
1582 3978 1748 4072 qualitatis
1771 4005 1856 4058 unm
1885 4004 1956 4071 prae
1979 3980 2063 4055 reli·

395 4096 443 4183 ι.)
463 4099 578 4166 pm„
635 4093 755 4147 rorem.
782 4066 994 4169 Qut-errant,
1007 4074 1116 4162 inquit
1137 4074 1204 4147 Ul·
1226 4081 1319 4169 quit,
1342 4083 1384 4152 ad
1406 4103 1557 4153 errorem
1579 4106 1656 4154 cum
1674 4075 1742 4171 ipsa
1758 4081 1960 4153 matrimonii
1983 4076 2077 4168 sub,

636 4170 775 4261 pimus,
802 4190 869 4242 non
889 4166 1114 4265 consmiiurtt,
1129 4195 1203 4247 cam
1228 4180 1342 4250 stantia
1357 4196 1566 4271 pugnantem
1584 4205 1683 4268 quam
1701 4180 1853 4269 proxime
1873 4182 2062 4268 rccedent,

375 4264 467 4344 nilril
494 4274 567 4340 iam
595 4267 803 4343 carnarium
817 4267 865 4368 stt
896 4265 1077 4368 cinsmsai
1102 4293 1204 4368 quam
1227 4278 1359 4367 quando
1384 4273 1507 4349 scilicet
1535 4281 1609 4365 quic
1633 4275 1799 4352 contrahit
1824 4303 1902 4354 cum
1918 4279 2062 4365 vitiata,

379 4390 492 4448 error,
518 4366 578 4463 qai
597 4367 802 4467 imperitiam
820 4365 957 4464 detegit.
972 4368 995 4443 1.
1019 4388 1073 4457 15.
1097 4366 1136 4444 ff.
1161 4374 1204 4447 de
1228 4399 1329 4467 quam
1349 4377 1491 4448 credidit
1506 4372 1569 4450 etse
1585 4378 1787 4470 virginem.

376 4463 532 4557 iurisdl.
554 4476 633 4542 ιι6.
653 4464 691 4542 ff.
715 4469 759 4540 de
780 4490 853 4560 reg.
880 4468 978 4556 juris:
1050 4469 1203 4552 imai,
1277 4484 1306 4569 ς.
1324 4477 1416 4549 cm.
1447 4477 1613 4569 Quamvis
1631 4500 1804 4567 veropro·
1852 4473 1900 4555 t.)
1933 4473 2040 4570 ΕΜ

377 4559 580 4660 mnsmtit,
603 4588 670 4639 non
690 4587 770 4659 ergo
798 4563 977 4662 consmtit,
1022 4589 1061 4638 oc
1078 4570 1139 4670 ιβ’,
1154 4571 1204 4670 st·
1228 4568 1434 4664 spiciendum
1452 4570 1591 4658 sedulo,
1627 4577 1722 4649 utin
1746 4600 1802 4649 ar.
1888 4558 2030 4623 ms&

379 4661 451 4739 mus
463 4681 537 4737 cam
552 4659 760 4762 aliissertiis.
777 4688 852 4754 cap.
869 4668 957 4767 unic.
974 4689 1030 4753 29.
1043 4670 1153 4758 quest.
1174 4694 1202 4745 t.
1229 4676 1296 4744 duo
1310 4673 1373 4762 hoc
1393 4678 1533 4765 negotio
1546 4671 1800 4763 matrimoniali,

378 4763 444 4837 Sed
459 4759 513 4833 hic
531 4783 627 4836 error
642 4789 710 4836 non
726 4763 775 4834 est
790 4765 885 4835 unius
907 4768 1052 4859 generis.
1101 4765 1205 4841 Scho·
1229 4776 1319 4861 quod
1331 4795 1537 4864 perpetuum
1557 4775 1657 4847 totius
1673 4776 1749 4847 uite
1761 4770 1964 4858 consortium
2046 4822 2061 4845 .

379 4857 482 4936 lastici
498 4859 642 4934 statuunt
660 4882 801 4951 quatuor
814 4856 937 4952 specio
950 4865 1090 4950 erroris,
1103 4863 1205 4941 alium
1232 4874 1356 4958 cernit,
1385 4882 1420 4947 δι
1438 4870 1654 4947 indissolubili
1675 4872 1812 4946 uinculo
1827 4801 2065 4957 namucense·

382 4961 473 5037 enim
499 4952 564 5031 esse
583 4962 699 5034 dicunt
720 4981 864 5036 errorem
885 4961 1069 5060 persona,
1104 4965 1208 5041 ulium
1231 4971 1385 5063 copulat,
1409 4975 1516 5046 omnia
1535 4975 1671 5048 omnino
1690 4997 1786 5049 error
1808 4999 1828 5048 a
1851 4975 2061 5053 consentien-

232 5071 248 5096 -·
382 5056 580 5157 qnasitatis,
604 5059 706 5134 alium
723 5058 944 5152 conditionis,
970 5059 1074 5137 alium
1087 5065 1207 5160 sortu-
1230 5070 1318 5142 tibur
1336 5068 1443 5154 aaut,
1465 5096 1564 5163 atque
1584 5071 1646 5144 ¹¹⁸0
1668 5074 1794 5147 “15⁰⁰ss
1810 5097 1851 5148 ‘¹
1873 5073 1972 5166 plena
1990 5073 2061 5159 sani

244 5203 247 5208 -
381 5175 444 5239 na.
459 5160 494 5270 d,
512 5179 544 5237 c.
558 5159 646 5242 tuuc.
662 5181 723 5258 29·
737 5162 848 5258 quen
872 5187 908 5264 ι,
958 5165 1023 5245 Sed
1042 5166 1211 5252 condior·
1223 5162 1736 5301 judiciiintegrintecoaseosua
1751 5166 1926 5275 exstruat
1947 5196 2063 5278 nmen

725 5338 728 5342 ,
1056 5331 1061 5338 .
1498 5301 1501 5312 ·
1698 5331 1720 5388 ,
2003 5303 2065 5365 oe·
