4884 5984
509 536 583 610 aco
651 527 803 607 rocos
820 525 944 602 >orvs
995 521 1095 602 car.
1113 525 1157 599 v.
1207 524 1352 602 usna.
1369 526 1411 600 n.
1463 525 1631 600 nunu.
1683 519 1797 598 rans
1813 526 1841 598 1.
1892 500 2062 598 socru

518 726 738 822 ignominiam
752 722 960 801 redundabit.
1012 725 1137 798 Eodem
1153 720 1225 797 sere
1239 718 1330 796 sensu
1356 718 1418 798 suae
1438 726 1588 819 detegit,
1624 748 1756 804 carnem
1774 721 1875 821 strom
1898 720 2024 810 amat,
2058 740 2097 796 ot
2119 718 2170 795 ier

519 825 718 907 Abolensts:
787 819 832 899 Si
861 829 933 922 ejus
959 822 1119 920 partibus
1152 821 1331 923 inhonestis
1355 826 1468 898 divina
1489 823 1656 915 loquitur,
1681 829 1747 899 hoc
1768 827 1832 907 est,
1858 826 1960 899 nudat
1976 848 2074 904 eam,
2098 845 2168 913 que

398 945 403 950 ·
461 955 465 962 ’
519 924 700 1012 abutaris,
738 933 809 997 tom
837 924 977 1021 indigne
1004 924 1108 1018 ogis,
1144 924 1236 1023 aest
1263 922 1332 997 tuis
1356 925 1548 1010 marcianes
1568 930 1671 1015 patris
1691 928 1941 1016 estpropinqoa
1960 924 2070 994 emnia
2090 943 2170 1010 pro·

509 1024 686 1102 'abutaris
738 1024 910 1097 Generalis
926 1019 1161 1115 prohibitionis
1173 1024 1261 1094 ratio
1273 1047 1333 1112 pe·
1357 1023 1463 1123 xima,
1486 1032 1523 1099 &
1544 1024 1784 1116 consequenter
1800 1027 1901 1097 etiam
1916 1020 2016 1113 ipsura
2029 1022 2078 1093 eli
2090 1031 2171 1110 pro·

519 1130 545 1199 ti
565 1128 673 1216 poteli
687 1147 727 1195 ex
742 1121 818 1215 lege
836 1120 1005 1216 generalis
1056 1117 1181 1196 Nullus
1195 1120 1244 1193 od
1252 1144 1334 1220 pro·
1356 1125 1493 1213 pinque.
1543 1129 1640 1200 Pater
1657 1137 1693 1202 &
1713 1126 1813 1198 amita
1827 1124 1870 1196 ab
1890 1148 1958 1196 uno
1981 1117 2172 1209 parente&

521 1226 653 1300 ximom
680 1224 794 1296 carnis
814 1219 889 1319 suae
916 1219 1062 1295 accedat.
1134 1224 1257 1311 Neptis
1287 1223 1334 1293 est
1358 1248 1422 1295 una
1442 1247 1542 1297 carne
1573 1224 1662 1312 quast
1687 1221 1787 1298 decisa
1815 1220 1917 1304 sunt,
1954 1227 2049 1309 eujm
2070 1223 2173 1291 unam

524 1328 678 1415 proxima
701 1324 817 1393 cornu.
842 1327 942 1413 Ergo.
970 1328 1054 1392 Item
1070 1343 1109 1391 er
1131 1318 1207 1413 lege
1223 1322 1334 1410 primo
1358 1344 1488 1413 partem
1515 1322 1615 1399 habet
1635 1349 1775 1412 parens,
1801 1322 1939 1394 alteram
1965 1327 2037 1409 ejus
2059 1310 2170 1404 soror,

523 1420 678 1516 speciali:
731 1407 828 1492 Filia
849 1444 915 1493 non
941 1417 1082 1496 accedat
1107 1417 1155 1490 ad
1180 1429 1334 1517 patrem,
1358 1447 1431 1511 quae
1450 1419 1602 1513 respectu
1616 1425 1674 1498 filii
1694 1423 1805 1497 fratris
1820 1423 1867 1494 est
1881 1422 1991 1493 amita.
2044 1416 2173 1490 intelli·

521 1534 561 1597 ut
581 1522 702 1597 revelet
722 1524 793 1617 ejus
812 1518 1064 1617 turpitudinem.
1131 1521 1254 1611 Neptis
1275 1518 1333 1591 ha·
1357 1524 1450 1611 gitur
1463 1543 1626 1597 autemer
1639 1523 1701 1596 hac
1714 1522 1809 1614 lege,
1832 1544 1965 1593 nooeas
1979 1514 2086 1591 solum
2099 1533 2173 1593 car·

519 1621 620 1696 betur
632 1618 706 1693 filie
721 1621 807 1697 loeo.
834 1626 937 1711 Ergo.
991 1619 1229 1709 Heormingius
1248 1616 1332 1690 hanc
1357 1622 1408 1691 nis
1430 1620 1852 1712 propinquasprohiberi,
1881 1644 1953 1708 quae
1978 1616 2045 1690 tine
2067 1619 2174 1691 inter-

372 1773 375 1778 ·
519 1721 631 1813 legem
648 1718 691 1791 hc
708 1719 835 1800 reddit:
862 1715 1033 1793 Pudorem
1048 1717 1178 1813 nepotis
1189 1716 1254 1834 tui)
1272 1726 1333 1796 out
1358 1717 1446 1790 vallo
1467 1746 1528 1791 nos
1541 1724 1736 1815 adtingunt,
1764 1717 1878 1809 quales
1897 1715 1971 1789 sont
1992 1712 2121 1790 sursum
2136 1717 2174 1816 in

518 1822 630 1918 neptis
646 1828 712 1893 tuae
736 1840 801 1890 non
825 1815 1008 1903 revelabis,
1030 1829 1069 1891 ut
1092 1814 1330 1913 intelligatur,
1357 1817 1448 1892 lineo
1463 1818 1680 1917 adscendente
1699 1843 1821 1902 mater,
1844 1812 1998 1889 deorsum
2017 1820 2053 1889 in
2080 1815 2174 1889 tinea

519 1931 692 2015 utrumque
706 1915 861 2017 expreffls
874 1916 985 1994 uubis
994 1913 1187 2013 prohiberi,
1209 1926 1333 1990 tumne
1356 1916 1565 2016 descendente
1586 1918 1672 2007 filia,
1701 1925 1744 1993 ad
1765 1919 1849 1989 latus
1865 1919 1901 1987 in
1927 1915 2019 1991 tinea
2036 1915 2174 1990 catate

519 2020 601 2094 ovio
617 2016 722 2092 nubat
735 2017 864 2114 nepoti,
892 2028 1014 2091 tumne
1030 2040 1115 2090 auus
1128 2025 1256 2112 neptem
1271 2014 1333 2090 du·
1356 2019 1428 2093 ruli
1450 2015 1563 2102 sorore
1598 2016 1775 2094 sedetiam
1800 2041 1872 2096 eas,
1907 2041 1981 2116 que
2003 2017 2175 2089 mediante

517 2129 573 2193 cot
594 2120 629 2193 in
649 2140 806 2204 uxorem,
827 2114 908 2189 ficut
927 2120 961 2189 in
978 2117 1088 2206 prima
1103 2116 1182 2207 lege
1200 2137 1332 2188 onum·
1356 2120 1460 2209 patris
1483 2144 1522 2192 ae
1543 2123 1657 2194 matris
1687 2116 1937 2209 propinquitate
1960 2114 2059 2188 'nobis
2092 2139 2175 2190 cou-

518 2243 584 2308 que
604 2213 760 2309 expreffis
789 2212 900 2288 verbis
927 2217 1158 2293 interdicitur,
1195 2235 1268 2286 tum
1288 2239 1332 2287 ne
1354 2228 1563 2310 junguntur,
1588 2239 1627 2291 ut
1643 2218 1735 2297 soror
1750 2218 1854 2306 patris
1872 2240 1910 2287 ae
1934 2209 2027 2289 soror
2044 2217 2173 2290 matris.

516 2339 625 2392 mater
644 2315 748 2388 nubat
771 2314 864 2400 lilia,
899 2337 972 2388 tom
995 2339 1037 2387 ne
1058 2334 1155 2404 pater
1176 2310 1278 2385 filiam
1296 2315 1330 2383 in
1355 2320 1465 2391 Potest
1481 2329 1516 2393 dt
1529 2318 1600 2392 hee
1615 2316 1851 2408 prohibitionis
1865 2315 1949 2386 ratio
1963 2316 2054 2398 dari,
2079 2316 2196 2405 qaae,

518 2425 656 2489 nitorem
670 2419 785 2493 ducat,
812 2409 865 2485 sed
882 2415 914 2483 in
928 2411 1073 2487 Hebraeo
1089 2410 1271 2500 utrobique
1282 2413 1330 2484 est
1353 2420 1455 2492 amita
1477 2444 1516 2491 ac
1536 2440 1715 2491 matertera
1737 2414 1798 2488 sint
1815 2412 1910 2485 mihi
1931 2412 2005 2486 loco
2028 2414 2175 2497 matris,

518 2522 573 2602 n?
590 2512 825 2595 fentininam,
845 2510 965 2611 filium
986 2508 1183 2605 sanificans·
1353 2520 1429 2609 quia
1447 2520 1547 2589 anaim
1564 2541 1713 2608 patrem,
1740 2535 1918 2588 matertera
1936 2537 2078 2593 matrem
2093 2538 2176 2607 pro·

738 2685 739 2696 ,
840 2627 867 2713 §.
887 2622 1055 2694 cclxv.
1072 2621 1128 2708 6.)
1144 2613 1253 2691 Soror
1264 2640 1330 2715 pa,
1352 2622 1440 2690 xima
1468 2615 1595 2690 laterali
1619 2618 1870 2706 propinquitate
1891 2616 2045 2708 adtingit.
2107 2619 2174 2688 Ex·

516 2770 567 2850 ⁶)
588 2768 685 2835 som
775 2716 856 2803 tris,
885 2720 996 2791 amita.
1055 2719 1112 2813 7.)
1128 2710 1238 2791 Soror
1259 2740 1331 2791 ma·
1351 2717 1503 2807 emplum
1528 2718 1625 2807 hujus
1642 2715 1888 2787 commixtionis
1909 2712 2044 2788 nelarie
2064 2716 2114 2786 est
2135 2716 2173 2788 iu

514 2817 627 2936 pipp,
762 2816 857 2903 tris,
881 2838 1069 2889 matertera.
1128 2815 1328 2891 Nuditatem
1351 2813 1592 2904 Archidamo,
1627 2811 1878 2911 Spartanorum
1903 2835 1998 2910 rege,
2029 2815 2172 2887 amium

515 2933 563 3017 7.)
589 2930 686 2995 Soror
768 2913 902 3015 sororis
914 2916 1029 3014 petris
1041 2914 1094 2989 tui
1111 2939 1178 2988 non
1199 2916 1329 2991 revela·
1351 2914 1443 2990 suam
1463 2922 1631 2997 ducente,
1657 2920 1746 3005 apud
1764 2918 1983 2989 Herodotum
1995 2917 2033 2987 in
2050 2918 2186 2992 Ereto·-

515 3014 640 3079 erls·
778 3014 849 3102 bis,
869 3035 959 3101 earo,
977 3016 1043 3109 five
1058 3017 1252 3114 propinqua
1263 3041 1329 3116 pa·
1419 3026 1448 3109 §.
1484 3017 1668 3093 CCLXVI.
1705 3019 1760 3105 8.)
1781 3020 1811 3087 Α
1836 3016 1910 3101 qui·

779 3111 1325 3212 tristuiipsa.1.evit.xv111.12.
1350 3114 1490 3189 busdam
1512 3118 1649 3188 additur
1661 3111 1796 3211 sororis
1812 3113 1908 3212 filia.
1946 3110 2004 3187 ‘8·)
2029 3106 2161 3201 Swffl

517 3216 719 3297 Nuditatem
733 3213 868 3313 sororia
887 3215 1007 3286 matris
1028 3223 1094 3288 eon
1118 3237 1184 3287 non
1201 3214 1328 3289 revelo·
1351 3216 1456 3308 Quod
1480 3216 1570 3288 enim
1607 3219 1687 3287 Leo.
1705 3220 1830 3287 xvttt.
1855 3234 1908 3289 η.
2016 3188 2107 3274 fll‘a·

516 3320 590 3409 bis,
620 3320 700 3417 quio
723 3338 823 3408 caro,
863 3339 901 3388 en
917 3315 1108 3412 propinqua
1127 3316 1249 3390 matris
1262 3326 1329 3393 tuae
1351 3316 1493 3386 dicitur:
1511 3310 1810 3412 Nuditatemfilr‘ae
1822 3336 1909 3386 uxo·

517 3418 603 3522 ipso.
629 3442 661 3493 u.
687 3436 738 3503 13.
847 3413 1010 3487 uditatem
1037 3410 1171 3510 proris
1207 3418 1329 3490 matris
1351 3414 1402 3488 rie
1415 3414 1527 3510 patris
1542 3414 1613 3495 tui,
1636 3414 1852 3511 cognationis
1867 3409 1982 3510 patris
1998 3409 2053 3483 tui
2062 3406 2171 3506 soror

517 3532 584 3595 tuae
606 3514 647 3592 ft
659 3511 794 3612 sororis
804 3514 918 3613 patris
940 3514 992 3587 tui
1005 3537 1072 3586 non
1093 3510 1329 3612 discooperies,
1353 3524 1412 3586 tuo
1431 3509 1506 3611 ipso
1520 3516 1584 3615 ιβ,
1608 3537 1673 3586 non
1694 3510 1863 3590 revelabit
1873 3511 2059 3586 nuditatem
2081 3512 2169 3608 ejus,

400 3671 402 3682 ·
516 3622 596 3720 qaia
611 3639 742 3714 comem
750 3612 851 3712 suam
868 3610 1030 3700 nudavit,
1047 3633 1182 3712 ponam
1206 3616 1332 3712 iniqui·
1353 3615 1388 3685 id
1402 3616 1444 3687 de
1460 3613 1526 3687 lilia
1541 3610 1662 3687 sorotis
1674 3611 1880 3713 {repetentia
1892 3614 2021 3685 ditium
2039 3609 2171 3685 volant.

517 3720 601 3795 tatis
607 3716 682 3816 sua
691 3713 888 3812 portabunt.
937 3716 1043 3787 [evit.
1060 3720 1135 3787 XX.
1160 3741 1213 3800 ¹9·
1251 3720 1330 3789 Per·
1355 3712 1445 3786 Cum
1464 3716 1555 3786 enim
1574 3722 1642 3803 jam
1660 3736 1736 3788 ante
1757 3741 1789 3786 v.
1806 3733 1840 3801 9.
1870 3710 2029 3785 fratribus
2056 3720 2093 3785 de
2120 3707 2170 3786 so·

518 3824 625 3891 tinent
649 3815 698 3885 hae
717 3812 965 3903 prohibitiones
988 3817 1030 3885 ad
1048 3809 1229 3909 seeundum
1248 3836 1331 3911 gra·
1355 3812 1503 3900 roribus,
1532 3811 1599 3887 sive
1620 3840 1660 3886 er
1680 3836 1844 3907 utroque,
1861 3811 1928 3886 five
1945 3837 1985 3884 ex
2005 3808 2170 3885 alterutro

518 3918 597 3990 dunt
622 3918 655 3985 in
676 3914 763 3984 linea
784 3909 973 3986 collaterali
995 3911 1174 4008 inaequali,
1200 3938 1239 3986 ac
1261 3940 1332 3988 me.
1355 3935 1495 4002 parente
1513 3909 1685 4005 susceptis,
1722 3915 1878 4006 conjugio
1900 3910 2003 3985 fuerit
2030 3912 2171 3988 interdi-

518 4017 584 4089 rito
599 4012 867 4102 conjunguntur,
900 4035 978 4083 cum
997 4013 1113 4085 eadem
1142 4012 1180 4083 stt
1202 4011 1332 4086 utrobi·
1356 4013 1469 4101 tium,
1495 4011 1572 4085 ideo
1588 4012 1811 4102 improbabile
1831 4012 2036 4093 existimant,
2063 4014 2098 4084 in
2113 4012 2171 4084 rd-

519 4140 584 4206 que
597 4104 887 4201 consanguinitatis
902 4110 1156 4202 propinquitas,
1173 4133 1331 4184 materne
1356 4133 1469 4183 curata
1490 4110 1546 4183 illa
1568 4111 1817 4201 prohibitorum
1838 4114 2006 4205 graduum
2029 4129 2170 4185 enome·

362 4285 369 4294 ,
517 4240 557 4290 ec
579 4233 725 4305 paterna
746 4206 842 4283 linere
869 4203 1059 4281 discrimine
1081 4211 1239 4283 duntaxat
1266 4208 1331 4283 dif-
1355 4212 1485 4282 ratione
1498 4211 1587 4283 idem
1601 4215 1711 4286 denuo
1725 4214 1842 4285 iisdem
1856 4211 1966 4286 verbis
1984 4212 2112 4301 repeti,
2133 4212 2170 4286 id

426 4395 436 4400 ,
517 4311 637 4390 ferens.
689 4310 806 4402 Quoto
823 4310 914 4382 enim
931 4311 1038 4400 gradu
1057 4308 1092 4380 in
1114 4307 1201 4381 linea
1222 4332 1332 4407 agna·
1355 4313 1445 4397 quod
1463 4311 1583 4383 divina
1611 4312 1751 4385 eoelestis
1777 4311 1978 4386 nomothetae
2001 4310 2170 4401 sapientiae

518 4413 623 4488 tionis
649 4420 800 4508 paterna
827 4432 881 4479 me
918 4407 1062 4499 adtingit
1094 4412 1219 4491 amita,
1259 4432 1331 4484 toto
1356 4409 1464 4480 minus
1489 4435 1677 4501 congruere
1697 4413 1891 4487 existimant.
1953 4414 2069 4507 Quare
2091 4435 2170 4483 cunt

516 4516 616 4588 etiam
640 4511 746 4600 grado
771 4508 806 4578 in
828 4505 914 4577 linea
931 4506 1146 4603 cognationis
1171 4520 1331 4585 maternae
1354 4509 1388 4578 in
1407 4506 1503 4581 versu
1529 4516 1683 4600 proxime
1702 4516 1910 4603 procedente
1933 4518 1972 4584 ad
1985 4508 2169 4613 secuudum

516 4637 571 4685 me
595 4608 738 4698 adtingit
756 4625 945 4679 matertera.
1001 4608 1102 4679 Ratio
1130 4608 1331 4696 prohibitio·
1352 4610 1499 4702 gradum
1522 4614 1556 4680 in
1578 4609 1668 4684 linea
1685 4611 1771 4686 retia
1788 4612 1973 4700 probibitio
1987 4607 2169 4686 descende·

516 4712 568 4783 nis
590 4709 741 4784 additur,
766 4704 875 4776 onita
899 4704 942 4805 ιβ
963 4708 1187 4802 compatris,
1208 4710 1241 4778 id
1265 4712 1328 4795 est,
1353 4709 1417 4789 rit,
1443 4711 1627 4784 existimant
1656 4711 1740 4784 hatte
1764 4711 2025 4803 prohibitionem
2052 4711 2169 4803 proxi·
2203 4751 2215 4778 .¹

516 4809 669 4901 proxima
694 4805 884 4894 propinqua
910 4806 1041 4896 patris,
1075 4803 1175 4894 ipsius
1203 4802 1328 4881 seilicet
1352 4832 1407 4879 me
1429 4803 1620 4896 sequentem
1637 4816 1678 4884 ad
1690 4806 1871 4907 secundum
1892 4781 2201 5008 gradumff

517 4906 638 4987 soror,
656 4913 839 4977 matertera
858 4904 902 5003 ιβ
924 4924 1005 4977 caro
1028 4904 1169 4986 matris,
1197 4908 1232 4977 id
1261 4910 1326 4987 eli,
1351 4928 1412 4979 neo
1438 4907 1628 4983 collaterali
1649 4911 1810 5008 inaequali
1828 4917 2016 5004 pertinere,
2129 4935 2170 4984 n·

515 5007 668 5101 proxima
691 5005 881 5105 propinqua
906 5005 1045 5083 matria,
1076 5002 1176 5094 ipsius
1203 5000 1327 5079 scilicet
1353 5000 1424 5078 sum
1442 5003 1506 5081 else
1528 5036 1624 5097 eum,
1648 5038 1690 5084 ne
1712 5015 1784 5102 quis
1805 5016 1905 5087 ducat
1934 5009 2061 5098 sororis
2081 5011 2171 5103 ὄμο-

316 5190 331 5198 ,
513 5102 627 5191 soror,
658 5129 697 5175 ae
716 5104 860 5193 proinde
881 5125 991 5174 mater
1011 5122 1067 5174 toa
1086 5101 1207 5186 alterat
1239 5109 1329 5194 quis·
1352 5108 1511 5212 aruspice
1536 5109 1591 5183 vel
1616 5109 1760 5204 duamur
1779 5111 1987 5201 iae-filiam
2016 5113 2081 5188 hoe
2101 5115 2170 5198 est,

510 5208 586 5300 quia
610 5228 695 5300 argo
712 5203 898 5277 nuditatem
918 5205 1044 5291 amite,
1071 5202 1126 5279 vel
1140 5223 1329 5283 matertera
1354 5233 1398 5283 ne
1427 5211 1503 5301 quis
1528 5233 1667 5302 neptem
1694 5235 1735 5287 ex
1757 5139 1871 5291 iurare
1893 5209 2083 5317 ἑθεροθιλῐι
2110 5211 2175 5289 fibi

2042 5323 2180 5414 tunae
