<?xml version="1.0" encoding="UTF-8"?>
<!DOCTYPE html PUBLIC "-//W3C//DTD XHTML 1.0 Transitional//EN"
    "http://www.w3.org/TR/xhtml1/DTD/xhtml1-transitional.dtd">
<html xmlns="http://www.w3.org/1999/xhtml" xml:lang="en" lang="en">
 <head>
  <title>
</title>
<meta http-equiv="Content-Type" content="text/html;charset=utf-8" />
  <meta name='ocr-system' content='tesseract 3.04.00' />
  <meta name='ocr-capabilities' content='ocr_page ocr_carea ocr_par ocr_line ocrx_word'/>
</head>
<body>
  <div class='ocr_page' id='page_1' title='image "./locitheologicic06cottgoog_0337.png"; bbox 0 0 4884 5984; ppageno 0'>
   <div class='ocr_carea' id='block_1_1' title="bbox 353 429 1934 591">
    <p class='ocr_par' dir='ltr' id='par_1_1' title="bbox 353 429 1934 591">
     <span class='ocr_line' id='line_1_1' title="bbox 353 429 1934 591; baseline 0.003 -33"><span class='ocrx_word' id='word_1_1' title='bbox 353 485 358 591; x_wconf 79' lang='lat' dir='ltr'>j</span> <span class='ocrx_word' id='word_1_2' title='bbox 436 545 447 572; x_wconf 79' lang='grc'>,.</span> <span class='ocrx_word' id='word_1_3' title='bbox 485 486 557 589; x_wconf 75' lang='lat' dir='ltr'>pu</span> <span class='ocrx_word' id='word_1_4' title='bbox 609 429 838 559; x_wconf 73' lang='lat' dir='ltr'>autumus</span> <span class='ocrx_word' id='word_1_5' title='bbox 887 488 1149 568; x_wconf 79' lang='lat' dir='ltr'>ouomosrss</span> <span class='ocrx_word' id='word_1_6' title='bbox 1197 489 1250 561; x_wconf 85' lang='lat' dir='ltr'>m</span> <span class='ocrx_word' id='word_1_7' title='bbox 1296 494 1411 581; x_wconf 77' lang='lat' dir='ltr'>Jvnr</span> <span class='ocrx_word' id='word_1_8' title='bbox 1460 483 1766 565; x_wconf 55' lang='lat' dir='ltr'>canonicos</span> <span class='ocrx_word' id='word_1_9' title='bbox 1842 500 1934 582; x_wconf 74' lang='lat'>&#39;32⁷</span> 
     </span>
    </p>
   </div>
   <div class='ocr_carea' id='block_1_2' title="bbox 348 677 1993 2459">
    <p class='ocr_par' dir='ltr' id='par_1_2' title="bbox 348 677 1993 2459">
     <span class='ocr_line' id='line_1_2' title="bbox 348 677 1918 782; baseline -0.01 -27"><span class='ocrx_word' id='word_1_10' title='bbox 348 680 480 780; x_wconf 81' lang='lat' dir='ltr'>guintir</span> <span class='ocrx_word' id='word_1_11' title='bbox 512 677 554 755; x_wconf 69' lang='lat' dir='ltr'>ss</span> <span class='ocrx_word' id='word_1_12' title='bbox 572 680 741 780; x_wconf 81' lang='lat' dir='ltr'>adfinibus</span> <span class='ocrx_word' id='word_1_13' title='bbox 763 680 876 756; x_wconf 82' lang='lat' dir='ltr'>debita</span> <span class='ocrx_word' id='word_1_14' title='bbox 895 685 944 782; x_wconf 83' lang='lat' dir='ltr'>stt</span> <span class='ocrx_word' id='word_1_15' title='bbox 967 680 1082 780; x_wconf 76' lang='lat' dir='ltr'>prassi-</span> <span class='ocrx_word' id='word_1_16' title='bbox 1156 701 1183 777; x_wconf 77' lang='grc' dir='ltr'>ς.</span> <span class='ocrx_word' id='word_1_17' title='bbox 1202 688 1461 771; x_wconf 81' lang='lat' dir='ltr'>cccxxxtx.</span> <span class='ocrx_word' id='word_1_18' title='bbox 1491 690 1653 781; x_wconf 66' lang='lat' dir='ltr'>sss.)·,Rs.</span> <span class='ocrx_word' id='word_1_19' title='bbox 1703 682 1779 758; x_wconf 80' lang='grc' dir='ltr'>ΙΙΙ.)</span> <span class='ocrx_word' id='word_1_20' title='bbox 1789 680 1918 774; x_wconf 77' lang='lat' dir='ltr'>statione</span> 
     </span>
     <span class='ocr_line' id='line_1_3' title="bbox 348 760 1915 881; baseline 0.004 -27"><span class='ocrx_word' id='word_1_21' title='bbox 348 783 425 856; x_wconf 70' lang='lat' dir='ltr'>&#39;onis</span> <span class='ocrx_word' id='word_1_22' title='bbox 437 780 717 875; x_wconf 80' lang='lat' dir='ltr'>fundamentum,</span> <span class='ocrx_word' id='word_1_23' title='bbox 742 805 778 853; x_wconf 91' lang='lat' dir='ltr'>ut</span> <span class='ocrx_word' id='word_1_24' title='bbox 804 780 1021 855; x_wconf 85' lang='lat' dir='ltr'>Bellarminus</span> <span class='ocrx_word' id='word_1_25' title='bbox 1046 788 1080 855; x_wconf 95' lang='lat' dir='ltr'>in</span> <span class='ocrx_word' id='word_1_26' title='bbox 1104 788 1654 881; x_wconf 71' lang='lat' dir='ltr'>tionecauja&#39;e&#39;sormasir.Prohibi-</span> <span class='ocrx_word' id='word_1_27' title='bbox 1726 760 1915 854; x_wconf 50' lang='lat' dir='ltr'>‘lusasfhr&#39;</span> 
     </span>
     <span class='ocr_line' id='line_1_4' title="bbox 348 846 1861 984; baseline 0.004 -30"><span class='ocrx_word' id='word_1_28' title='bbox 348 884 455 972; x_wconf 87' lang='lat' dir='ltr'>ocipio</span> <span class='ocrx_word' id='word_1_29' title='bbox 471 881 568 969; x_wconf 87' lang='lat' dir='ltr'>hujus</span> <span class='ocrx_word' id='word_1_30' title='bbox 589 877 704 973; x_wconf 84' lang='lat' dir='ltr'>c&#39;spitis</span> <span class='ocrx_word' id='word_1_31' title='bbox 728 888 818 954; x_wconf 71' lang='lat' dir='ltr'>reolo</span> <span class='ocrx_word' id='word_1_32' title='bbox 838 878 994 970; x_wconf 86' lang='lat' dir='ltr'>disputat.</span> <span class='ocrx_word' id='word_1_33' title='bbox 1047 886 1079 955; x_wconf 88' lang='lat' dir='ltr'>Si</span> <span class='ocrx_word' id='word_1_34' title='bbox 1103 885 1521 973; x_wconf 78' lang='lat' dir='ltr'>nonespontifieiedivinis</span> <span class='ocrx_word' id='word_1_35' title='bbox 1539 892 1656 984; x_wconf 88' lang='lat' dir='ltr'>probi·</span> <span class='ocrx_word' id='word_1_36' title='bbox 1762 846 1861 904; x_wconf 62' lang='lat' dir='ltr'>&#39;mm&#39;</span> 
     </span>
     <span class='ocr_line' id='line_1_5' title="bbox 348 976 1908 1075; baseline 0.005 -24"><span class='ocrx_word' id='word_1_37' title='bbox 348 983 453 1072; x_wconf 79' lang='lat' dir='ltr'>legem</span> <span class='ocrx_word' id='word_1_38' title='bbox 469 980 683 1070; x_wconf 73' lang='lat' dir='ltr'>generalem,</span> <span class='ocrx_word' id='word_1_39' title='bbox 709 986 788 1057; x_wconf 84' lang='lat' dir='ltr'>Les.</span> <span class='ocrx_word' id='word_1_40' title='bbox 804 978 934 1053; x_wconf 88' lang='lat' dir='ltr'>XVlll.</span> <span class='ocrx_word' id='word_1_41' title='bbox 952 985 986 1052; x_wconf 82' lang='lat'>6.</span> <span class='ocrx_word' id='word_1_42' title='bbox 1011 976 1080 1053; x_wconf 86' lang='lat' dir='ltr'>Ne·</span> <span class='ocrx_word' id='word_1_43' title='bbox 1104 983 1285 1055; x_wconf 81' lang='lat' dir='ltr'>bitionibus</span> <span class='ocrx_word' id='word_1_44' title='bbox 1312 1011 1551 1075; x_wconf 78' lang='lat' dir='ltr'>exaquantur,</span> <span class='ocrx_word' id='word_1_45' title='bbox 1582 995 1661 1061; x_wconf 91' lang='lat' dir='ltr'>dum</span> <span class='ocrx_word' id='word_1_46' title='bbox 1683 983 1755 1072; x_wconf 78' lang='lat' dir='ltr'>pori</span> <span class='ocrx_word' id='word_1_47' title='bbox 1773 982 1908 1070; x_wconf 73' lang='lat' dir='ltr'>,ratione</span> 
     </span>
     <span class='ocr_line' id='line_1_6' title="bbox 369 1077 1908 1177; baseline -0.001 -26"><span class='ocrx_word' id='word_1_48' title='bbox 369 1078 416 1151; x_wconf 88' lang='lat' dir='ltr'>ud</span> <span class='ocrx_word' id='word_1_49' title='bbox 443 1081 668 1175; x_wconf 68' lang='lat' dir='ltr'>propinquam</span> <span class='ocrx_word' id='word_1_50' title='bbox 697 1081 809 1151; x_wconf 84' lang='lat' dir='ltr'>caruis</span> <span class='ocrx_word' id='word_1_51' title='bbox 824 1077 898 1175; x_wconf 78' lang='lat' dir='ltr'>ssia</span> <span class='ocrx_word' id='word_1_52' title='bbox 918 1078 1078 1165; x_wconf 79' lang='lat' dir='ltr'><em>accedat,</em></span> <span class='ocrx_word' id='word_1_53' title='bbox 1104 1078 1313 1154; x_wconf 81' lang='lat' dir='ltr'>conscientias</span> <span class='ocrx_word' id='word_1_54' title='bbox 1328 1085 1480 1177; x_wconf 81' lang='lat' dir='ltr'>obligare</span> <span class='ocrx_word' id='word_1_55' title='bbox 1496 1091 1662 1173; x_wconf 88' lang='lat' dir='ltr'>dicuntur,</span> <span class='ocrx_word' id='word_1_56' title='bbox 1677 1109 1715 1153; x_wconf 88' lang='lat' dir='ltr'>ac</span> <span class='ocrx_word' id='word_1_57' title='bbox 1729 1087 1808 1151; x_wconf 92' lang='lat' dir='ltr'>dum</span> <span class='ocrx_word' id='word_1_58' title='bbox 1821 1105 1908 1168; x_wconf 83' lang='lat' dir='ltr'>pon-</span> 
     </span>
     <span class='ocr_line' id='line_1_7' title="bbox 348 1169 1906 1275; baseline 0.001 -25"><span class='ocrx_word' id='word_1_59' title='bbox 348 1175 466 1268; x_wconf 80' lang='lat' dir='ltr'>fogere</span> <span class='ocrx_word' id='word_1_60' title='bbox 483 1177 604 1258; x_wconf 83' lang='lat' dir='ltr'>velint,</span> <span class='ocrx_word' id='word_1_61' title='bbox 621 1173 875 1266; x_wconf 75' lang='lat' dir='ltr'>respondemus,</span> <span class='ocrx_word' id='word_1_62' title='bbox 902 1184 1013 1250; x_wconf 87' lang='lat' dir='ltr'>Deum</span> <span class='ocrx_word' id='word_1_63' title='bbox 1029 1182 1079 1267; x_wconf 90' lang='lat' dir='ltr'>ip·</span> <span class='ocrx_word' id='word_1_64' title='bbox 1104 1179 1184 1253; x_wconf 81' lang='lat' dir='ltr'>tifex</span> <span class='ocrx_word' id='word_1_65' title='bbox 1209 1185 1403 1271; x_wconf 85' lang='lat' dir='ltr'>potestatem</span> <span class='ocrx_word' id='word_1_66' title='bbox 1425 1169 1629 1275; x_wconf 76' lang='lat' dir='ltr'>dispensindi</span> <span class='ocrx_word' id='word_1_67' title='bbox 1653 1208 1719 1255; x_wconf 91' lang='lat' dir='ltr'>non</span> <span class='ocrx_word' id='word_1_68' title='bbox 1744 1176 1906 1249; x_wconf 86' lang='lat' dir='ltr'>salumin</span> 
     </span>
     <span class='ocr_line' id='line_1_8' title="bbox 348 1273 1993 1373; baseline 0.002 -30"><span class='ocrx_word' id='word_1_69' title='bbox 348 1273 521 1363; x_wconf 72' lang='lat' dir='ltr'>subinstis</span> <span class='ocrx_word' id='word_1_70' title='bbox 535 1281 633 1349; x_wconf 85' lang='lat' dir='ltr'>certis</span> <span class='ocrx_word' id='word_1_71' title='bbox 655 1281 820 1367; x_wconf 77' lang='lat' dir='ltr'>graduum</span> <span class='ocrx_word' id='word_1_72' title='bbox 839 1276 1005 1364; x_wconf 87' lang='lat' dir='ltr'>speciebus</span> <span class='ocrx_word' id='word_1_73' title='bbox 1019 1302 1078 1369; x_wconf 83' lang='lat' dir='ltr'>ge·</span> <span class='ocrx_word' id='word_1_74' title='bbox 1102 1300 1220 1367; x_wconf 86' lang='lat' dir='ltr'>quarto</span> <span class='ocrx_word' id='word_1_75' title='bbox 1244 1286 1383 1371; x_wconf 63' lang='lat' dir='ltr'>gradu3</span> <span class='ocrx_word' id='word_1_76' title='bbox 1421 1292 1514 1372; x_wconf 88' lang='lat' dir='ltr'>cujus</span> <span class='ocrx_word' id='word_1_77' title='bbox 1547 1283 1808 1373; x_wconf 87' lang='lat' dir='ltr'>prohibitionem</span> <span class='ocrx_word' id='word_1_78' title='bbox 1837 1275 1907 1366; x_wconf 84' lang='lat' dir='ltr'>ipse</span> <span class='ocrx_word' id='word_1_79' title='bbox 1990 1335 1993 1342; x_wconf 96' lang='lat'><em>.</em></span> 
     </span>
     <span class='ocr_line' id='line_1_9' title="bbox 348 1374 1906 1463; baseline 0.001 -17"><span class='ocrx_word' id='word_1_80' title='bbox 348 1374 426 1447; x_wconf 80' lang='lat' dir='ltr'>alens</span> <span class='ocrx_word' id='word_1_81' title='bbox 441 1375 533 1445; x_wconf 88' lang='lat' dir='ltr'>illam</span> <span class='ocrx_word' id='word_1_82' title='bbox 550 1374 811 1463; x_wconf 80' lang='lat' dir='ltr'>prohibitionem</span> <span class='ocrx_word' id='word_1_83' title='bbox 828 1374 1011 1463; x_wconf 79' lang='lat' dir='ltr'>explicasse.</span> <span class='ocrx_word' id='word_1_84' title='bbox 1045 1378 1078 1447; x_wconf 87' lang='lat' dir='ltr'>si</span> <span class='ocrx_word' id='word_1_85' title='bbox 1101 1379 1305 1462; x_wconf 86' lang='lat' dir='ltr'>introduxit,</span> <span class='ocrx_word' id='word_1_86' title='bbox 1320 1376 1372 1452; x_wconf 88' lang='lat' dir='ltr'>sed</span> <span class='ocrx_word' id='word_1_87' title='bbox 1389 1383 1489 1452; x_wconf 83' lang='lat' dir='ltr'>etism</span> <span class='ocrx_word' id='word_1_88' title='bbox 1508 1388 1543 1453; x_wconf 90' lang='lat' dir='ltr'>in</span> <span class='ocrx_word' id='word_1_89' title='bbox 1561 1380 1703 1454; x_wconf 87' lang='lat' dir='ltr'>secondo</span> <span class='ocrx_word' id='word_1_90' title='bbox 1719 1377 1812 1447; x_wconf 81' lang='lat' dir='ltr'>lineae</span> <span class='ocrx_word' id='word_1_91' title='bbox 1829 1381 1906 1447; x_wconf 75' lang='lat' dir='ltr'>ina·</span> 
     </span>
     <span class='ocr_line' id='line_1_10' title="bbox 348 1471 1905 1573; baseline -0.001 -27"><span class='ocrx_word' id='word_1_92' title='bbox 348 1474 669 1553; x_wconf 79' lang='lat' dir='ltr'>seenrii‘rorionem,</span> <span class='ocrx_word' id='word_1_93' title='bbox 708 1479 798 1560; x_wconf 88' lang='lat' dir='ltr'>quod</span> <span class='ocrx_word' id='word_1_94' title='bbox 833 1478 913 1569; x_wconf 82' lang='lat' dir='ltr'>quia</span> <span class='ocrx_word' id='word_1_95' title='bbox 940 1476 1012 1573; x_wconf 76' lang='lat' dir='ltr'>stus</span> <span class='ocrx_word' id='word_1_96' title='bbox 1041 1475 1076 1545; x_wconf 87' lang='lat' dir='ltr'>in</span> <span class='ocrx_word' id='word_1_97' title='bbox 1101 1477 1205 1563; x_wconf 86' lang='lat' dir='ltr'>qualis</span> <span class='ocrx_word' id='word_1_98' title='bbox 1222 1484 1328 1568; x_wconf 79' lang='lat' dir='ltr'>gradu</span> <span class='ocrx_word' id='word_1_99' title='bbox 1352 1480 1509 1551; x_wconf 82' lang='lat' dir='ltr'>divinitus</span> <span class='ocrx_word' id='word_1_100' title='bbox 1529 1478 1702 1570; x_wconf 87' lang='lat' dir='ltr'>prohibito</span> <span class='ocrx_word' id='word_1_101' title='bbox 1723 1471 1786 1548; x_wconf 78' lang='lat' dir='ltr'>sibi</span> <span class='ocrx_word' id='word_1_102' title='bbox 1813 1499 1905 1546; x_wconf 88' lang='lat' dir='ltr'>arro·</span> 
     </span>
     <span class='ocr_line' id='line_1_11' title="bbox 348 1568 1905 1667; baseline -0.001 -24"><span class='ocrx_word' id='word_1_103' title='bbox 348 1593 412 1643; x_wconf 83' lang='lat' dir='ltr'>sore</span> <span class='ocrx_word' id='word_1_104' title='bbox 443 1570 586 1643; x_wconf 83' lang='lat' dir='ltr'>surnano</span> <span class='ocrx_word' id='word_1_105' title='bbox 613 1582 757 1667; x_wconf 84' lang='lat' dir='ltr'>quatuor</span> <span class='ocrx_word' id='word_1_106' title='bbox 789 1573 965 1652; x_wconf 76' lang='lat' dir='ltr'>iustiores,</span> <span class='ocrx_word' id='word_1_107' title='bbox 1003 1568 1169 1663; x_wconf 74' lang='lat' dir='ltr'>iaeo&#39;gat.</span> <span class='ocrx_word' id='word_1_108' title='bbox 1222 1579 1269 1646; x_wconf 80' lang='lat' dir='ltr'>At</span> <span class='ocrx_word' id='word_1_109' title='bbox 1293 1572 1398 1648; x_wconf 84' lang='lat' dir='ltr'>abesse</span> <span class='ocrx_word' id='word_1_110' title='bbox 1422 1602 1441 1648; x_wconf 87' lang='lat' dir='ltr'>a</span> <span class='ocrx_word' id='word_1_111' title='bbox 1469 1577 1564 1649; x_wconf 85' lang='lat' dir='ltr'>nobis</span> <span class='ocrx_word' id='word_1_112' title='bbox 1588 1577 1687 1651; x_wconf 89' lang='lat' dir='ltr'>debet</span> <span class='ocrx_word' id='word_1_113' title='bbox 1709 1599 1808 1662; x_wconf 86' lang='lat' dir='ltr'>quam</span> <span class='ocrx_word' id='word_1_114' title='bbox 1831 1572 1905 1643; x_wconf 88' lang='lat' dir='ltr'>lon-</span> 
     </span>
     <span class='ocr_line' id='line_1_12' title="bbox 350 1669 1903 1770; baseline 0.001 -28"><span class='ocrx_word' id='word_1_115' title='bbox 350 1682 508 1768; x_wconf 83' lang='lat' dir='ltr'>quortum</span> <span class='ocrx_word' id='word_1_116' title='bbox 541 1694 638 1770; x_wconf 75' lang='lat' dir='ltr'>usque</span> <span class='ocrx_word' id='word_1_117' title='bbox 670 1671 814 1766; x_wconf 76' lang='lat' dir='ltr'>gradum</span> <span class='ocrx_word' id='word_1_118' title='bbox 849 1672 1075 1744; x_wconf 83' lang='lat' dir='ltr'>conuenienter</span> <span class='ocrx_word' id='word_1_119' title='bbox 1099 1669 1254 1761; x_wconf 82' lang='lat' dir='ltr'>giliime,</span> <span class='ocrx_word' id='word_1_120' title='bbox 1291 1697 1328 1744; x_wconf 87' lang='lat' dir='ltr'>ur</span> <span class='ocrx_word' id='word_1_121' title='bbox 1354 1670 1444 1747; x_wconf 89' lang='lat' dir='ltr'>hune</span> <span class='ocrx_word' id='word_1_122' title='bbox 1475 1676 1759 1748; x_wconf 83' lang='lat' dir='ltr'>antichristianum</span> <span class='ocrx_word' id='word_1_123' title='bbox 1785 1669 1903 1744; x_wconf 81' lang='lat' dir='ltr'>fanum</span> 
     </span>
     <span class='ocr_line' id='line_1_13' title="bbox 348 1768 1869 1867; baseline 0 -25"><span class='ocrx_word' id='word_1_124' title='bbox 348 1768 461 1844; x_wconf 79' lang='lat' dir='ltr'>&#39;ritino</span> <span class='ocrx_word' id='word_1_125' title='bbox 492 1773 715 1856; x_wconf 77' lang='lat' dir='ltr'>extendatur,</span> <span class='ocrx_word' id='word_1_126' title='bbox 748 1768 906 1857; x_wconf 86' lang='lat' dir='ltr'>proferre</span> <span class='ocrx_word' id='word_1_127' title='bbox 938 1771 1040 1842; x_wconf 82' lang='lat' dir='ltr'>velint</span> <span class='ocrx_word' id='word_1_128' title='bbox 1061 1822 1073 1853; x_wconf 90' lang='lat'>,</span> <span class='ocrx_word' id='word_1_129' title='bbox 1097 1771 1292 1857; x_wconf 73' lang='lat' dir='ltr'>probemus.</span> <span class='ocrx_word' id='word_1_130' title='bbox 1370 1776 1449 1867; x_wconf 74' lang='lat' dir='ltr'>lv.)</span> <span class='ocrx_word' id='word_1_131' title='bbox 1477 1772 1646 1863; x_wconf 73' lang='lat' dir='ltr'>Respesiu</span> <span class='ocrx_word' id='word_1_132' title='bbox 1863 1848 1869 1860; x_wconf 51' lang='grc'><em>,</em></span> 
     </span>
     <span class='ocr_line' id='line_1_14' title="bbox 348 1841 1902 1967; baseline 0.002 -27"><span class='ocrx_word' id='word_1_133' title='bbox 348 1870 488 1948; x_wconf 79' lang='lat' dir='ltr'>rexionis¹</span> <span class='ocrx_word' id='word_1_134' title='bbox 508 1870 679 1943; x_wconf 85' lang='lat' dir='ltr'>vinculum</span> <span class='ocrx_word' id='word_1_135' title='bbox 698 1869 792 1940; x_wconf 86' lang='lat' dir='ltr'>nobis</span> <span class='ocrx_word' id='word_1_136' title='bbox 816 1871 989 1941; x_wconf 77' lang='lat' dir='ltr'>usonslrori</span> <span class='ocrx_word' id='word_1_137' title='bbox 1013 1893 1073 1956; x_wconf 92' lang='lat' dir='ltr'>po·</span> <span class='ocrx_word' id='word_1_138' title='bbox 1100 1865 1210 1964; x_wconf 85' lang='lat' dir='ltr'>causae</span> <span class='ocrx_word' id='word_1_139' title='bbox 1232 1869 1366 1967; x_wconf 85' lang='lat' dir='ltr'>finalis.</span> <span class='ocrx_word' id='word_1_140' title='bbox 1441 1871 1639 1943; x_wconf 86' lang='lat' dir='ltr'>Prohibirio·</span> <span class='ocrx_word' id='word_1_141' title='bbox 1693 1841 1770 1915; x_wconf 60' lang='grc' dir='ltr'>Ν)</span> <span class='ocrx_word' id='word_1_142' title='bbox 1791 1843 1902 1932; x_wconf 54' lang='grc' dir='ltr'>ΜΨ·</span> 
     </span>
     <span class='ocr_line' id='line_1_15' title="bbox 348 1931 1962 2089; baseline 0 -49"><span class='ocrx_word' id='word_1_143' title='bbox 348 1969 477 2040; x_wconf 83' lang='lat' dir='ltr'>tbimur.</span> <span class='ocrx_word' id='word_1_144' title='bbox 531 1967 746 2040; x_wconf 81' lang='lat' dir='ltr'>Bellarminus</span> <span class='ocrx_word' id='word_1_145' title='bbox 776 1970 883 2052; x_wconf 87' lang='lat' dir='ltr'>dicis,</span> <span class='ocrx_word' id='word_1_146' title='bbox 914 1963 974 2063; x_wconf 65' lang='lat' dir='ltr'>asti</span> <span class='ocrx_word' id='word_1_147' title='bbox 999 1977 1073 2037; x_wconf 87' lang='lat' dir='ltr'>tan·</span> <span class='ocrx_word' id='word_1_148' title='bbox 1096 1989 1155 2038; x_wconf 87' lang='lat' dir='ltr'>nes</span> <span class='ocrx_word' id='word_1_149' title='bbox 1176 1966 1355 2057; x_wconf 79' lang='lat' dir='ltr'>pontificia</span> <span class='ocrx_word' id='word_1_150' title='bbox 1382 1962 1533 2055; x_wconf 60' lang='lat' dir='ltr'>spec-*tant</span> <span class='ocrx_word' id='word_1_151' title='bbox 1562 1995 1641 2040; x_wconf 88' lang='lat' dir='ltr'>con·</span> <span class='ocrx_word' id='word_1_152' title='bbox 1720 1931 1913 2089; x_wconf 42' lang='lat' dir='ltr'>mfiffifff</span> <span class='ocrx_word' id='word_1_153' title='bbox 1958 2021 1962 2026; x_wconf 88' lang='lat'><em>-</em></span> 
     </span>
     <span class='ocr_line' id='line_1_16' title="bbox 364 2063 1643 2164; baseline -0.001 -27"><span class='ocrx_word' id='word_1_154' title='bbox 364 2070 617 2164; x_wconf 83' lang='lat' dir='ltr'>congruentiam</span> <span class='ocrx_word' id='word_1_155' title='bbox 642 2064 845 2161; x_wconf 81' lang='lat' dir='ltr'>quamdam,</span> <span class='ocrx_word' id='word_1_156' title='bbox 871 2089 937 2146; x_wconf 87' lang='lat' dir='ltr'>nau</span> <span class='ocrx_word' id='word_1_157' title='bbox 962 2076 1072 2137; x_wconf 83' lang='lat' dir='ltr'>tamen</span> <span class='ocrx_word' id='word_1_158' title='bbox 1098 2063 1318 2138; x_wconf 84' lang='lat' dir='ltr'>firmationem</span> <span class='ocrx_word' id='word_1_159' title='bbox 1339 2065 1465 2153; x_wconf 85' lang='lat' dir='ltr'>papalis</span> <span class='ocrx_word' id='word_1_160' title='bbox 1480 2071 1643 2154; x_wconf 86' lang='lat' dir='ltr'>primatus</span> 
     </span>
     <span class='ocr_line' id='line_1_17' title="bbox 349 2159 1940 2262; baseline 0 -25"><span class='ocrx_word' id='word_1_161' title='bbox 349 2162 822 2262; x_wconf 74' lang='lat' dir='ltr'>tuns,sedpianeplrystcam.</span> <span class='ocrx_word' id='word_1_162' title='bbox 882 2160 1071 2260; x_wconf 73' lang='lat' dir='ltr'>Quiaenim</span> <span class='ocrx_word' id='word_1_163' title='bbox 1098 2163 1305 2250; x_wconf 66' lang='lat' dir='ltr'>inecclesis,</span> <span class='ocrx_word' id='word_1_164' title='bbox 1346 2176 1381 2237; x_wconf 74' lang='lat' dir='ltr'>dt</span> <span class='ocrx_word' id='word_1_165' title='bbox 1412 2159 1486 2235; x_wconf 89' lang='lat' dir='ltr'>sunt</span> <span class='ocrx_word' id='word_1_166' title='bbox 1511 2165 1900 2253; x_wconf 72' lang='lat' dir='ltr'>aucuriapecuniaru‘m.</span> <span class='ocrx_word' id='word_1_167' title='bbox 1935 2197 1940 2207; x_wconf 94' lang='lat'>·</span> 
     </span>
     <span class='ocr_line' id='line_1_18' title="bbox 350 2255 1939 2363; baseline -0.001 -26"><span class='ocrx_word' id='word_1_168' title='bbox 350 2287 372 2337; x_wconf 92' lang='lat' dir='ltr'>o</span> <span class='ocrx_word' id='word_1_169' title='bbox 394 2277 602 2361; x_wconf 82' lang='lat' dir='ltr'>torquatum</span> <span class='ocrx_word' id='word_1_170' title='bbox 623 2266 798 2335; x_wconf 76' lang='lat' dir='ltr'>astruentis</span> <span class='ocrx_word' id='word_1_171' title='bbox 817 2269 960 2363; x_wconf 70' lang='lat' dir='ltr'>constat,</span> <span class='ocrx_word' id='word_1_172' title='bbox 982 2262 1074 2335; x_wconf 86' lang='lat' dir='ltr'>cassi·</span> <span class='ocrx_word' id='word_1_173' title='bbox 1099 2255 1230 2355; x_wconf 85' lang='lat' dir='ltr'>Figunt</span> <span class='ocrx_word' id='word_1_174' title='bbox 1260 2263 1349 2332; x_wconf 85' lang='lat' dir='ltr'>enim</span> <span class='ocrx_word' id='word_1_175' title='bbox 1376 2257 1465 2354; x_wconf 85' lang='lat' dir='ltr'>seges</span> <span class='ocrx_word' id='word_1_176' title='bbox 1493 2265 1603 2359; x_wconf 84' lang='lat' dir='ltr'>pretio</span> <span class='ocrx_word' id='word_1_177' title='bbox 1632 2274 1728 2356; x_wconf 79' lang='lat' dir='ltr'>utque</span> <span class='ocrx_word' id='word_1_178' title='bbox 1754 2264 1902 2359; x_wconf 76' lang='lat' dir='ltr'>refigunt</span> <span class='ocrx_word' id='word_1_179' title='bbox 1937 2291 1939 2296; x_wconf 77' lang='grc'><strong>’</strong></span> 
     </span>
     <span class='ocr_line' id='line_1_19' title="bbox 352 2359 1900 2459; baseline -0.001 -23"><span class='ocrx_word' id='word_1_180' title='bbox 352 2362 534 2436; x_wconf 83' lang='lat' dir='ltr'>admodum</span> <span class='ocrx_word' id='word_1_181' title='bbox 587 2362 830 2459; x_wconf 74' lang='lat' dir='ltr'>probabiliter,</span> <span class='ocrx_word' id='word_1_182' title='bbox 881 2365 916 2434; x_wconf 91' lang='lat' dir='ltr'>in</span> <span class='ocrx_word' id='word_1_183' title='bbox 954 2372 1073 2457; x_wconf 86' lang='lat' dir='ltr'>quarto</span> <span class='ocrx_word' id='word_1_184' title='bbox 1100 2362 1255 2431; x_wconf 82' lang='lat' dir='ltr'>Rotnani·</span> <span class='ocrx_word' id='word_1_185' title='bbox 1273 2359 1322 2430; x_wconf 89' lang='lat' dir='ltr'>illi</span> <span class='ocrx_word' id='word_1_186' title='bbox 1348 2361 1478 2432; x_wconf 85' lang='lat' dir='ltr'>deaslri.</span> <span class='ocrx_word' id='word_1_187' title='bbox 1530 2368 1569 2432; x_wconf 89' lang='lat' dir='ltr'>ln</span> <span class='ocrx_word' id='word_1_188' title='bbox 1594 2362 1740 2432; x_wconf 90' lang='lat' dir='ltr'>concilio</span> <span class='ocrx_word' id='word_1_189' title='bbox 1763 2367 1900 2449; x_wconf 87' lang='lat' dir='ltr'>quidem</span> 
     </span>
    </p>
   </div>
   <div class='ocr_carea' id='block_1_3' title="bbox 348 2435 2117 2559">
    <p class='ocr_par' dir='ltr' id='par_1_3' title="bbox 348 2435 2117 2559">
     <span class='ocr_line' id='line_1_20' title="bbox 348 2435 2117 2559; baseline -0.002 -23"><span class='ocrx_word' id='word_1_190' title='bbox 348 2461 542 2559; x_wconf 75' lang='lat' dir='ltr'>superitur</span> <span class='ocrx_word' id='word_1_191' title='bbox 566 2461 793 2559; x_wconf 74' lang='lat' dir='ltr'>deficeremus</span> <span class='ocrx_word' id='word_1_192' title='bbox 819 2452 1075 2555; x_wconf 80' lang='lat' dir='ltr'>islamsangui-</span> <span class='ocrx_word' id='word_1_193' title='bbox 1099 2448 1297 2529; x_wconf 87' lang='lat' dir='ltr'>Tridentino</span> <span class='ocrx_word' id='word_1_194' title='bbox 1321 2452 1539 2531; x_wconf 79' lang='lat' dir='ltr'>sessXXlV.</span> <span class='ocrx_word' id='word_1_195' title='bbox 1568 2483 1684 2530; x_wconf 88' lang='lat' dir='ltr'>canon.</span> <span class='ocrx_word' id='word_1_196' title='bbox 1708 2468 1744 2544; x_wconf 79' lang='lat'>5.&#39;</span> <span class='ocrx_word' id='word_1_197' title='bbox 1776 2466 1817 2532; x_wconf 90' lang='lat' dir='ltr'>de</span> <span class='ocrx_word' id='word_1_198' title='bbox 1843 2485 1900 2534; x_wconf 88' lang='lat' dir='ltr'>re·</span> <span class='ocrx_word' id='word_1_199' title='bbox 2007 2481 2011 2488; x_wconf 88' lang='grc'><em>·</em></span> <span class='ocrx_word' id='word_1_200' title='bbox 2061 2460 2066 2469; x_wconf 91' lang='grc'>’</span> <span class='ocrx_word' id='word_1_201' title='bbox 2111 2435 2117 2448; x_wconf 47' lang='grc'>’</span> 
     </span>
    </p>
   </div>
   <div class='ocr_carea' id='block_1_4' title="bbox 347 2553 1991 5192">
    <p class='ocr_par' dir='ltr' id='par_1_4' title="bbox 347 2553 1991 5192">
     <span class='ocr_line' id='line_1_21' title="bbox 348 2553 1971 2659; baseline -0.002 -24"><span class='ocrx_word' id='word_1_202' title='bbox 348 2562 505 2659; x_wconf 77' lang='lat' dir='ltr'>ejusdem,</span> <span class='ocrx_word' id='word_1_203' title='bbox 530 2584 602 2656; x_wconf 78' lang='lat' dir='ltr'>qua</span> <span class='ocrx_word' id='word_1_204' title='bbox 621 2584 643 2631; x_wconf 93' lang='lat' dir='ltr'>a</span> <span class='ocrx_word' id='word_1_205' title='bbox 663 2562 773 2655; x_wconf 80' lang='lat' dir='ltr'>primo</span> <span class='ocrx_word' id='word_1_206' title='bbox 782 2562 898 2659; x_wconf 78' lang='lat' dir='ltr'>stipite</span> <span class='ocrx_word' id='word_1_207' title='bbox 913 2560 1075 2631; x_wconf 78' lang='lat' dir='ltr'>trabitur.-</span> <span class='ocrx_word' id='word_1_208' title='bbox 1099 2553 1231 2625; x_wconf 78' lang='lat' dir='ltr'>format.</span> <span class='ocrx_word' id='word_1_209' title='bbox 1249 2557 1435 2626; x_wconf 85' lang='lat' dir='ltr'>matrimon.</span> <span class='ocrx_word' id='word_1_210' title='bbox 1454 2555 1634 2654; x_wconf 77' lang='lat' dir='ltr'>staturum,</span> <span class='ocrx_word' id='word_1_211' title='bbox 1658 2560 1750 2644; x_wconf 86' lang='lat' dir='ltr'>quod</span> <span class='ocrx_word' id='word_1_212' title='bbox 1766 2557 1802 2628; x_wconf 89' lang='lat' dir='ltr'>in</span> <span class='ocrx_word' id='word_1_213' title='bbox 1819 2579 1898 2632; x_wconf 83' lang='lat' dir='ltr'>con·</span> <span class='ocrx_word' id='word_1_214' title='bbox 1968 2589 1971 2594; x_wconf 92' lang='lat'>·</span> 
     </span>
     <span class='ocr_line' id='line_1_22' title="bbox 348 2649 1894 2750; baseline -0.001 -18"><span class='ocrx_word' id='word_1_215' title='bbox 348 2664 462 2750; x_wconf 75' lang='lat' dir='ltr'>quidni</span> <span class='ocrx_word' id='word_1_216' title='bbox 485 2664 584 2731; x_wconf 87' lang='lat' dir='ltr'>etiam</span> <span class='ocrx_word' id='word_1_217' title='bbox 605 2686 644 2730; x_wconf 83' lang='lat' dir='ltr'>ex</span> <span class='ocrx_word' id='word_1_218' title='bbox 666 2667 891 2730; x_wconf 86' lang='lat' dir='ltr'>Bonavenrura</span> <span class='ocrx_word' id='word_1_219' title='bbox 909 2662 1071 2735; x_wconf 82' lang='lat' dir='ltr'>addimus,</span> <span class='ocrx_word' id='word_1_220' title='bbox 1097 2649 1269 2726; x_wconf 71' lang='lat' dir='ltr'>trahendis</span> <span class='ocrx_word' id='word_1_221' title='bbox 1302 2654 1531 2730; x_wconf 80' lang='lat' dir='ltr'>matrimoniis</span> <span class='ocrx_word' id='word_1_222' title='bbox 1559 2657 1613 2728; x_wconf 82' lang='lat' dir='ltr'>ves</span> <span class='ocrx_word' id='word_1_223' title='bbox 1638 2655 1729 2728; x_wconf 80' lang='lat' dir='ltr'>nulla</span> <span class='ocrx_word' id='word_1_224' title='bbox 1758 2658 1894 2730; x_wconf 85' lang='lat' dir='ltr'>omniuo</span> 
     </span>
     <span class='ocr_line' id='line_1_23' title="bbox 348 2749 1896 2848; baseline -0.002 -17"><span class='ocrx_word' id='word_1_225' title='bbox 348 2784 488 2848; x_wconf 72' lang='lat' dir='ltr'>corpus</span> <span class='ocrx_word' id='word_1_226' title='bbox 505 2757 605 2829; x_wconf 86' lang='lat' dir='ltr'>habet</span> <span class='ocrx_word' id='word_1_227' title='bbox 624 2783 764 2844; x_wconf 85' lang='lat' dir='ltr'>quatuor</span> <span class='ocrx_word' id='word_1_228' title='bbox 781 2757 982 2828; x_wconf 78' lang='lat' dir='ltr'>humores&amp;</span> <span class='ocrx_word' id='word_1_229' title='bbox 1000 2761 1070 2825; x_wconf 88' lang='lat' dir='ltr'>ani·</span> <span class='ocrx_word' id='word_1_230' title='bbox 1094 2750 1174 2823; x_wconf 80' lang='lat' dir='ltr'>dari</span> <span class='ocrx_word' id='word_1_231' title='bbox 1203 2751 1321 2824; x_wconf 83' lang='lat' dir='ltr'>debeat</span> <span class='ocrx_word' id='word_1_232' title='bbox 1351 2749 1578 2846; x_wconf 65' lang='lat' dir='ltr'>dispensatio,</span> <span class='ocrx_word' id='word_1_233' title='bbox 1605 2753 1660 2826; x_wconf 84' lang='lat' dir='ltr'>uel</span> <span class='ocrx_word' id='word_1_234' title='bbox 1681 2776 1782 2837; x_wconf 80' lang='lat' dir='ltr'>raro,</span> <span class='ocrx_word' id='word_1_235' title='bbox 1806 2778 1896 2828; x_wconf 70' lang='lat' dir='ltr'>eam⁴</span> 
     </span>
     <span class='ocr_line' id='line_1_24' title="bbox 347 2846 1949 2947; baseline -0.001 -20"><span class='ocrx_word' id='word_1_236' title='bbox 347 2859 844 2944; x_wconf 67' lang='lat' dir='ltr'>resporentianquaeconjundca</span> <span class='ocrx_word' id='word_1_237' title='bbox 858 2852 982 2934; x_wconf 84' lang='lat' dir='ltr'>faciunt</span> <span class='ocrx_word' id='word_1_238' title='bbox 998 2851 1070 2943; x_wconf 85' lang='lat' dir='ltr'>sep·</span> <span class='ocrx_word' id='word_1_239' title='bbox 1094 2874 1154 2943; x_wconf 83' lang='lat' dir='ltr'>que</span> <span class='ocrx_word' id='word_1_240' title='bbox 1173 2873 1217 2922; x_wconf 84' lang='lat' dir='ltr'>ex</span> <span class='ocrx_word' id='word_1_241' title='bbox 1237 2848 1336 2945; x_wconf 88' lang='lat' dir='ltr'>causa</span> <span class='ocrx_word' id='word_1_242' title='bbox 1357 2846 1397 2921; x_wconf 65' lang='lat' dir='ltr'>ss</span> <span class='ocrx_word' id='word_1_243' title='bbox 1417 2853 1530 2944; x_wconf 74' lang='lat' dir='ltr'>gratis</span> <span class='ocrx_word' id='word_1_244' title='bbox 1545 2848 1605 2947; x_wconf 79' lang='lat' dir='ltr'>effe</span> <span class='ocrx_word' id='word_1_245' title='bbox 1627 2853 1891 2943; x_wconf 85' lang='lat' dir='ltr'>concedendam,</span> <span class='ocrx_word' id='word_1_246' title='bbox 1947 2933 1949 2938; x_wconf 58' lang='grc'><em>,</em></span> 
     </span>
     <span class='ocr_line' id='line_1_25' title="bbox 348 2947 1891 3046; baseline -0.004 -15"><span class='ocrx_word' id='word_1_247' title='bbox 348 2955 482 3031; x_wconf 77' lang='lat' dir='ltr'>‚ideoin</span> <span class='ocrx_word' id='word_1_248' title='bbox 497 2950 1078 3046; x_wconf 64' lang='lat' dir='ltr'>septimodemmngraduvimillam,</span> <span class='ocrx_word' id='word_1_249' title='bbox 1094 2949 1129 3019; x_wconf 92' lang='lat' dir='ltr'>in</span> <span class='ocrx_word' id='word_1_250' title='bbox 1142 2947 1285 3041; x_wconf 27' lang='lat' dir='ltr'>‘ricaudo</span> <span class='ocrx_word' id='word_1_251' title='bbox 1305 2947 1417 3044; x_wconf 83' lang='lat' dir='ltr'>gradu</span> <span class='ocrx_word' id='word_1_252' title='bbox 1437 2972 1604 3045; x_wconf 82' lang='lat' dir='ltr'>uunquam</span> <span class='ocrx_word' id='word_1_253' title='bbox 1623 2950 1891 3046; x_wconf 75' lang='lat' dir='ltr'>dispensandum,</span> 
     </span>
     <span class='ocr_line' id='line_1_26' title="bbox 348 3046 1892 3145; baseline -0.001 -19"><span class='ocrx_word' id='word_1_254' title='bbox 348 3056 438 3126; x_wconf 88' lang='lat' dir='ltr'>uinis</span> <span class='ocrx_word' id='word_1_255' title='bbox 455 3050 616 3124; x_wconf 74' lang='lat' dir='ltr'>deficeres</span> <span class='ocrx_word' id='word_1_256' title='bbox 641 3055 672 3120; x_wconf 86' lang='lat' dir='ltr'>Si</span> <span class='ocrx_word' id='word_1_257' title='bbox 692 3055 724 3119; x_wconf 89' lang='lat' dir='ltr'>in</span> <span class='ocrx_word' id='word_1_258' title='bbox 749 3072 866 3135; x_wconf 83' lang='lat' dir='ltr'>quarto</span> <span class='ocrx_word' id='word_1_259' title='bbox 890 3052 1001 3140; x_wconf 83' lang='lat' dir='ltr'>gradu</span> <span class='ocrx_word' id='word_1_260' title='bbox 1020 3051 1068 3118; x_wconf 87' lang='lat' dir='ltr'>vis</span> <span class='ocrx_word' id='word_1_261' title='bbox 1092 3047 1156 3145; x_wconf 79' lang='lat' dir='ltr'>nist</span> <span class='ocrx_word' id='word_1_262' title='bbox 1176 3050 1264 3121; x_wconf 84' lang='lat' dir='ltr'>inter</span> <span class='ocrx_word' id='word_1_263' title='bbox 1293 3069 1439 3142; x_wconf 80' lang='lat' dir='ltr'>magnos</span> <span class='ocrx_word' id='word_1_264' title='bbox 1454 3047 1622 3143; x_wconf 75' lang='lat' dir='ltr'>principer</span> <span class='ocrx_word' id='word_1_265' title='bbox 1654 3046 1695 3121; x_wconf 64' lang='lat' dir='ltr'>ss</span> <span class='ocrx_word' id='word_1_266' title='bbox 1718 3049 1892 3144; x_wconf 77' lang='lat' dir='ltr'>publicam</span> 
     </span>
     <span class='ocr_line' id='line_1_27' title="bbox 351 3144 1891 3242; baseline 0 -19"><span class='ocrx_word' id='word_1_267' title='bbox 351 3149 559 3242; x_wconf 78' lang='lat' dir='ltr'>sanguiniso</span> <span class='ocrx_word' id='word_1_268' title='bbox 586 3151 695 3237; x_wconf 85' lang='lat' dir='ltr'>stipite</span> <span class='ocrx_word' id='word_1_269' title='bbox 708 3144 906 3218; x_wconf 84' lang='lat' dir='ltr'>descendens</span> <span class='ocrx_word' id='word_1_270' title='bbox 929 3144 1067 3231; x_wconf 77' lang='lat' dir='ltr'>delicit,</span> <span class='ocrx_word' id='word_1_271' title='bbox 1091 3144 1236 3237; x_wconf 60' lang='lat' dir='ltr'>causam.</span> <span class='ocrx_word' id='word_1_272' title='bbox 1304 3149 1366 3218; x_wconf 85' lang='lat' dir='ltr'>Sed</span> <span class='ocrx_word' id='word_1_273' title='bbox 1395 3149 1504 3234; x_wconf 83' lang='lat' dir='ltr'>praxis</span> <span class='ocrx_word' id='word_1_274' title='bbox 1531 3148 1689 3229; x_wconf 86' lang='lat' dir='ltr'>ostendit,</span> <span class='ocrx_word' id='word_1_275' title='bbox 1713 3146 1891 3235; x_wconf 82' lang='lat' dir='ltr'>plumbum</span> 
     </span>
     <span class='ocr_line' id='line_1_28' title="bbox 348 3239 1891 3338; baseline 0.001 -19"><span class='ocrx_word' id='word_1_276' title='bbox 348 3274 377 3322; x_wconf 86' lang='lat' dir='ltr'>se</span> <span class='ocrx_word' id='word_1_277' title='bbox 401 3243 663 3338; x_wconf 75' lang='lat' dir='ltr'>consanguinitas</span> <span class='ocrx_word' id='word_1_278' title='bbox 688 3241 935 3316; x_wconf 77' lang='lat' dir='ltr'>matrimonium</span> <span class='ocrx_word' id='word_1_279' title='bbox 960 3248 1065 3332; x_wconf 88' lang='lat' dir='ltr'>impe·</span> <span class='ocrx_word' id='word_1_280' title='bbox 1089 3243 1215 3333; x_wconf 85' lang='lat' dir='ltr'>papalis</span> <span class='ocrx_word' id='word_1_281' title='bbox 1232 3239 1477 3334; x_wconf 59' lang='lat' dir='ltr'>distsens&#39;etiouis</span> <span class='ocrx_word' id='word_1_282' title='bbox 1493 3268 1576 3316; x_wconf 82' lang='lat' dir='ltr'>euro</span> <span class='ocrx_word' id='word_1_283' title='bbox 1597 3242 1693 3318; x_wconf 83' lang='lat' dir='ltr'>facile</span> <span class='ocrx_word' id='word_1_284' title='bbox 1716 3248 1891 3335; x_wconf 80' lang='lat' dir='ltr'>impetrari</span> 
     </span>
     <span class='ocr_line' id='line_1_29' title="bbox 348 3339 1880 3434; baseline -0.003 -16"><span class='ocrx_word' id='word_1_285' title='bbox 348 3375 359 3418; x_wconf 89' lang='lat' dir='ltr'>s</span> <span class='ocrx_word' id='word_1_286' title='bbox 383 3344 500 3430; x_wconf 86' lang='lat' dir='ltr'>cessat,</span> <span class='ocrx_word' id='word_1_287' title='bbox 523 3372 583 3416; x_wconf 88' lang='lat' dir='ltr'>cur</span> <span class='ocrx_word' id='word_1_288' title='bbox 601 3347 636 3413; x_wconf 90' lang='lat' dir='ltr'>in</span> <span class='ocrx_word' id='word_1_289' title='bbox 658 3345 742 3414; x_wconf 84' lang='lat' dir='ltr'>linea</span> <span class='ocrx_word' id='word_1_290' title='bbox 765 3347 854 3413; x_wconf 71' lang='lat' dir='ltr'>ressa</span> <span class='ocrx_word' id='word_1_291' title='bbox 881 3340 1064 3433; x_wconf 77' lang='lat' dir='ltr'>prohibitio</span> <span class='ocrx_word' id='word_1_292' title='bbox 1090 3339 1191 3434; x_wconf 77' lang='lat' dir='ltr'>posse.</span> <span class='ocrx_word' id='word_1_293' title='bbox 1874 3371 1880 3380; x_wconf 76' lang='grc'>’</span> 
     </span>
     <span class='ocr_line' id='line_1_30' title="bbox 351 3433 1884 3545; baseline -0.006 -28"><span class='ocrx_word' id='word_1_294' title='bbox 351 3450 388 3517; x_wconf 90' lang='lat' dir='ltr'>in</span> <span class='ocrx_word' id='word_1_295' title='bbox 404 3468 522 3533; x_wconf 84' lang='lat' dir='ltr'>quarto</span> <span class='ocrx_word' id='word_1_296' title='bbox 539 3446 644 3534; x_wconf 82' lang='lat' dir='ltr'>gradu</span> <span class='ocrx_word' id='word_1_297' title='bbox 664 3445 879 3520; x_wconf 82' lang='lat' dir='ltr'>terminatur,</span> <span class='ocrx_word' id='word_1_298' title='bbox 905 3437 957 3510; x_wconf 88' lang='lat' dir='ltr'>sed</span> <span class='ocrx_word' id='word_1_299' title='bbox 972 3444 1065 3508; x_wconf 91' lang='lat' dir='ltr'>inin·</span> <span class='ocrx_word' id='word_1_300' title='bbox 1154 3450 1183 3526; x_wconf 67' lang='lat' dir='ltr'>ss.</span> <span class='ocrx_word' id='word_1_301' title='bbox 1206 3440 1374 3511; x_wconf 81' lang='lat' dir='ltr'><strong>CCCXL.</strong></span> <span class='ocrx_word' id='word_1_302' title='bbox 1422 3439 1534 3524; x_wconf 81' lang='lat' dir='ltr'>Atque</span> <span class='ocrx_word' id='word_1_303' title='bbox 1557 3433 1628 3508; x_wconf 76' lang='lat' dir='ltr'>hae</span> <span class='ocrx_word' id='word_1_304' title='bbox 1697 3459 1747 3522; x_wconf 57' lang='grc' dir='ltr'>Ι),</span> <span class='ocrx_word' id='word_1_305' title='bbox 1768 3464 1884 3545; x_wconf 54' lang='lat' dir='ltr'>regibus</span> 
     </span>
     <span class='ocr_line' id='line_1_31' title="bbox 348 3535 1875 3632; baseline -0.008 -14"><span class='ocrx_word' id='word_1_306' title='bbox 348 3571 396 3618; x_wconf 88' lang='lat' dir='ltr'>un</span> <span class='ocrx_word' id='word_1_307' title='bbox 417 3546 622 3632; x_wconf 64' lang='lat' dir='ltr'>extenditur?</span> <span class='ocrx_word' id='word_1_308' title='bbox 648 3544 680 3609; x_wconf 82' lang='lat' dir='ltr'>Si</span> <span class='ocrx_word' id='word_1_309' title='bbox 700 3544 734 3610; x_wconf 86' lang='lat' dir='ltr'>in</span> <span class='ocrx_word' id='word_1_310' title='bbox 753 3562 868 3624; x_wconf 77' lang='lat' dir='ltr'>quanto</span> <span class='ocrx_word' id='word_1_311' title='bbox 884 3544 990 3627; x_wconf 82' lang='lat' dir='ltr'>gradu</span> <span class='ocrx_word' id='word_1_312' title='bbox 1004 3562 1063 3623; x_wconf 91' lang='lat' dir='ltr'>pe·</span> <span class='ocrx_word' id='word_1_313' title='bbox 1087 3540 1129 3609; x_wconf 85' lang='lat' dir='ltr'>de</span> <span class='ocrx_word' id='word_1_314' title='bbox 1149 3535 1454 3627; x_wconf 82' lang='lat' dir='ltr'>prohibitionibus</span> <span class='ocrx_word' id='word_1_315' title='bbox 1471 3540 1551 3620; x_wconf 86' lang='lat' dir='ltr'>juris</span> <span class='ocrx_word' id='word_1_316' title='bbox 1576 3557 1632 3607; x_wconf 81' lang='lat' dir='ltr'>ca·</span> <span class='ocrx_word' id='word_1_317' title='bbox 1681 3539 1875 3607; x_wconf 81' lang='lat' dir='ltr'>Graecorum.</span> 
     </span>
     <span class='ocr_line' id='line_1_32' title="bbox 348 3633 1628 3726; baseline -0.005 -16"><span class='ocrx_word' id='word_1_318' title='bbox 348 3639 480 3712; x_wconf 74' lang='lat' dir='ltr'>:deficit</span> <span class='ocrx_word' id='word_1_319' title='bbox 498 3644 546 3711; x_wconf 81' lang='lat' dir='ltr'>uis</span> <span class='ocrx_word' id='word_1_320' title='bbox 566 3641 674 3709; x_wconf 85' lang='lat' dir='ltr'>omnis</span> <span class='ocrx_word' id='word_1_321' title='bbox 700 3633 861 3726; x_wconf 83' lang='lat' dir='ltr'>sanguinis</span> <span class='ocrx_word' id='word_1_322' title='bbox 885 3646 981 3723; x_wconf 81' lang='lat' dir='ltr'>ejus,</span> <span class='ocrx_word' id='word_1_323' title='bbox 1004 3638 1060 3722; x_wconf 87' lang='lat' dir='ltr'>qui</span> <span class='ocrx_word' id='word_1_324' title='bbox 1088 3638 1198 3705; x_wconf 86' lang='lat' dir='ltr'>nonici</span> <span class='ocrx_word' id='word_1_325' title='bbox 1214 3633 1274 3703; x_wconf 87' lang='lat' dir='ltr'>srnt</span> <span class='ocrx_word' id='word_1_326' title='bbox 1290 3637 1387 3704; x_wconf 76' lang='lat' dir='ltr'>disis.</span> <span class='ocrx_word' id='word_1_327' title='bbox 1438 3633 1527 3723; x_wconf 88' lang='lat' dir='ltr'>Quia</span> <span class='ocrx_word' id='word_1_328' title='bbox 1547 3657 1628 3704; x_wconf 88' lang='lat' dir='ltr'>veto</span> 
     </span>
     <span class='ocr_line' id='line_1_33' title="bbox 348 3726 1888 3825; baseline 0.001 -15"><span class='ocrx_word' id='word_1_329' title='bbox 348 3743 415 3811; x_wconf 90' lang='lat' dir='ltr'>imo</span> <span class='ocrx_word' id='word_1_330' title='bbox 430 3741 539 3825; x_wconf 84' lang='lat' dir='ltr'>stipite</span> <span class='ocrx_word' id='word_1_331' title='bbox 555 3733 714 3818; x_wconf 83' lang='lat' dir='ltr'>trahitur,</span> <span class='ocrx_word' id='word_1_332' title='bbox 740 3759 799 3803; x_wconf 87' lang='lat' dir='ltr'>cur</span> <span class='ocrx_word' id='word_1_333' title='bbox 820 3730 991 3822; x_wconf 80' lang='lat' dir='ltr'>pontifices</span> <span class='ocrx_word' id='word_1_334' title='bbox 1005 3759 1062 3802; x_wconf 87' lang='lat' dir='ltr'>an·</span> <span class='ocrx_word' id='word_1_335' title='bbox 1086 3734 1235 3805; x_wconf 84' lang='lat' dir='ltr'>Colixtus</span> <span class='ocrx_word' id='word_1_336' title='bbox 1259 3749 1419 3820; x_wconf 82' lang='lat' dir='ltr'>prouocet</span> <span class='ocrx_word' id='word_1_337' title='bbox 1438 3754 1505 3800; x_wconf 91' lang='lat' dir='ltr'>nun</span> <span class='ocrx_word' id='word_1_338' title='bbox 1527 3726 1634 3803; x_wconf 84' lang='lat' dir='ltr'>solum</span> <span class='ocrx_word' id='word_1_339' title='bbox 1653 3738 1693 3805; x_wconf 86' lang='lat' dir='ltr'>sd</span> <span class='ocrx_word' id='word_1_340' title='bbox 1715 3734 1888 3812; x_wconf 85' lang='lat' dir='ltr'>Romano·</span> 
     </span>
     <span class='ocr_line' id='line_1_34' title="bbox 348 3822 1887 3935; baseline 0 -26"><span class='ocrx_word' id='word_1_341' title='bbox 348 3839 542 3910; x_wconf 77' lang='lat' dir='ltr'>nocentium</span> <span class='ocrx_word' id='word_1_342' title='bbox 561 3839 780 3905; x_wconf 81' lang='lat' dir='ltr'>extenderunt</span> <span class='ocrx_word' id='word_1_343' title='bbox 800 3831 1070 3920; x_wconf 72' lang='lat' dir='ltr'>prohibitionem⁴</span> <span class='ocrx_word' id='word_1_344' title='bbox 1085 3855 1179 3920; x_wconf 78' lang='lat' dir='ltr'>rum,</span> <span class='ocrx_word' id='word_1_345' title='bbox 1206 3823 1261 3908; x_wconf 68' lang='lat' dir='ltr'>std</span> <span class='ocrx_word' id='word_1_346' title='bbox 1280 3830 1379 3898; x_wconf 88' lang='lat' dir='ltr'>etiam</span> <span class='ocrx_word' id='word_1_347' title='bbox 1404 3822 1598 3900; x_wconf 64' lang='lat' dir='ltr'>&amp;acorum</span> <span class='ocrx_word' id='word_1_348' title='bbox 1623 3827 1725 3925; x_wconf 75' lang='lat' dir='ltr'>leges,</span> <span class='ocrx_word' id='word_1_349' title='bbox 1746 3836 1887 3935; x_wconf 72' lang='lat' dir='ltr'>consins-</span> 
     </span>
     <span class='ocr_line' id='line_1_35' title="bbox 348 3925 1966 4027; baseline 0.005 -22"><span class='ocrx_word' id='word_1_350' title='bbox 348 3960 365 4010; x_wconf 86' lang='lat' dir='ltr'>e</span> <span class='ocrx_word' id='word_1_351' title='bbox 395 3941 437 4005; x_wconf 88' lang='lat' dir='ltr'>ad</span> <span class='ocrx_word' id='word_1_352' title='bbox 460 3938 602 4027; x_wconf 81' lang='lat' dir='ltr'>gradum</span> <span class='ocrx_word' id='word_1_353' title='bbox 624 3928 834 4020; x_wconf 86' lang='lat' dir='ltr'>septimum?</span> <span class='ocrx_word' id='word_1_354' title='bbox 877 3928 1061 4000; x_wconf 81' lang='lat' dir='ltr'>Deficiente</span> <span class='ocrx_word' id='word_1_355' title='bbox 1084 3929 1244 4024; x_wconf 79' lang='lat' dir='ltr'>guinem,</span> <span class='ocrx_word' id='word_1_356' title='bbox 1267 3925 1394 4022; x_wconf 87' lang='lat' dir='ltr'>(inquit</span> <span class='ocrx_word' id='word_1_357' title='bbox 1418 3928 1555 4015; x_wconf 86' lang='lat' dir='ltr'>epislols</span> <span class='ocrx_word' id='word_1_358' title='bbox 1580 3927 1622 4001; x_wconf 86' lang='lat' dir='ltr'>ll.</span> <span class='ocrx_word' id='word_1_359' title='bbox 1649 3957 1721 4020; x_wconf 84' lang='lat' dir='ltr'>quae</span> <span class='ocrx_word' id='word_1_360' title='bbox 1743 3935 1884 4013; x_wconf 86' lang='lat' dir='ltr'>babetur</span> <span class='ocrx_word' id='word_1_361' title='bbox 1964 3936 1966 3939; x_wconf 50' lang='grc'>’</span> 
     </span>
     <span class='ocr_line' id='line_1_36' title="bbox 348 4022 1885 4122; baseline -0.003 -19"><span class='ocrx_word' id='word_1_362' title='bbox 348 4032 498 4105; x_wconf 80' lang='lat' dir='ltr'>ibicionis</span> <span class='ocrx_word' id='word_1_363' title='bbox 516 4026 607 4103; x_wconf 84' lang='lat' dir='ltr'>causa</span> <span class='ocrx_word' id='word_1_364' title='bbox 624 4031 658 4100; x_wconf 92' lang='lat' dir='ltr'>in</span> <span class='ocrx_word' id='word_1_365' title='bbox 681 4035 786 4122; x_wconf 83' lang='lat' dir='ltr'>gradu</span> <span class='ocrx_word' id='word_1_366' title='bbox 809 4030 943 4116; x_wconf 80' lang='lat' dir='ltr'>quinto,</span> <span class='ocrx_word' id='word_1_367' title='bbox 973 4023 1061 4098; x_wconf 85' lang='lat' dir='ltr'>sexto</span> <span class='ocrx_word' id='word_1_368' title='bbox 1086 4055 1115 4099; x_wconf 90' lang='lat' dir='ltr'>c.</span> <span class='ocrx_word' id='word_1_369' title='bbox 1140 4022 1403 4120; x_wconf 77' lang='lat' dir='ltr'>Coujuntsiones.</span> <span class='ocrx_word' id='word_1_370' title='bbox 1436 4044 1491 4113; x_wconf 81' lang='lat'>35.</span> <span class='ocrx_word' id='word_1_371' title='bbox 1516 4028 1628 4111; x_wconf 75' lang='lat' dir='ltr'>quaesl.</span> <span class='ocrx_word' id='word_1_372' title='bbox 1657 4043 1709 4114; x_wconf 86' lang='lat'>2.)</span> <span class='ocrx_word' id='word_1_373' title='bbox 1740 4034 1885 4112; x_wconf 71' lang='lat' dir='ltr'>dicimus</span> 
     </span>
     <span class='ocr_line' id='line_1_37' title="bbox 348 4118 1886 4223; baseline 0 -20"><span class='ocrx_word' id='word_1_374' title='bbox 348 4137 467 4223; x_wconf 85' lang='lat' dir='ltr'>ptimo,</span> <span class='ocrx_word' id='word_1_375' title='bbox 481 4130 601 4201; x_wconf 85' lang='lat' dir='ltr'>cessare</span> <span class='ocrx_word' id='word_1_376' title='bbox 617 4133 715 4198; x_wconf 83' lang='lat' dir='ltr'>etiam</span> <span class='ocrx_word' id='word_1_377' title='bbox 732 4123 890 4195; x_wconf 81' lang='lat' dir='ltr'>debuisset</span> <span class='ocrx_word' id='word_1_378' title='bbox 902 4120 968 4211; x_wconf 89' lang='lat' dir='ltr'>ipsa</span> <span class='ocrx_word' id='word_1_379' title='bbox 983 4150 1059 4212; x_wconf 86' lang='lat' dir='ltr'>pro·</span> <span class='ocrx_word' id='word_1_380' title='bbox 1085 4150 1157 4205; x_wconf 84' lang='lat' dir='ltr'>eor,</span> <span class='ocrx_word' id='word_1_381' title='bbox 1181 4148 1262 4220; x_wconf 87' lang='lat' dir='ltr'>quos</span> <span class='ocrx_word' id='word_1_382' title='bbox 1282 4123 1408 4195; x_wconf 77' lang='lat' dir='ltr'>diuina</span> <span class='ocrx_word' id='word_1_383' title='bbox 1429 4118 1469 4195; x_wconf 67' lang='lat' dir='ltr'>ss</span> <span class='ocrx_word' id='word_1_384' title='bbox 1491 4125 1739 4222; x_wconf 63' lang='lat' dir='ltr'>turrianorum,</span> <span class='ocrx_word' id='word_1_385' title='bbox 1755 4157 1796 4203; x_wconf 89' lang='lat' dir='ltr'>ac</span> <span class='ocrx_word' id='word_1_386' title='bbox 1814 4134 1886 4209; x_wconf 67' lang='lat' dir='ltr'>Roa</span> 
     </span>
     <span class='ocr_line' id='line_1_38' title="bbox 348 4216 1885 4327; baseline 0.002 -26"><span class='ocrx_word' id='word_1_387' title='bbox 348 4234 392 4304; x_wconf 90' lang='lat' dir='ltr'>io.</span> <span class='ocrx_word' id='word_1_388' title='bbox 447 4232 478 4301; x_wconf 83' lang='lat' dir='ltr'>Si</span> <span class='ocrx_word' id='word_1_389' title='bbox 500 4231 534 4297; x_wconf 83' lang='lat' dir='ltr'>in</span> <span class='ocrx_word' id='word_1_390' title='bbox 552 4241 670 4315; x_wconf 85' lang='lat' dir='ltr'>quarto</span> <span class='ocrx_word' id='word_1_391' title='bbox 692 4229 798 4317; x_wconf 77' lang='lat' dir='ltr'>gradu</span> <span class='ocrx_word' id='word_1_392' title='bbox 820 4225 867 4293; x_wconf 86' lang='lat' dir='ltr'>vis</span> <span class='ocrx_word' id='word_1_393' title='bbox 897 4219 1061 4314; x_wconf 78' lang='lat' dir='ltr'>saraguinis</span> <span class='ocrx_word' id='word_1_394' title='bbox 1086 4219 1260 4298; x_wconf 86' lang='lat' dir='ltr'>manorum</span> <span class='ocrx_word' id='word_1_395' title='bbox 1284 4233 1381 4316; x_wconf 81' lang='lat' dir='ltr'>atque</span> <span class='ocrx_word' id='word_1_396' title='bbox 1410 4216 1604 4296; x_wconf 70' lang='lat' dir='ltr'>Graecorum</span> <span class='ocrx_word' id='word_1_397' title='bbox 1634 4224 1722 4321; x_wconf 81' lang='lat' dir='ltr'>seges</span> <span class='ocrx_word' id='word_1_398' title='bbox 1746 4231 1885 4327; x_wconf 77' lang='lat' dir='ltr'>cansam</span> 
     </span>
     <span class='ocr_line' id='line_1_39' title="bbox 350 4320 1952 4419; baseline 0.001 -19"><span class='ocrx_word' id='word_1_399' title='bbox 350 4331 397 4404; x_wconf 82' lang='lat' dir='ltr'>ati</span> <span class='ocrx_word' id='word_1_400' title='bbox 417 4324 548 4405; x_wconf 84' lang='lat' dir='ltr'>deficit,</span> <span class='ocrx_word' id='word_1_401' title='bbox 572 4350 633 4394; x_wconf 89' lang='lat' dir='ltr'>cur</span> <span class='ocrx_word' id='word_1_402' title='bbox 657 4325 873 4395; x_wconf 82' lang='lat' dir='ltr'>Bellarminus</span> <span class='ocrx_word' id='word_1_403' title='bbox 892 4320 960 4410; x_wconf 88' lang='lat' dir='ltr'>ipse</span> <span class='ocrx_word' id='word_1_404' title='bbox 987 4346 1058 4410; x_wconf 81' lang='lat' dir='ltr'>cap.</span> <span class='ocrx_word' id='word_1_405' title='bbox 1083 4324 1223 4417; x_wconf 83' lang='lat' dir='ltr'>guiueos</span> <span class='ocrx_word' id='word_1_406' title='bbox 1244 4320 1432 4419; x_wconf 76' lang='lat' dir='ltr'>odpcsiautr</span> <span class='ocrx_word' id='word_1_407' title='bbox 1455 4321 1532 4391; x_wconf 88' lang='lat' dir='ltr'>ideo</span> <span class='ocrx_word' id='word_1_408' title='bbox 1556 4328 1721 4395; x_wconf 84' lang='lat' dir='ltr'>coronidis</span> <span class='ocrx_word' id='word_1_409' title='bbox 1747 4328 1823 4402; x_wconf 87' lang='lat' dir='ltr'>loco</span> <span class='ocrx_word' id='word_1_410' title='bbox 1841 4321 1890 4405; x_wconf 69' lang='lat' dir='ltr'>ex&#39;</span> <span class='ocrx_word' id='word_1_411' title='bbox 1942 4321 1952 4331; x_wconf 69' lang='grc'><strong><em>’</em></strong></span> 
     </span>
     <span class='ocr_line' id='line_1_40' title="bbox 350 4416 1991 4515; baseline 0.002 -18"><span class='ocrx_word' id='word_1_412' title='bbox 350 4429 395 4511; x_wconf 71' lang='lat' dir='ltr'>li.</span> <span class='ocrx_word' id='word_1_413' title='bbox 422 4422 591 4512; x_wconf 86' lang='lat' dir='ltr'>dispurat,</span> <span class='ocrx_word' id='word_1_414' title='bbox 627 4442 698 4493; x_wconf 81' lang='lat' dir='ltr'>narr·</span> <span class='ocrx_word' id='word_1_415' title='bbox 710 4420 819 4513; x_wconf 84' lang='lat' dir='ltr'>sociis</span> <span class='ocrx_word' id='word_1_416' title='bbox 836 4420 923 4514; x_wconf 77' lang='lat' dir='ltr'>jairi</span> <span class='ocrx_word' id='word_1_417' title='bbox 949 4416 1059 4515; x_wconf 68' lang='lat' dir='ltr'>possi,</span> <span class='ocrx_word' id='word_1_418' title='bbox 1086 4417 1367 4493; x_wconf 78' lang='lat' dir='ltr'>Graecaeecclesrae</span> <span class='ocrx_word' id='word_1_419' title='bbox 1387 4418 1672 4492; x_wconf 80' lang='lat' dir='ltr'>constitutionibus</span> <span class='ocrx_word' id='word_1_420' title='bbox 1693 4434 1727 4498; x_wconf 81' lang='grc' dir='ltr'>δι</span> <span class='ocrx_word' id='word_1_421' title='bbox 1748 4446 1884 4515; x_wconf 82' lang='lat' dir='ltr'>patrum</span> <span class='ocrx_word' id='word_1_422' title='bbox 1988 4437 1991 4442; x_wconf 75' lang='grc'><strong>’</strong></span> 
     </span>
     <span class='ocr_line' id='line_1_41' title="bbox 348 4512 1885 4622; baseline 0.001 -22"><span class='ocrx_word' id='word_1_423' title='bbox 348 4526 546 4622; x_wconf 75' lang='lat' dir='ltr'>sputosrtur</span> <span class='ocrx_word' id='word_1_424' title='bbox 562 4520 620 4592; x_wconf 87' lang='lat' dir='ltr'>isso</span> <span class='ocrx_word' id='word_1_425' title='bbox 635 4521 777 4615; x_wconf 84' lang='lat' dir='ltr'>ejusdem</span> <span class='ocrx_word' id='word_1_426' title='bbox 785 4517 970 4616; x_wconf 83' lang='lat' dir='ltr'>sauguinis</span> <span class='ocrx_word' id='word_1_427' title='bbox 986 4542 1060 4614; x_wconf 82' lang='lat' dir='ltr'>per·</span> <span class='ocrx_word' id='word_1_428' title='bbox 1085 4521 1301 4591; x_wconf 71' lang='lat' dir='ltr'>vetustiorum</span> <span class='ocrx_word' id='word_1_429' title='bbox 1325 4512 1453 4605; x_wconf 88' lang='lat' dir='ltr'>scriptis</span> <span class='ocrx_word' id='word_1_430' title='bbox 1472 4520 1622 4602; x_wconf 78' lang='lat' dir='ltr'>quadam</span> <span class='ocrx_word' id='word_1_431' title='bbox 1653 4529 1694 4592; x_wconf 80' lang='lat' dir='ltr'>ud</span> <span class='ocrx_word' id='word_1_432' title='bbox 1719 4523 1809 4599; x_wconf 82' lang='lat' dir='ltr'>lsuno</span> <span class='ocrx_word' id='word_1_433' title='bbox 1834 4528 1885 4602; x_wconf 88' lang='lat' dir='ltr'>lo·</span> 
     </span>
     <span class='ocr_line' id='line_1_42' title="bbox 348 4612 1883 4716; baseline 0.004 -22"><span class='ocrx_word' id='word_1_434' title='bbox 348 4615 404 4709; x_wconf 67' lang='grc' dir='ltr'>τί,</span> <span class='ocrx_word' id='word_1_435' title='bbox 420 4645 478 4710; x_wconf 69' lang='grc' dir='ltr'>Ιαι</span> <span class='ocrx_word' id='word_1_436' title='bbox 494 4618 670 4716; x_wconf 84' lang='lat' dir='ltr'>probabile</span> <span class='ocrx_word' id='word_1_437' title='bbox 688 4615 765 4715; x_wconf 77' lang='lat' dir='ltr'>effi,</span> <span class='ocrx_word' id='word_1_438' title='bbox 792 4640 881 4690; x_wconf 77' lang='lat' dir='ltr'>nasta</span> <span class='ocrx_word' id='word_1_439' title='bbox 897 4621 932 4690; x_wconf 88' lang='lat' dir='ltr'>in</span> <span class='ocrx_word' id='word_1_440' title='bbox 952 4617 1061 4713; x_wconf 80' lang='lat' dir='ltr'>pluri·</span> <span class='ocrx_word' id='word_1_441' title='bbox 1083 4644 1161 4690; x_wconf 90' lang='lat' dir='ltr'>cum</span> <span class='ocrx_word' id='word_1_442' title='bbox 1189 4613 1383 4689; x_wconf 84' lang='lat' dir='ltr'>reseremus.</span> <span class='ocrx_word' id='word_1_443' title='bbox 1459 4612 1546 4707; x_wconf 82' lang='lat' dir='ltr'>Quae</span> <span class='ocrx_word' id='word_1_444' title='bbox 1582 4614 1707 4690; x_wconf 88' lang='lat' dir='ltr'>suerint</span> <span class='ocrx_word' id='word_1_445' title='bbox 1739 4624 1883 4703; x_wconf 74' lang='lat' dir='ltr'>ecclesie</span> 
     </span>
     <span class='ocr_line' id='line_1_43' title="bbox 370 4713 1882 4814; baseline -0.004 -17"><span class='ocrx_word' id='word_1_446' title='bbox 370 4722 522 4796; x_wconf 79' lang='lat' dir='ltr'>nuncin</span> <span class='ocrx_word' id='word_1_447' title='bbox 557 4717 770 4814; x_wconf 69' lang='lat' dir='ltr'>paucioribus</span> <span class='ocrx_word' id='word_1_448' title='bbox 788 4715 1060 4813; x_wconf 75' lang='lat' dir='ltr'>generationibus</span> <span class='ocrx_word' id='word_1_449' title='bbox 1084 4723 1206 4789; x_wconf 78' lang='lat' dir='ltr'>Graece</span> <span class='ocrx_word' id='word_1_450' title='bbox 1229 4713 1291 4786; x_wconf 82' lang='lat' dir='ltr'>hoc</span> <span class='ocrx_word' id='word_1_451' title='bbox 1311 4717 1352 4785; x_wconf 90' lang='lat' dir='ltr'>de</span> <span class='ocrx_word' id='word_1_452' title='bbox 1378 4724 1418 4785; x_wconf 89' lang='lat' dir='ltr'>re</span> <span class='ocrx_word' id='word_1_453' title='bbox 1437 4714 1683 4788; x_wconf 84' lang='lat' dir='ltr'>constitutiones</span> <span class='ocrx_word' id='word_1_454' title='bbox 1710 4720 1743 4790; x_wconf 76' lang='grc' dir='ltr'>ἀ</span> <span class='ocrx_word' id='word_1_455' title='bbox 1768 4722 1882 4801; x_wconf 87' lang='lat' dir='ltr'>obser.</span> 
     </span>
     <span class='ocr_line' id='line_1_44' title="bbox 348 4811 1963 4917; baseline 0.001 -22"><span class='ocrx_word' id='word_1_456' title='bbox 348 4820 469 4905; x_wconf 76' lang='lat' dir='ltr'>riori,</span> <span class='ocrx_word' id='word_1_457' title='bbox 492 4830 594 4917; x_wconf 75' lang='lat' dir='ltr'>praru</span> <span class='ocrx_word' id='word_1_458' title='bbox 614 4819 650 4891; x_wconf 87' lang='lat' dir='ltr'>in</span> <span class='ocrx_word' id='word_1_459' title='bbox 671 4842 736 4891; x_wconf 91' lang='lat' dir='ltr'>uuo</span> <span class='ocrx_word' id='word_1_460' title='bbox 756 4816 1060 4914; x_wconf 54' lang='lat' dir='ltr'>uiolentioresluir·</span> <span class='ocrx_word' id='word_1_461' title='bbox 1082 4818 1259 4892; x_wconf 84' lang='lat' dir='ltr'>vationes,</span> <span class='ocrx_word' id='word_1_462' title='bbox 1287 4811 1403 4904; x_wconf 82' lang='lat' dir='ltr'>colligi</span> <span class='ocrx_word' id='word_1_463' title='bbox 1426 4811 1531 4899; x_wconf 84' lang='lat' dir='ltr'>potest</span> <span class='ocrx_word' id='word_1_464' title='bbox 1554 4836 1593 4883; x_wconf 88' lang='lat' dir='ltr'>ex</span> <span class='ocrx_word' id='word_1_465' title='bbox 1611 4820 1879 4910; x_wconf 83' lang='lat' dir='ltr'>Harmenopuln,</span> <span class='ocrx_word' id='word_1_466' title='bbox 1956 4841 1963 4854; x_wconf 91' lang='grc'><strong>“</strong></span> 
     </span>
     <span class='ocr_line' id='line_1_45' title="bbox 359 4908 1882 5018; baseline 0.005 -31"><span class='ocrx_word' id='word_1_467' title='bbox 359 4945 463 5018; x_wconf 83' lang='lat' dir='ltr'>quam</span> <span class='ocrx_word' id='word_1_468' title='bbox 481 4944 515 4991; x_wconf 88' lang='lat' dir='ltr'>ur</span> <span class='ocrx_word' id='word_1_469' title='bbox 537 4919 620 4990; x_wconf 89' lang='lat' dir='ltr'>asia.</span> <span class='ocrx_word' id='word_1_470' title='bbox 671 4922 732 4991; x_wconf 87' lang='lat' dir='ltr'>Sed</span> <span class='ocrx_word' id='word_1_471' title='bbox 753 4922 833 5009; x_wconf 88' lang='lat' dir='ltr'>quid</span> <span class='ocrx_word' id='word_1_472' title='bbox 854 4912 940 4989; x_wconf 88' lang='lat' dir='ltr'>bisce</span> <span class='ocrx_word' id='word_1_473' title='bbox 960 4918 1057 5009; x_wconf 79' lang='lat' dir='ltr'>ssugis</span> <span class='ocrx_word' id='word_1_474' title='bbox 1081 4908 1335 5000; x_wconf 81' lang='lat' dir='ltr'>Nomophslace</span> <span class='ocrx_word' id='word_1_475' title='bbox 1365 4924 1409 4983; x_wconf 79' lang='lat' dir='ltr'>ot</span> <span class='ocrx_word' id='word_1_476' title='bbox 1435 4912 1553 5000; x_wconf 85' lang='lat' dir='ltr'>Judice</span> <span class='ocrx_word' id='word_1_477' title='bbox 1577 4910 1848 4994; x_wconf 79' lang='lat' dir='ltr'>Thessalonicenfi</span> <span class='ocrx_word' id='word_1_478' title='bbox 1869 4972 1882 5005; x_wconf 87' lang='lat'><strong>,</strong></span> 
     </span>
     <span class='ocr_line' id='line_1_46' title="bbox 348 5007 1879 5116; baseline -0.004 -19"><span class='ocrx_word' id='word_1_479' title='bbox 348 5024 657 5097; x_wconf 77' lang='lat' dir='ltr'>iusimmorrmurs</span> <span class='ocrx_word' id='word_1_480' title='bbox 855 5017 862 5026; x_wconf 90' lang='grc'><em>’</em></span> <span class='ocrx_word' id='word_1_481' title='bbox 1079 5014 1140 5103; x_wconf 78' lang='lat' dir='ltr'>qni</span> <span class='ocrx_word' id='word_1_482' title='bbox 1159 5013 1201 5116; x_wconf 77' lang='lat' dir='ltr'>iu</span> <span class='ocrx_word' id='word_1_483' title='bbox 1215 5011 1455 5101; x_wconf 69' lang='lat' dir='ltr'>:pitantjuris</span> <span class='ocrx_word' id='word_1_484' title='bbox 1471 5007 1596 5092; x_wconf 77' lang='lat' dir='ltr'>ciuilis,</span> <span class='ocrx_word' id='word_1_485' title='bbox 1622 5008 1879 5104; x_wconf 78' lang='lat' dir='ltr'>liber,tir.6.</span> 
     </span>
     <span class='ocr_line' id='line_1_47' title="bbox 1803 5116 1885 5192; baseline 0.049 -4"><span class='ocrx_word' id='word_1_486' title='bbox 1803 5116 1885 5192; x_wconf 90' lang='lat' dir='ltr'>scri·</span> 
     </span>
    </p>
   </div>
   <div class='ocr_carea' id='block_1_5' title="bbox 0 0 2446 5984">
    <p class='ocr_par' dir='ltr' id='par_1_5' title="bbox 0 0 2446 5984">
     <span class='ocr_line' id='line_1_48' title="bbox 0 0 2446 5984; baseline 0 0"><span class='ocrx_word' id='word_1_487' title='bbox 0 0 2446 5984; x_wconf 95' lang='lat' dir='ltr'> </span> 
     </span>
    </p>
   </div>
  </div>
 </body>
</html>
