4884 5984
417 503 492 564 200
565 425 722 562 totos¹
742 483 873 560 noun.
902 484 1000 563 cto.
1026 485 1072 560 x.
1097 484 1226 562 sacr.
1249 484 1311 562 tn.
1336 481 1448 561 ont.
1473 486 1518 560 n.
1541 421 1707 564 manu.
1731 485 1776 560 n.
1801 483 1966 562 ruunt
1993 407 2030 559 ᾖ
2081 589 2086 602 Δ,

420 689 520 762 qnam
535 667 643 741 docuit
658 667 901 762 impudicitiam.
950 668 1223 764 Panormitanur
1258 667 1422 762 iniquius
1440 662 1561 753 foret,
1584 687 1694 760 quam
1720 661 1920 739 vinditiano
1943 673 2064 761 petere

423 764 532 836 etiam
539 764 611 859 post
619 763 810 854 sententiam
819 771 855 837 tc
863 769 1110 840 diuortioiotom
1119 772 1225 840 redin-
1259 767 1357 838 illius
1374 766 1566 851 criminis,
1589 767 1691 836 cuius
1713 766 1795 858 quis
1805 761 1878 858 ipse
1891 783 1998 836 autor
2006 781 2064 835 ett-

420 867 550 959 trgrori
566 865 809 935 matrimonium
828 865 968 954 censet,
978 867 1015 964 st
1011 867 1225 960 superveniat
1259 860 1370 934 stitit?
1403 862 1633 936 mnoceotius
1650 862 1710 933 llI.
1727 864 1764 933 in
1780 883 1860 955 cap.
1885 860 2062 934 discretio-

421 962 616 1050 odniterinm
632 975 759 1054 oporte
775 965 888 1039 illins,
916 967 1157 1060 quidinortinm
1165 989 1226 1060 pe·
1259 983 1345 1031 nem
1363 960 1408 1029 X.
1430 958 1473 1030 de
1498 980 1572 1046 eo,
1599 960 1662 1053 qui
1680 955 1846 1055 consang.
1867 979 1975 1030 uxot.
1997 955 2062 1031 suae

420 1062 529 1148 timot.
580 1057 757 1156 Caetetunt
771 1064 862 1134 hanc
876 1066 1125 1158 exceptionem
1143 1065 1224 1156 qui·
1261 1079 1415 1154 cognov.
1457 1057 1546 1160 ¹Non
1560 1057 1663 1152 potest
1666 1054 1808 1152 sponsos
1826 1055 2067 1126 odoacri-mei

424 1158 508 1228 dnm
524 1178 650 1251 putant
664 1158 915 1246 limitandum,
941 1163 1039 1254 quod
1055 1183 1224 1253 compen.
1257 1159 1408 1231 oliicerr,
1431 1156 1950 1252 qoamoaottmmtomtrotitit,
1970 1177 2062 1248 pror·

420 1253 506 1327 satio
528 1257 591 1327 illa
612 1254 827 1331 delitiarum
850 1280 924 1329 non
939 1258 1222 1346 habeatlocu‘m,
1248 1253 1366 1350 sertim
1377 1257 1522 1325 invitam·
1570 1253 1832 1348 Hemmissgius
1866 1248 2064 1336 difl0'1000-
2093 1309 2097 1319 -

252 1418 255 1424 .
356 1428 361 1434 ,
407 1352 446 1448 fi
458 1352 540 1424 oster
548 1356 721 1451 coniugum
736 1359 838 1427 onom
846 1359 1044 1435 correxerit,
1068 1370 1165 1452 atque
1177 1359 1226 1427 oi·
1260 1355 1385 1439 addit,
1426 1350 1685 1446 prostitutionis
1719 1352 1898 1450 rationem
1923 1350 2059 1422 'habete

324 1537 327 1542 Ι
419 1453 604 1521 terintetim
614 1455 847 1525 inemendabilis
857 1467 996 1526 moneat.
1045 1455 1224 1544 Quemad-
1260 1451 1368 1521 etiam
1388 1450 1591 1547 exctostomm
1599 1448 1811 1537 maumam,
1837 1446 2060 1544 qflsfldwfi·
2095 1533 2097 1552 χ

421 1552 574 1621 modum
594 1553 692 1621 e'nim
712 1554 872 1638 medici,
905 1550 1044 1626 adseila
1063 1552 1227 1625 membra
1258 1571 1299 1616 ra
1314 1547 1456 1641 firmino
1465 1548 1784 1646 fugiensfimnitiom
1803 1549 1919 1616 mariti
1942 1550 2060 1646 cogitr

421 1647 461 1716 in
470 1668 620 1742 corpote
628 1651 787 1719 humano
797 1670 982 1737 curantes,
1001 1652 1112 1739 illud,
1127 1653 1226 1746 quod
1259 1647 1398 1715 alienum
1412 1647 1530 1717 tetiam
1549 1669 1720 1741 quaerere,
1746 1645 1842 1714 eona
1856 1649 2059 1717 amaritidt·
2086 1687 2088 1692 ·

423 1747 646 1816 curationem
662 1746 852 1838 admittit,
890 1749 1013 1820 fovent
1030 1758 1064 1821 δι
1088 1749 1225 1822 conset·-
1259 1768 1321 1817 no.
1370 1744 1518 1814 Maritus
1527 1749 1626 1829 miro,
1654 1743 1772 1840 qniltot
1780 1746 1894 1838 satit,
1921 1767 1988 1815 non
2002 1747 2056 1814 ui·

420 1861 531 1929 tant,
560 1845 657 1936 quod
676 1848 845 1917 autemin
859 1848 935 1917 dies
953 1850 1073 1942 magio
1091 1850 1225 1946 magis·
1258 1841 1477 1935 nutscelrrote
1493 1846 1595 1940 ogit,
1620 1867 1718 1934 quom
1728 1844 1756 1934 st
1770 1842 1999 1938 oxorcxtlusa
2015 1840 2057 1918 dt

421 1959 493 2032 que
508 1940 702 2033 putrescit„
743 1950 778 2014 δι
803 1942 995 2016 insanabile
1012 1966 1225 2039 permanet,
1259 1944 1491 2035 quodammodo
1515 1938 1642 2036 absciso
1660 1966 1682 2012 o
1699 1945 1818 2012 morito
1818 1940 2020 2034 scortatione
2026 1941 2057 2033 st

355 2081 361 2090 -
419 2034 647 2112 abscindunt:
675 2038 723 2110 ita
747 2043 994 2136 magistratus,
1020 2041 1225 2137 reipublicae
1254 2042 1420 2131 pollueret.
1470 2041 1538 2110 Sed
1559 2043 1624 2111 hac
1641 2042 1678 2111 in
1695 2062 1733 2111 re
1758 2061 1779 2111 a
1806 2038 2057 2136 circumspesto

419 2134 610 2220 medicus,
633 2138 853 2232 coniugem,
881 2139 945 2231 qui
966 2140 1011 2210 ad
1034 2141 1223 2213 meliorem
1258 2137 1377 2210 iudice
1392 2140 1437 2209 ad
1452 2135 1731 2210 circumstantias
1740 2138 2056 2229 diligenteradten

419 2223 568 2320 frugem
585 2231 617 2302 se
637 2237 798 2327 recepit,
830 2236 874 2308 ab
896 2236 1006 2308 altera
1026 2256 1125 2332 parte
1149 2234 1443 2321 ine‹-·dendutn‚
1477 2257 1595 2330 neque
1623 2237 1722 2307 enim
1741 2233 1897 2307 exclusio
1924 2235 1986 2308 illa
2000 2257 2056 2328 no·-

418 2325 617 2398 mendabili
650 2329 801 2403 liberate
833 2329 957 2428 potesl.
1011 2333 1223 2411 Notandum
1258 2328 1385 2405 duma
1411 2333 1588 2405 adulterio
1613 2333 1753 2406 causam
1781 2329 1962 2422 dedisset,
1999 2333 2056 2406 nil

376 2439 379 2444 ·
421 2422 557 2508 etiam,
583 2430 680 2519 quod
702 2450 828 2503 mutua
849 2433 910 2505 illa
935 2431 1221 2526 compensatione
1257 2432 1421 2503 animum
1431 2432 1657 2504 adulterandi
1677 2429 1796 2519 secum
1811 2433 1953 2503 edomo
1967 2429 2055 2506 tulis·

416 2516 661 2618 iurisditlioni
677 2527 827 2622 politicae
845 2551 916 2600 non
939 2531 1143 2603 detrahatur
1162 2532 1220 2606 ius
1257 2525 1317 2598 set·
1366 2528 1471 2600 Hisce
1485 2527 1758 2622 quatuorcausts
1775 2528 1912 2602 Baldus
1932 2529 2055 2606 libus.

417 2617 727 2697 animadvertendi
758 2624 795 2696 in
816 2647 1014 2720 utrumque
1043 2628 1219 2702 sacinono·
1257 2625 1373 2697 c0nfil·
1390 2636 1472 2711 382·
1499 2626 1665 2720 Vigelius
1683 2629 1725 2699 de
1745 2628 1904 2699 matrim.
1929 2648 2007 2726 cap·
2025 2637 2056 2712 8!

417 2711 522 2804 sum,
547 2737 588 2790 ut
602 2723 692 2794 end.
710 2723 736 2795 l.
762 2726 801 2795 Si
808 2749 893 2796 uxor
903 2723 977 2800 &a
994 2726 1218 2823 intelligitur.
1253 2720 1450 2795 albericus·
1462 2724 1614 2797 Gentilis
1631 2723 1693 2796 lib.
1712 2724 1773 2796 Vl.
1788 2727 1832 2796 dc
1840 2743 1946 2819 nupt.
1957 2749 1988 2799 e.
2005 2743 2054 2808 ιι,

418 2808 583 2890 Tertiam
596 2821 844 2918 exceptionem
856 2819 1028 2918 adprobat
1042 2821 1219 2898 Covatru.
1253 2815 1513 2917 Hemtningius
1532 2823 1566 2893 d.
1581 2824 1605 2892 l.
1622 2830 1657 2895 &
1679 2822 1741 2894 alii
1754 2822 1911 2896 adduntt
1943 2826 2000 2922 ς.)
2023 2826 2055 2898 S

296 2955 299 2960 «
417 2911 498 2982 vias
513 2911 575 2983 lib.
592 2917 635 2989 11.
650 2921 693 2990 de
711 2919 822 3012 spons.
839 2925 874 2996 6.
891 2932 921 3007 §·
940 2923 975 2994 6.
996 2934 1075 3014 quae
1092 2923 1219 2995 nititur
1253 2938 1338 2988 uxor
1360 2923 1493 2991 eredidit
1517 2921 1624 2992 nirnm
1648 2920 1863 3015 oronnam.
1889 2921 1937 2999 st*
1956 2925 2056 3024 nnpflt

415 3010 630 3101 rationeea,
656 3018 1218 3114 quodmoritntrnipomrondonos.
1253 3016 1329 3095 olii,
1353 3019 1673 3091 nondebrtomorito
1690 3019 1958 3117 rtvmfoproptrr
1969 3022 2056 3094 acini·

411 3105 566 3198 tinxori
584 3115 849 3208 praeformator,
889 3122 940 3190 mi
961 3113 1033 3210 post
1056 3120 1218 3215 cognitum
1250 3116 1370 3186 terium
1380 3116 1497 3195 obiici,
1516 3137 1586 3189 con
1595 3142 1662 3190 non
1674 3119 1801 3189 molitio
1799 3118 1862 3213 sed
1869 3123 2055 3219 ignorantia

416 3209 613 3280 adulterium
637 3214 838 3287 cohabitavit.
895 3219 928 3288 d.
947 3217 971 3286 1.
995 3217 1030 3285 Si
1046 3239 1131 3285 uror
1144 3214 1217 3291 &a
1247 3217 1434 3304 peccaverit.
1486 3211 1777 3288 Consormehuic
1790 3218 1938 3291 videtur
1951 3221 1975 3293 l.
1991 3223 2053 3292 nti·

417 3308 528 3391 §.ult
580 3317 729 3384 Maritus
743 3339 807 3384 non
822 3315 924 3409 potest
932 3312 1043 3407 ssopri
1064 3317 1217 3407 otcnfirre
1252 3310 1306 3382 les
1326 3323 1424 3397 11.§.
1440 3309 1579 3384 Mulier
1603 3332 1657 3387 12.
1672 3314 1708 3385 ff.
1727 3318 1770 3386 ad
1786 3318 1905 3411 legent
1923 3319 1991 3390 lul.
2014 3321 2054 3390 de
2096 3303 2097 3326 ¹

414 3430 510 3481 eom,
533 3413 1035 3507 qootnposteodnritnxorem‚
1047 3413 1217 3505 seroenim
1252 3412 1403 3480 adulter.
1455 3413 1577 3481 Mulier
1596 3438 1668 3481 tntn
1689 3413 1844 3506 assertam
1865 3419 1976 3488 uirum
1997 3441 2055 3486 on·
2096 3407 2097 3414 ἵ

414 3507 549 3598 otitnsot
563 3534 680 3595 moret,
706 3537 783 3607 qnos
799 3536 931 3582 uxorem
945 3516 1085 3581 ducendo
1100 3517 1218 3605 prolon-
1252 3504 1574 3603 dfiesvitafimll'um
1592 3509 1675 3606 iffi,
1708 3512 1764 3581 alli
1772 3512 1812 3605 se
1824 3517 1958 3594 iunxit,
1984 3539 2055 3586 tm

415 3608 474 3674 nit.
524 3603 784 3706 Hemmingius
796 3612 838 3680 de
854 3611 999 3704 coniug.
1014 3633 1050 3702 p.
1065 3620 1144 3690 182.
1158 3635 1218 3681 ne.
1251 3610 1390 3675 moritus
1406 3610 1631 3705 reversntrst,
1657 3635 1795 3705 quaero,
1819 3616 1898 3705 qnid
1906 3614 2055 3708 adversos

416 3721 500 3798 gat,
539 3706 629 3777 ltanc
646 3705 710 3779 else
725 3707 851 3780 iustam
868 3706 1102 3802 impediendae
1122 3707 1225 3801 sepa.¹
1252 3726 1322 3772 tom
1339 3700 1782 3808 molieramllotttendnntfit,⁹
1804 3712 1983 3805 Respondit
1991 3716 2054 3785 Pa·

416 3802 565 3873 rationis
586 3803 737 3878 causam.
789 3808 868 3876 Non
898 3811 1011 3880 video,
1052 3806 1215 3899 (inquit)
1247 3805 1427 3895 pinianus,
1454 3817 1522 3873 tom
1544 3809 2055 3908 inrisqttntnfoiiiqnorstionrtn

414 3922 474 3970 tur
488 3904 760 4000 rniqnomfrondi
779 3906 887 3975 debent
899 3901 1020 4001 effesno
1034 3906 1216 3979 clementio.
1252 3906 1384 3972 moomi.
1434 3904 1524 3974 Nom
1539 3906 1574 4003 ſs
1587 3907 1683 4002 longo
1707 3920 1845 4002 tenpore
1865 3911 2054 4003 tronfhiio,

415 4000 576 4095 quisentrl
590 4014 687 4098 atque
702 4008 820 4074 iterum
843 4008 854 4072 i
879 4005 974 4098 noscit
993 4001 1155 4096 confitenti
1170 4003 1217 4078 89*
1240 3999 1313 4097 fine
1325 4002 1419 4073 ullius
1421 4001 1528 4095 stupri
1538 4008 1751 4096 prolatione,
1766 4008 1863 4105 fossis
1874 4011 2052 4080 rumoribus

415 4104 664 4172 emendationem
674 4104 832 4195 pollicenti
843 4030 889 4177 ἔί
902 4104 1124 4198 redintegrato
1134 4125 1216 4199 gra·
1250 4100 1403 4177 indutio,
1427 4102 1518 4200 quast
1525 4102 1637 4195 fiolttto
1645 4108 1752 4197 priori
1769 4107 1893 4176 vinculo
1909 4108 2056 4205 legitimis

415 4204 463 4270 tio
479 4198 683 4289 monolfimm
696 4204 737 4271 ob
751 4225 871 4282 uxore,
897 4226 936 4271 ne
950 4203 1104 4294 praebeat
1126 4224 1215 4270 octa·
1251 4203 1376 4291 nuptiis
1386 4200 1535 4293 secundis
1551 4201 1662 4271 inntio
1680 4203 1750 4297 est,
1775 4210 1863 4298 qnod
1891 4207 2053 4304 verisimile

403 4304 529 4399 fioncm
548 4298 704 4369 relabendi
720 4351 732 4376 ,
759 4325 816 4372 cnr
831 4304 859 4372 it
872 4301 957 4370 velot
964 4298 1084 4391 fautor
1096 4301 1217 4368 alienae
1253 4295 1319 4390 est.
1343 4304 1503 4392 deceptam
1516 4297 1716 4397 rontfniffr,
1744 4305 1826 4373 niltil
1842 4308 1986 4377 nt'ndiffo
2009 4309 2056 4373 di·

415 4400 574 4493 nequitiae
575 4397 735 4491 spolietur
749 4404 819 4472 inre
832 4399 1031 4473 dimittendi,
1047 4398 1082 4494 st
1095 4421 1215 4491 compr·
1247 4401 1565 4493 gnumoideripotcjl
1585 4448 1594 4473 ‚
1623 4402 1828 4497 qnodssfitio
1845 4408 1958 4474 moniti
1970 4429 2053 4476 mort

413 4502 493 4571 terit
508 4500 774 4573 inemendabilem.
825 4500 944 4592 Atque
956 4498 990 4567 id
1008 4498 1215 4589 quidemlo·
1250 4510 1477 4593 orgntnrntnm
1507 4500 1669 4592 faciendis
1706 4503 1829 4593 nuptiis
1865 4506 2055 4596 probabitur

419 4595 643 4682 contrahet,
679 4599 799 4694 spars
822 4617 992 4668 raanovo
1012 4596 1217 4689 implicetur
1246 4593 1458 4691 praestitisse.
1497 4620 1567 4665 cnm
1583 4597 1637 4666 ior
1643 4599 1740 4692 solio
1753 4601 1915 4692 pudicitia
1936 4605 2069 4674 totone..

416 4696 545 4770 delitlo
560 4746 572 4782 ‚
586 4698 883 4792 interlmproptet
893 4692 1100 4788 pristinum,
1119 4694 1215 4786 quod
1251 4705 1333 4779 tur,
1356 4698 1518 4765 vindicare
1529 4698 1614 4764 delet
1619 4721 1681 4789 pro
1689 4699 1811 4790 odntiffi
1819 4703 1967 4771 criminis.
1978 4724 2057 4797 qtta·

417 4798 451 4870 se
463 4792 669 4866 condonasse
687 4794 869 4890 coniugali
894 4791 1150 4863 cohabitatione
1167 4809 1214 4859 te·
1249 4794 1355 4861 litote.
1401 4794 1468 4864 Sed
1494 4796 1532 4878 in
1556 4794 1635 4866 casu
1663 4796 1724 4865 illo
1746 4795 1955 4872 desertionis
1981 4823 2051 4871 non

416 4890 607 4979 slatusest‚
636 4888 1215 4987 nonpotctitexpostsaslodivot-
1252 4887 1315 4958 nili
1340 4890 1565 4984 magistratus
1586 4899 1620 4964 ετ
1645 4895 1775 4964 iudicis
1795 4894 1966 4969 consensu
1990 4900 2053 4969 im·

413 4996 507 5066 tium
522 5010 652 5085 patero.
703 4994 836 5078 Quarta
853 4990 1012 5080 exceptio
1029 4986 1153 5056 itidem
1163 4985 1216 5053 iu·
1251 5007 1386 5079 petrato
1410 5010 1511 5057 novae
1528 4992 1660 5083 nuptiae
1676 4992 1769 5084 parti
1784 4993 1969 5068 innocenti
1997 4998 2053 5066 de-

414 5093 447 5168 ri
461 5098 493 5167 &
507 5091 664 5185 equitati
678 5089 906 5167 consentanea
920 5083 976 5159 cll.
1015 5084 1110 5175 Quid
1119 5083 1217 5155 enim
1251 5083 1346 5160 secte
1368 5087 1714 5180 concedendusunt²
1738 5109 1779 5162 ut
1793 5089 1914 5186 postea
1933 5114 2051 5169 mone-

705 5229 710 5238 ι
834 5237 838 5246 ·
2004 5190 2050 5271 bi

2076 5349 2097 5693 l
