4884 5984
744 479 748 484 ·
868 472 931 547 or
978 471 1255 546 minctum
1306 471 1588 548 successiva.
1891 519 1896 530 -
1994 491 2063 578 173

381 664 519 745 &rium
534 666 733 755 mulierum,
763 664 829 740 hoc
847 669 912 756 dt,
938 667 1151 761 conjugalem
1176 678 1210 744 de
1236 665 1300 744 elle
1321 671 1439 745 viduos
1464 680 1499 746 δι
1522 673 1639 745 viduas
1665 694 1684 744 t
1712 669 1925 743 untrimonio
1951 695 2068 750 arem·
2211 721 2216 734 ι

340 801 346 812 ·
382 767 578 862 hinorum
593 767 773 848 mulierum
794 793 944 846 amorem
965 792 1034 842 non
1043 769 1092 868 fit
1115 789 1213 842 cura·
1235 772 1311 852 dae,
1335 795 1411 844 cum
1433 776 1528 844 Deus
1543 772 1795 844 matrimonium
1808 772 2005 855 instituerit,
2030 785 2068 852 ae
2161 797 2163 802 ·

383 877 502 948 sternte
525 866 571 940 lic
585 871 676 941 euim
694 869 830 957 exponit
851 867 1051 958 prophetam
1080 872 1211 959 apollo·
1235 867 1628 953 concesseritomuious,
1652 871 1804 944 remedio
1833 867 1895 942 illo
1919 868 2081 948 libidinis·

328 1043 330 1050 ,
383 965 434 1041 lus
461 961 579 1042 tTitia.
598 967 663 1042 lV.
691 991 721 1041 t.
778 963 822 1038 In
850 967 1034 1067 noatfflmis
1053 978 1117 1040 tem
1143 968 1212 1040 ori·
1234 991 1273 1040 ae
1291 973 1403 1043 medio
1419 971 1671 1063 propagationis
1701 971 1749 1042 uti
1767 967 1969 1045 volentibus.
2032 976 2068 1049 Si

328 1129 330 1140 .
383 1063 446 1142 stu
472 1062 646 1164 discedent
673 1064 811 1161 quidam
842 1088 865 1136 a
892 1067 965 1165 fide
997 1067 1059 1142 adt
1122 1077 1210 1141 entes
1234 1068 1344 1158 dicas,
1368 1093 1434 1142 non
1448 1063 1537 1167 poffe
1553 1068 1702 1164 intelligi
1715 1066 2065 1169 prohibitionem‘spe-

328 1163 331 1254 l
377 1164 564 1267 spiritibus
578 1167 702 1239 erraris
725 1162 766 1239 ii
779 1163 941 1240 dotirinir
956 1165 1210 1249 demoniorum,
1234 1166 1377 1256 c'ialenr,
1404 1194 1476 1242 cum
1495 1169 1532 1240 in
1548 1169 1717 1242 catholica
1733 1166 1864 1265 eeclefia
1885 1168 2024 1263 quidam
2040 1193 2066 1245 a

328 1257 335 1346 l
382 1293 414 1342 r.
438 1290 473 1359 3.
496 1263 745 1364 prohibentium
761 1263 896 1339 nubere:
921 1294 962 1340 er
978 1293 1045 1358 qua
1065 1266 1108 1340 lic
1125 1290 1209 1340 con·
1232 1269 1364 1366 nuptiis
1390 1278 1581 1345 arceantur.
1658 1263 1760 1367 Resp.
1785 1264 1850 1340 else
1868 1266 1931 1339 ·hic
1955 1268 2065 1362 dispe-

328 1377 332 1438 ἱ
376 1365 567 1441 aodimus:
598 1368 760 1438 Dostrina
777 1365 1059 1440 antichristianae
1084 1364 1207 1456 spiriti·
1232 1393 1305 1441 rem
1325 1368 1514 1451 rationemt
1538 1391 1622 1458 quos
1642 1393 1733 1442 emm
1748 1361 1819 1459 ipsa
1841 1364 1894 1440 lex
1913 1372 2064 1465 conjugii
2176 1461 2179 1468 Ι

380 1463 441 1540 bus
468 1468 594 1539 erroris
625 1462 690 1537 stve
714 1462 888 1537 fallacibus
912 1464 1065 1556 profetia
1085 1465 1206 1540 merito
1231 1469 1392 1541 diuinitus
1434 1465 1627 1561 romulgata
1643 1466 1686 1541 ab
1710 1465 1774 1541 hoc
1797 1467 1873 1542 rirae
1884 1469 2071 1549 statu,vel'

328 1577 333 1654 l
379 1567 426 1640 eu
452 1567 724 1655 repudiandam
751 1568 947 1639 damnanda.
1017 1564 1206 1640 Prohibitio
1230 1589 1371 1658 propter
1396 1491 1563 1660 inguinis
1601 1567 1897 1660 propinquitatem,
1913 1567 1982 1646 ¹rel
2015 1569 2060 1644 ob
2112 1617 2114 1624 .

328 1663 334 1740 l
378 1659 599 1739 secundarum
634 1664 827 1751 nuptiarum
865 1666 911 1735 eil
942 1666 1015 1736 talis
1042 1664 1205 1737 dodlrina.
1229 1669 1442 1740 immaturam
1460 1687 1620 1755 etatem,
1643 1666 1697 1739 vel
1722 1660 1891 1738 obcaufis
1913 1663 1991 1739 alius
2008 1694 2062 1742 ar.
2183 1665 2186 1674 '

328 1743 333 1842 i
377 1766 483 1857 ergo.
503 1762 732 1838 Tertullianus
749 1765 791 1835 de
805 1759 941 1855 morlog.
952 1790 981 1836 c.
993 1763 1072 1840 XV.
1082 1788 1203 1856 p.579.
1230 1789 1304 1851 cet,
1331 1763 1397 1838 illis
1419 1753 1508 1837 houd
1534 1766 1655 1853 injurie
1677 1766 1872 1856 conjugium
1899 1765 2062 1854 prohibe·

328 1849 332 1930 ἕ
376 1883 481 1956 negat
506 1858 707 1935 adsumtum.
768 1855 884 1935 Notat
908 1863 1056 1954 inquit)
1076 1864 1207 1963 aposto·
1231 1885 1304 1947 tur,
1331 1861 1387 1937 sed
1402 1868 1527 1937 iteratae
1542 1865 1669 1955 nuptie
1687 1890 1755 1938 non
1774 1860 1849 1937 suut
1876 1861 1953 1957 lege
1974 1869 2060 1940 diri·

377 1959 430 2036 liu
447 1984 528 2049 eor,
551 1963 611 2059 qui
626 1962 663 2034 in
679 1970 785 2034 totum
812 1958 936 2034 nubere
954 1961 1206 2061 prohibebant,
1230 1990 1272 2036 ur
1296 1963 1475 2055 prohibitae
1488 2012 1502 2046 ,
1540 1987 1625 2057 ergo
1654 1961 1697 2036 ab
1720 1963 1786 2044 illis
1807 1987 1916 2037 nemo·
1932 1966 1980 2038 ell
2006 1992 2061 2042 ar.
2083 2023 2094 2044 ,

328 2067 330 2092 ²
377 2062 433 2160 qai
458 2057 503 2135 ΕΞ
523 2058 566 2136 de
586 2058 673 2135 cibis
701 2057 968 2149 interdicebant,
1003 2086 1085 2159 quar
1110 2057 1206 2136 Deus
1228 2066 1362 2140 crudus.
2022 2105 2029 2132 t

328 2223 337 2262 .·
378 2160 543 2237 condidit.
610 2155 687 2234 Nos
720 2184 797 2234 uero
829 2185 895 2235 non
926 2164 1039 2258 magis
1067 2162 1206 2261 nuptias
1314 2173 1348 2253 ς.
1374 2163 1576 2239 CLXXXV.
1635 2165 1712 2250 vt.)
1739 2159 1794 2234 Ab
1846 2156 1985 2244 vlunt
2001 2167 2059 2240 ire-

337 2297 340 2304 ·
377 2261 567 2357 asserimur
581 2313 594 2346 ,
607 2261 640 2359 st
654 2256 820 2356 secundat
836 2262 974 2359 nuptias
995 2261 1205 2360 recusamus,
1229 2262 1429 2338 iteratarum
1458 2262 1653 2359 nuptiarum
1680 2263 1797 2335 condi·
1849 2251 2059 2339 'mmm‘

328 2399 332 2462 5
377 2384 476 2464 mane
499 2358 593 2434 eibos
614 2358 852 2457 reprobamus,
879 2363 915 2463 fi
927 2360 1055 2458 sapius
1071 2365 1206 2460 jejuna·
1229 2365 1329 2437 tione.
1380 2367 1415 2435 Si
1435 2362 1559 2436 illicita
1590 2357 1664 2433 sum
1693 2357 1807 2434 secun·
1851 2334 2022 2470 mm„

328 2465 336 2532 l
377 2487 459 2538 neas.
513 2456 694 2561 Asittdest
716 2484 761 2533 au
780 2485 868 2547 erre,
892 2460 991 2537 aliud
1012 2473 1204 2559 temperare,
1230 2467 1278 2536 dae
1296 2464 1439 2554 nuptiae,
1460 2459 1796 2544 ideoeruntillicitae,
2021 2453 2032 2474 ⁰

328 2537 333 2636 i
376 2559 475 2638 aliud
492 2558 602 2657 segem
618 2583 685 2634 non
702 2586 747 2633 nu
768 2560 846 2634 endi
856 2584 997 2659 ponere,
1022 2561 1122 2635 aliud
1135 2586 1204 2635 mo·
1229 2562 1284 2635 uel
1305 2564 1395 2652 quod
1417 2556 1553 2650 speciali
1573 2562 1682 2649 aliqua
1702 2562 1782 2632 novi
1796 2562 1980 2636 testamenti
1990 2555 2058 2635 dis.

328 2669 333 2764 ,¹
378 2661 463 2738 dam
493 2658 652 2743 auttendi¹
663 2662 818 2759 statuere.
890 2659 991 2751 Reso.
1021 2661 1205 2754 prohibitio
1227 2661 1390 2753 positione
1422 2659 1485 2733 smr
1513 2655 1674 2740 sublate,
1699 2658 1753 2732 vel
1777 2663 1867 2750 quod
1893 2660 2057 2735 honestati

328 2767 339 2820 '-
377 2763 574 2856 nuptiarum
588 2760 641 2833 vel
656 2763 702 2832 eil
709 2758 888 2857 generalis,
902 2761 955 2834 vel
968 2762 1203 2856 particularis.
1228 2788 1267 2834 ac
1288 2762 1383 2834 bonis
1399 2758 1550 2833 moribus
1565 2781 1767 2849 repugnent.
1819 2761 1882 2831 Sed
1898 2784 2056 2834 neutrum

368 2859 557 2938 §eneralis
585 2859 772 2950 prohibitio
804 2859 859 2930 hic
892 2859 1035 2952 intelligi
1063 2865 1204 2946 nequit,
1229 2862 1295 2932 dici
1317 2862 1434 2950 potest.
1486 2863 1567 2930 Nou
1591 2859 1709 2954 prius,
1731 2880 1768 2929 ut
1796 2861 1922 2930 tonllat
1944 2858 1985 2930 ex
2004 2861 2056 2933 di.

376 2964 466 3052 guia
488 2957 602 3032 nullus
630 2986 776 3051 unquam
804 2957 976 3032 haereticus
1004 2959 1202 3034 eoinsnnier
1230 2963 1314 3039 ais,
1340 2969 1374 3032 &
1398 2956 1601 3030 manifestius
1628 2954 1791 3029 elucescet
1812 2983 1851 3028 ex
1874 2982 2055 3050 tegumen.

350 3056 567 3155 progressus
591 3060 662 3145 est,
695 3082 735 3131 ut
755 3055 910 3131 omnibus
933 3060 1069 3130 omnino
1095 3058 1200 3131 homi·
1225 3071 1362 3137 torum,
1392 3084 1464 3144 que
1491 3079 1605 3128 contro
1633 3052 1788 3129 secundas
1810 3059 1940 3145 nuptias
1959 3056 2059 3131 adse.

332 3247 335 3254 Ι
376 3160 472 3233 nibus
489 3153 640 3232 absoltue
663 3157 906 3246 &simpliciter
923 3160 1136 3228 matrimonio
1153 3162 1201 3228 in·
1228 3181 1360 3240 rentur,
1384 3158 1545 3228 examine.
1596 3159 1671 3227 Nec
1692 3155 1867 3253 posterius,
1890 3158 1965 3243 quia
1987 3182 2051 3246 pu·

377 3263 578 3339 terdicsret,
600 3249 654 3330 sed
670 3282 775 3329 certas
792 3250 946 3345 personas
961 3253 1019 3327 sub
1037 3253 1143 3345 specie
1167 3267 1202 3331 δι
1227 3279 1369 3348 gnorent
1394 3281 1472 3326 cum
1493 3253 1569 3345 loge
1591 3253 1738 3333 morali,
1762 3251 1945 3343 presertim
1973 3280 2052 3330 cum
2098 3289 2102 3298 ¹

328 3365 331 3370 '
374 3360 536 3450 opinione
557 3359 691 3444 majoris
707 3352 884 3428 santiitatis
905 3384 922 3428 a
942 3357 1071 3451 nuptiis
1085 3355 1201 3445 prohi-
1227 3375 1396 3444 praecepto
1415 3356 1456 3425 de
1474 3357 1620 3424 castitate
1641 3353 1861 3442 &pudicitia
1914 3359 1960 3427 At
1983 3353 2052 3430 hoc

375 3454 532 3531 luerunt.
583 3455 659 3550 Qui
680 3454 872 3549 generalem
894 3456 1098 3527 matrimonii
1120 3480 1202 3544 pro·
1226 3456 1292 3526 dici
1315 3455 1451 3541 nequit,
1478 3452 1554 3539 quia
1580 3452 1614 3523 in
1640 3446 1788 3525 secundis
1821 3455 1946 3543 nuptiis
1966 3454 2051 3527 nihil

328 3553 335 3624 ἶ
374 3553 572 3632 libitioneut
591 3557 806 3626 introducere
825 3552 953 3634 vellet,
981 3550 1024 3624 ab
1045 3553 1201 3625 onmibur
1227 3555 1407 3642 quidquam
1430 3553 1557 3622 ostendi
1585 3552 1711 3640 potest,
1738 3552 1828 3640 quod
1847 3574 1914 3623 non
1932 3577 2051 3625 occur·

328 3643 332 3748 ζ
373 3657 495 3750 muita
517 3653 735 3727 rideretur&
755 3652 1017 3741 exploderetur,
1044 3676 1200 3741 tunquam
1226 3674 1277 3724 rat
1297 3655 1396 3724 etiam
1413 3652 1447 3722 in
1462 3651 1580 3739 primis¹
1600 3652 1734 3740 nuptiis.
1784 3652 1889 3745 Quod
1917 3648 1940 3724 st
1964 3675 2050 3746 erge

328 3765 335 3864 ᾗ
373 3756 559 3830 eommunis
580 3750 716 3824 humani
731 3756 865 3843 generis
889 3751 1006 3837 hollis,
1036 3760 1129 3842 cujus
1153 3750 1200 3823 le
1226 3747 1373 3823 secundae
1396 3752 1519 3838 nuptia
1539 3771 1691 3840 pugnant
1710 3774 1786 3821 cum
1807 3750 1883 3842 lege
1906 3750 2049 3835 morali,

372 3857 526 3949 ςίῑίωιηι
549 3849 610 3941 per
633 3852 829 3944 conjugium
854 3854 1130 3943 propagationem
1150 3852 1201 3920 in·
1225 3875 1302 3922 cum
1326 3870 1495 3938 praecepto
1523 3851 1564 3921 de
1597 3852 1766 3929 castitate,
1799 3852 1947 3936 adeoque
1969 3875 2049 3923 cum

373 3975 505 4028 meere
538 3959 574 4026 de
598 3951 763 4039 impedire
789 3974 976 4023 conaretur.
1038 3953 1198 4021 Preterea
1217 3946 1392 4021 'honellrte
1407 3958 1439 4023 dt
1462 3946 1739 4034 bouismoribus‚
1764 3950 1878 4036 utique
1898 3947 1988 4021 idem
2004 3953 2048 4028 de

329 4109 332 4116 .
371 4051 474 4143 gualis
495 4047 681 4141 prohibitio
711 4047 889 4131 ciborum,
920 4046 992 4122 talis
1019 4052 1119 4120 etiam
1139 4073 1200 4122 nu·
1222 4050 1340 4139 primis
1370 4049 1495 4135 nuptiis
1525 4048 1593 4119 dici
1625 4050 1760 4137 poterit.
1829 4045 2049 4122 Bellarmioue

366 4152 521 4250 piarum
543 4146 729 4239 prohibitio
757 4149 791 4219 in
820 4172 912 4221 textu
941 4146 1120 4238 apostolico
1148 4151 1199 4221 in.
1220 4145 1300 4221 libr.
1318 4150 1359 4218 de
1379 4145 1508 4219 clericis
1524 4168 1596 4235 cap.
1616 4143 1750 4218 lleV.
1771 4142 1984 4237 respondad
1998 4143 2048 4221 se·
2130 4229 2136 4238 ⁸

370 4249 564 4366 telligeuda.
611 4253 657 4322 lit
679 4271 747 4319 non
764 4251 870 4337 potest
889 4248 1033 4341 intelligi
1058 4271 1198 4338 genera·
1221 4249 1321 4319 cond.
1340 4244 1459 4332 objett.
1481 4239 1642 4331 disputat,
1665 4244 1853 4331 rationem,
1891 4268 1953 4319 cur
1976 4248 2047 4343 epi·

349 4345 408 4434 ¹p„
427 4348 589 4424 “borum
607 4345 814 4436 proffibjgffi
838 4350 910 4435 qui,
926 4351 1016 4419 ,nim
1038 4371 1116 4418 eum
1136 4372 1194 4419 au·
1212 4343 1314 4441 scopi
1329 4399 1339 4428 ‚
1371 4342 1557 4440 presbyteri
1585 4338 1626 4413 ii
1648 4342 1790 4418 diaconi
1815 4343 1955 4418 debeant
1985 4341 2046 4443 effe

366 4451 481 4533 diret,
504 4448 565 4536 qui
595 4444 638 4517 ab
669 4447 824 4517 omnibus
855 4445 937 4518 cibis
960 4443 1192 4517 'abstinendum
1219 4444 1430 4537 mmrogami,
1456 4439 1515 4538 effe
1537 4441 1668 4537 partim
1693 4443 1878 4530 moralem,
1912 4448 2045 4542 partina
2194 4510 2200 4516 .

367 4551 523 4624 domm?
549 4550 642 4634 Ergo
658 4570 719 4617 nec
731 4546 895 4637 generalis
910 4547 1101 4634 nuptiarum
1117 4568 1195 4634 pro·
1219 4545 1403 4644 mysticam.
1456 4538 1621 4614 Moralem
1646 4539 1709 4616 else
1725 4546 1805 4617 dicit
1821 4546 1980 4619 retinerem
1982 4545 2045 4643 su«
2082 4606 2084 4610 .

366 4643 487 4722 lu'bitio
508 4640 736 4736 intelligenda.
789 4648 947 4734 Denique
967 4668 1004 4715 ut
1029 4642 1195 4734 apostolus
1211 4642 1402 4744 spicionem
1431 4641 1702 4722 incontinentia,-
1723 4640 1784 4736 ¹seu
1813 4644 2043 4742 perfetiiorena

365 4744 554 4825 mocludit,
583 4767 650 4814 nou
670 4739 733 4817 esse
748 4767 839 4815 certa
863 4747 1015 4830 quedem
1040 4740 1192 4815 ciborum
1220 4744 1478 4828 continentiam,
1502 4767 1540 4813 ac
1553 4742 1663 4827 postea
1679 4739 1864 4834 subjungit:
1892 4743 2043 4847 Etianrfi

365 4869 490 4942 genera
505 4839 566 4915 sub
581 4843 738 4930 opinione
748 4843 923 4932 peculiaris
938 4841 1108 4939 cujusdam
1121 4838 1190 4913 san-
1215 4843 1452 4917 concubinatus
1468 4841 1602 4936 turpior
1603 4841 1665 4939 stt,
1678 4864 1778 4937 qnam
1791 4843 1965 4940 digamia,
1984 4827 2042 4920 ia-

336 4947 485 5022 &imnis
497 4938 727 5035 prohibenda,
751 4967 829 5013 cum
848 4937 941 5036 Deus
960 4942 1190 5014 creaueriteot
1215 4970 1287 5016 ntea
1310 4941 1500 5038 digamiam
1522 4965 1567 5011 en
1588 4951 1713 5014 natura
1729 4939 1796 5037 sua
1822 4946 1955 5041 fignnm
1982 4941 2043 5042 effe
2146 5015 2148 5022 .

367 5044 411 5120 ad
430 5038 710 5145 participandum
732 5040 932 5141 ofidele'lmt
961 5068 1032 5116 eum
1052 5042 1186 5136 gratia·
1215 5044 1464 5116 incontinentia
1502 5041 1614 5134 magis
1650 5039 1818 5116 diuturna
1843 5045 2042 5143 firmiusque

366 5167 437 5226 eane
454 5144 586 5223 atione
603 5165 615 5218 .·
639 5142 687 5217 ita
703 5164 836 5244 quoque
856 5140 1103 5226 concludimus,
1119 5167 1190 5230 noo
1213 5142 1416 5220 titanum.
1468 5144 1557 5224 Cum
1577 5165 1657 5218 vero
1676 5136 1824 5226 secunde
1844 5141 2041 5238 nuptiaesua

1260 5248 1293 5316 Y
1310 5266 1338 5339 p
1958 5242 2044 5319 'ua-
