4884 5984
476 480 523 569 ‚a
745 493 762 528 ·›
849 559 852 564 ,
905 461 1254 566 tocrrxxrt
1307 468 1509 546 caatr.
1556 471 1756 562 saort

479 666 607 758 homo,
631 666 817 762 unapetso
881 667 1012 758 ¹tirilitt
1036 692 1081 748 ex,
1098 664 1163 740 hoc
1189 665 1319 756 princi.
1342 658 1534 759 coojnaio.
1552 658 1753 744 siberonem,
1774 663 1850 754 quia
1875 660 1977 752 liberi
1987 671 2178 753 ¹etconfua

478 774 538 861 pio
564 774 700 844 deducit
732 695 923 859 apoaibs,
952 772 1044 857 quod
1062 790 1152 840 uxor
1183 788 1206 839 a
1240 766 1315 839 viro
1339 767 1396 858 gio
1417 757 1523 854 geniti
1549 785 1617 833 non
1637 768 1679 835 ad
1702 786 1832 854 patteut
1852 773 2010 847 ιιιιιιιιὶι,
2047 749 2181 862 neces

482 887 550 941 non
578 869 695 944 debent
716 866 902 965 discedere,
933 870 1044 943 reor.
1068 863 1235 944 V11..to.
1261 859 1317 937 sed
1341 883 1482 934 matrem
1499 881 1646 943 uotum,
1671 856 1726 936 sed
1744 867 1787 936 ad
1805 885 1984 952 utrumque
1997 885 2178 962 parentem
2202 961 2214 972 ..

482 965 571 1040 bona
587 979 623 1044 dr
641 962 778 1039 malain
800 967 972 1039 communi
998 966 1073 1037 vita
1099 957 1318 1037 consortio&
1339 965 1520 1058 pertinent.
2062 1019 2069 1034 ,
2173 1023 2179 1056 ·.

483 1062 720 1140 consuetudine
733 1091 809 1137 cum
826 1057 896 1155 ipso
912 1063 1074 1152 tolerate,
1100 1067 1226 1154 quippe
1241 1086 1318 1134 cum
1392 1096 1396 1104 ·
1430 1070 1458 1153 ς.
1497 1062 1633 1134 xtvn.
1685 1059 1764 1151 tv.)
1800 1054 1938 1159 Navoa
1984 1061 2033 1139 4)
2053 1054 2187 1152 Νθνφ,

482 1162 524 1236 stt
538 1190 603 1238 una
619 1188 697 1252 caro
718 1189 795 1237 cum
816 1157 896 1254 ipso.
949 1165 1006 1259 4.)
1031 1168 1174 1254 Propter
1192 1163 1319 1259 copule
1342 1164 1611 1257 rumroajagum
1629 1156 1825 1249 benediciio,
1843 1184 1917 1263 qur
1966 1158 2037 1201 Μ
2073 1158 2193 1260 ΜΨ

383 1353 386 1358 q
480 1262 674 1360 conjugalis
709 1263 863 1361 officiam.
928 1259 1020 1358 Quia
1039 1262 1130 1335 enim
1160 1267 1318 1356 conjuges
1342 1257 1470 1335 disertis
1486 1272 1521 1334 δι
1535 1254 1692 1347 etpresiir
1707 1261 1919 1370 verbiaadte⁴
1964 1238 2040 1362 ffl'
2054 1217 2179 1350 Μ”Ἰ

352 1367 355 1372 ’
474 1355 557 1436 Υιιιιι
577 1387 641 1435 utta
656 1383 765 1458 caro,
778 1366 852 1435 ideo
868 1362 989 1437 rnnsier
1007 1358 1186 1435 nonhabet
1201 1384 1319 1459 corpo·
1340 1365 1459 1437 tituta
1480 1356 1583 1432 Mose.
1600 1364 1684 1432 Gen
1701 1369 1725 1431 s
1743 1373 1800 1441 ις.
1824 1351 1918 1430 Fecit

479 1461 533 1535 'ris
544 1459 605 1558 soi
619 1462 835 1565 potestatem,
856 1462 921 1561 sed
950 1463 1005 1536 vir
1018 1488 1031 1545 ,·
1057 1486 1116 1535 nec
1138 1462 1193 1535 air
1217 1460 1318 1535 nuber
1340 1486 1395 1536 eos
1419 1457 1602 1556 masculum
1624 1452 1666 1556 is
1683 1453 1902 1551 foeminam,
1936 1451 1978 1530 er
2002 1450 2184 1552 benedixis-

481 1562 634 1656 corporis
646 1559 707 1658 sai
717 1565 927 1663 pransorem,
944 1559 1008 1661 sed
1029 1562 1166 1647 mulier,
1192 1585 1230 1635 ιιι
1248 1588 1316 1636 uon
1341 1564 1398 1638 eis.
1455 1564 1531 1631 Hoc
1547 1559 1613 1629 Dei
1629 1554 1835 1640 benedicere,
1850 1581 1920 1628 non
1941 1557 1990 1629 est
2015 1552 2175 1638 nabale,

322 1673 325 1681 '
425 1735 430 1744 ,
481 1656 605 1750 poffint
623 1656 689 1736 sese
713 1666 857 1736 invicem
879 1662 1058 1743 fraudare,
1091 1658 1146 1735 sed
1168 1663 1315 1735 debitam
1341 1658 1395 1734 sed
1416 1660 1528 1741 reale,
1572 1660 1664 1727 Deus
1681 1661 1771 1728 enim
1792 1657 2019 1730 benedicendo
2038 1649 2176 1736 benefa-¹

482 1758 750 1834 benevolentiam
783 1761 994 1855 conjugalem
1040 1781 1214 1835 teneantur
1256 1761 1316 1836 tibi
1339 1766 1419 1843 rit,
1449 1783 1527 1833 curn
1561 1779 1629 1827 non
1662 1755 1816 1845 loquatur
1847 1756 1980 1843 verba,
2025 1749 2082 1826 sed
2108 1776 2174 1828 rer.

377 1880 382 1888 ·
434 1871 436 1876 '
480 1880 600 1929 mutuo
623 1864 788 1950 presiate.
825 1865 932 1935 tCor.
954 1857 1039 1932 Vis.
1061 1882 1092 1952 3.
1116 1886 1152 1954 4.
1175 1879 1207 1947 5.
1277 1867 1316 1933 ln
1340 1857 1635 1956 Quemadmodum
1684 1857 1787 1946 igitur
1818 1853 1928 1934 iliud,
1961 1856 2052 1943 quod
2079 1858 2175 1927 Dent

312 1981 320 1990 ·
481 1961 654 2030 contractu
679 1961 882 2033 matrimonii
909 1961 1047 2031 maritus
1077 1982 1199 2048 corpus
1220 1957 1314 2032 suurn
1339 1951 1539 2052 benedixisse
1558 1955 1680 2026 dicitur
1701 1953 1770 2027 diei
1778 1951 1951 2052 septimi
1975 1957 2062 2025 Gen·
2078 1953 2124 2027 ll·
2140 1977 2174 2042 3·
2201 1987 2207 1997 ·

478 2056 603 2130 addicit
622 2061 781 2151 coniugi,
816 2068 852 2133 de
882 2060 1002 2147 conjux
1025 2054 1162 2129 vicissim
1191 2083 1315 2147 corpur
1339 2067 1429 2136 aeae
1450 2061 1550 2132 etiam
1570 2050 1613 2123 stc
1631 2054 1817 2142 accipitur,
1848 2052 1938 2158 quod
1968 2053 2178 2125 benedictio«

386 2206 392 2217 -
431 2211 438 2218 .
480 2148 575 2226 suum
604 2160 728 2229 addicit
753 2159 896 2237 marito,
925 2179 962 2228 ut
992 2155 1054 2226 bac
1082 2159 1208 2230 ratione
1234 2154 1315 2229 fiant
1337 2186 1415 2233 nem
1451 2154 1541 2231 suam
1574 2151 1741 2225 ecelesiam
1767 2152 1956 2243 promiserit
1982 2151 2076 2242 iliis,
2113 2150 2174 2243 gui

480 2277 546 2325 una
576 2279 653 2327 caro
680 2279 820 2348 propter
841 2254 969 2345 copule
999 2257 1138 2327 carnaiis
1165 2252 1313 2328 officium
1335 2267 1427 2348 juxta
1448 2256 1550 2350 ipsus
1572 2255 1764 2326 nudatum
1786 2249 2082 2328 &ordinationem
2101 2246 2174 2324 sab·

245 2381 250 2398 .
337 2351 345 2358 “
478 2354 614 2440 utrique
632 2356 719 2443 parti
743 2356 785 2426 ab
814 2377 952 2442 utraque
981 2352 1142 2425 debitum.
1209 2356 1312 2448 Quod
1338 2359 1451 2434 batum
1479 2350 1751 2427 sanstificarerint
1766 2379 1778 2435 3
1812 2356 1856 2426 itt
1875 2376 2007 2441 quoque
2034 2349 2207 2432 beneda·

429 2493 439 2530 ,-
478 2451 569 2522 enim
589 2455 689 2525 etiam
704 2451 856 2543 respeciu
883 2451 1134 2524 cohabitationis
1153 2461 1404 2545 conjuga-saio
1425 2455 1481 2529 isla
1501 2456 1618 2545 primis
1639 2453 1838 2544 conjugibus
1857 2461 1892 2525 dc
1911 2446 2030 2551 santiae
2054 2459 2172 2542 conju.

429 2599 434 2610 ·
477 2544 518 2620 lis
536 2554 867 2643 conjugetdicantor
888 2576 952 2622 una
981 2575 1083 2632 caro,
1108 2555 1206 2624 docet
1229 2576 1312 2640 apo·
1335 2559 1385 2648 gii
1412 2558 1612 2628 ordinationi
1637 2555 1782 2634 coliata,
1822 2559 1912 2627 inter
1928 2575 2047 2627 cetera
2069 2557 2171 2627 etiam

459 2645 579 2720 diosus
605 2653 712 2724 tCor.
740 2643 810 2722 VL'
832 2658 882 2723 16.
952 2646 1014 2721 An
1040 2645 1199 2745 nescitis,
1232 2673 1312 2746 quo·
1335 2656 1399 2727 hoe
1432 2654 1688 2743 complectitur,
1714 2653 1803 2746 quod
1835 2660 1928 2727 Deus
1957 2656 2015 2743 pie
2044 2653 2080 2724 in
2103 2652 2173 2726 hoo
2206 2657 2209 2664 '

335 2788 338 2792 ,
476 2746 571 2830 etiam
601 2750 659 2844 qni
677 2746 827 2821 adstaret
848 2750 1034 2831 meretrici,
1071 2774 1172 2821 onum
1192 2772 1310 2846 corpus
1335 2756 1418 2825 statu
1437 2752 1604 2844 conjugali
1629 2756 1816 2836 viventibus
1841 2750 1931 2827 suum
1963 2752 2170 2828 benedictio
2210 2835 2214 2844 ,

476 2843 637 2940 efficitur?
661 2859 758 2922 erant
784 2848 889 2934 enim,
914 2848 1046 2943 inquit,
1070 2848 1135 2920 dno
1154 2850 1189 2920 in
1211 2872 1310 2924 carne
1334 2878 1411 2924 nem
1428 2853 1544 2947 largiri
1565 2849 1663 2940 velit,
1692 2861 1780 2948 quod
1808 2853 2170 2946 expendensCltment

255 2959 260 2966 '
360 2971 363 2975 ·
477 2966 556 3018 aaa.
608 2954 656 3036 5.)
677 2946 1031 3044 Propter-conjugasir
1047 2946 1311 3023 cohabitationis
1334 2954 1505 3026 Romanus
1524 2953 1581 3027 lib.
1604 2951 1663 3028 Vi.
1687 2955 2166 3046 eonstitapustdicarumeap.

468 3040 634 3138 sntii'urn.
686 3049 856 3144 Conjuget
879 3043 1036 3120 suntuna
1056 3071 1151 3132 caro,
1174 3051 1251 3135 quia
1273 3052 1308 3121 in
1332 3050 1481 3126 XXVII.
1493 3050 1664 3129 sicscribitt
1675 3054 2168 3157 Legerdivinae'nuptiarstono·
2188 3122 2190 3126 .

473 3147 691 3235 generatione
706 3144 808 3233 prolis
825 3141 897 3216 sunt
914 3171 997 3217 unus
1011 3146 1133 3226 homo,
1158 3157 1193 3221 dr
1207 3174 1308 3220 uuam
1332 3162 1477 3233 rorant.
1516 3177 1590 3229 cum
1611 3177 1667 3229 eor
1695 3155 1878 3231 benediiiar
1902 3151 2165 3253 capellanorum
2211 3195 2213 3200 ·

475 3241 642 3314 carnalem
658 3242 788 3332 prolem
810 3266 923 3315 mutua
942 3243 1186 3317 cohabitatione
1205 3272 1309 3340 gene·
1332 3244 1520 3324 Benedixit
1541 3275 1679 3352 nomque
1700 3259 1748 3330 eir
1766 3252 1878 3343 Dens,
1904 3258 1962 3354 qai
1974 3256 2167 3351 foeminam

433 3362 559 3412 ‘rant
590 3343 794 3431 Augustinus
815 3341 874 3415 sib.
898 3341 995 3413 XsV.
1012 3348 1054 3444 de
1072 3345 1135 3415 riv.
1149 3348 1304 3437 Deierp.
1331 3373 1404 3422 cam
1428 3374 1519 3424 erare
1539 3352 1721 3447 copulavit.
1774 3351 1878 3430 Dicit
1897 3366 2007 3429 antem
2036 3353 2078 3437 fii
2098 3354 2167 3434 Sa·
2213 3412 2214 3415 ,

362 3467 370 3474 ·
472 3434 584 3510 xxti.
605 3440 708 3532 Quod
724 3439 830 3528 ipsum
851 3438 875 3512 fi
895 3436 1002 3527 probe
1027 3436 1245 3526 observetur,
1270 3448 1305 3517 in
1330 3446 1463 3523 somno:
1494 3445 1535 3522 A
1566 3449 1717 3527 Domino
1749 3466 1889 3553 aptatur
1925 3454 2045 3531 mulier
2075 3461 2164 3540 viro.¹
2200 3523 2206 3534 .

375 3639 382 3644 Ι
470 3539 650 3625 questione
670 3542 712 3609 de
734 3541 976 3629 propagatione
995 3540 1111 3610 anintae
1145 3566 1304 3635 magnum
1331 3546 1384 3622 Et
1400 3546 1526 3623 David
1542 3554 1621 3629 ais:
1654 3553 1755 3631 Uxor
1775 3566 1835 3630 tna
1846 3558 1941 3657 strui
1958 3558 2041 3631 vitis
2058 3556 2165 3636 abun·

469 3634 634 3709 obtinebit
659 3654 884 3718 momentum,
910 3634 1030 3714 frustra
1051 3639 1140 3711 cnint
1158 3639 1305 3733 disputa-
1327 3647 1424 3723 daur.
1475 3647 1565 3724 Ecce
1577 3653 1628 3750 fir
1650 3653 1855 3730 benedicetur
1874 3655 1999 3746 homo,
2035 3661 2094 3755 qui
2119 3661 2166 3736 ei·-

469 3752 544 3815 tur,
560 3760 602 3807 an
619 3760 638 3805 a
655 3758 762 3823 patre,
779 3760 821 3806 an
839 3760 858 3805 a
875 3756 981 3809 mette
995 3729 1099 3809 soboli
1116 3743 1303 3812 communi·
1328 3761 1393 3822 met
1421 3744 1614 3825 Dominum,
1665 3760 1712 3828 fix
1738 3753 1802 3827 hoc
1817 3759 1937 3829 divin:
1956 3756 2165 3836 benedictio.

467 3855 562 3904 cetur
574 3830 709 3905 animai
733 3859 810 3905 curn
826 3834 859 3904 in
868 3835 1090 3923 generationis
1104 3862 1207 3928 opere
1220 3865 1301 3914 con-
1325 3850 1376 3919 uit
1398 3844 1490 3923 sonte
1507 3854 1603 3925 unice
1628 3852 1784 3943 profluit,
1808 3859 1972 3947 quidquid
1984 3837 2025 3929 'in
2046 3869 2163 3951 conju.

466 3935 564 4020 juger
587 3954 654 4001 non
673 3928 735 4002 stat
754 3935 843 4011 duo,
868 3927 924 4005 sed
948 3956 1012 4005 ona
1031 3959 1119 4022 caro.
1187 3942 1301 4013 Brevi·
1323 3949 1381 4039 gio
1404 3950 1451 4020 est
1472 3947 1597 4023 bonum
1620 3974 1721 4041 atque
1741 3960 1927 4036 commodi,
1950 3957 2054 4045 prolis
2076 3956 2163 4035 seili.

275 4094 288 4141 ,ἱ
320 4098 336 4106 ..
468 4045 521 4098 ter
539 4036 697 4119 conjuges
720 4030 955 4103 dicunturuoa
971 4056 1070 4113 caro,
1093 4039 1170 4124 quia
1188 4040 1301 4111 estin·
1322 4069 1378 4117 cet
1408 4052 1608 4137 generatio,
1645 4055 1850 4141 adjutorium
1882 4078 2066 4142 mutuum,
2092 4070 2163 4138 dcc.¹

443 4144 610 4217 tereos:
634 4117 883 4223 a.)conjuniiio
901 4131 1111 4214 animorum,
1139 4132 1298 4223 squidem
1323 4148 1434 4233 Atque
1469 4144 1539 4218 hec
1567 4152 1655 4222 dista
1676 4149 1737 4222 sint
1766 4155 1808 4224 de
1829 4155 2162 4256 primaeva'conjugii

283 4227 289 4238 ’
434 4305 438 4310 ,
466 4229 553 4296 inter
572 4220 657 4315 ipsos
673 4230 721 4298 est
737 4223 908 4299 consensus
927 4232 1105 4303 individue
1123 4230 1298 4309 consuetu·
1322 4242 1550 4328 institutione,
1574 4251 1629 4320 cui
1649 4275 1717 4321 noo
1738 4254 1939 4329 mediocrem
1960 4259 2160 4348 dignitatem

439 4324 550 4398 'dinis
571 4325 715 4397 invicem
739 4324 918 4410 habendam
946 4325 991 4418 b.)
1015 4330 1202 4426 conjaaiiio
1225 4333 1305 4408 cori
1320 4342 1475 4414 conciliat
1496 4343 1614 4427 locus,
1650 4352 1740 4438 quod
1761 4353 1794 4426 in
1820 4349 1970 4440 paradiso
1992 4365 2026 4427 dr
2043 4360 2078 4430 in
2097 4360 2159 4432 sta·

458 4445 580 4522 portem
597 4425 631 4537 in
647 4427 804 4537 coniugio
820 4421 1297 4543 ¹consttmmatoupercopularat
1321 4460 1358 4510 tu
1373 4445 1567 4524 innocentie
1593 4447 1755 4521 institutio
1779 4450 1836 4524 illa
1863 4449 1948 4526 fasta
1975 4456 2031 4526 est.
2082 4461 2157 4530 Ru·

424 4522 1079 4713 -arta“tststasartaffi
1096 4531 1296 4704 :tan
1317 4544 1576 4728 aaran
1686 4546 1737 4664 ¹¹2
1750 4551 1978 4721 ffl‘t‘r·

461 4744 546 4806 ram¹
564 4746 602 4792 ac
627 4673 820 4806 bonorum,
854 4650 939 4794 fluit
960 4726 1048 4837 enim
1069 4651 1158 4839 brer
1179 4739 1289 4819 conju·
1319 4663 1777 4842 Eobinuesxiiaparatiisttiiri
1797 4655 2196 4841 siimadanihtiiuirior,

460 4817 626 4931 aerbonis
644 4845 854 4904 commutant
878 4820 926 4935 ς.)
944 4823 1131 4918 conjurato
1155 4827 1294 4925 corsart-
1325 4835 1394 4909 rito
1416 4835 1481 4933 suo
1501 4842 1721 4938 copularunt,-
1748 4841 1802 4919 sed
1832 4844 1930 4932 series
1958 4854 2157 4928 narrationie
2203 4907 2214 4920 -

460 4928 669 5034 gratuitarum
701 4930 736 4994 δι
779 4918 1024 5039 adfinitatem,
1065 4922 1299 5020 consanguinei
1317 4932 1470 5011 ,mosaicae
1497 4939 1560 5012 illis
1582 4966 1767 5037 repugnat,
1786 4948 1903 5020 ordine
1925 4952 2014 5022 enirn
2030 4949 2155 5025 deseri·

457 5041 547 5092 entrn
574 5015 918 5135 urortsnfiuntnrodfiner
938 5025 1069 5104 martti,
1098 5034 1134 5100 dc
1157 5024 1297 5120 riciffim
1321 5031 1372 5105 bit
1396 5033 1525 5120 Moses,
1550 5065 1622 5129 qua
1651 5046 1687 5113 in
1704 5039 1773 5132 ipso
1789 5042 1939 5134 paradiso
1952 5053 2043 5141 gasin
2064 5052 2154 5136 sint.
2197 5107 2204 5114 -

457 5112 693 5213 apnsntgutnet
707 5139 821 5195 mutu
836 5115 922 5197 finnt
935 5117 1058 5202 annes
1078 5126 1199 5228 ιιιοιίι.
1233 5127 1295 5230 f.)
1318 5131 1441 5237 quibat
1467 5137 1617 5236 affieri
1639 5138 1880 5240 ¹scrutationem
1906 5143 2026 5232 disecte
2045 5152 2153 5230 adnu.
2180 5205 2191 5222 .

1036 5287 1041 5293 ’
1258 5323 1260 5327 ,
2045 5275 2156 5340 wli
