4884 5984
410 520 484 598 250
537 497 685 571 LOCUS
710 492 840 567 XXVI.
865 492 962 567 CAP.
990 491 1034 566 X.
1062 489 1190 565 SECT.
1215 491 1276 565 ΙΙΙ.
1298 488 1410 563 ART.
1437 485 1482 559 11.
1503 480 1673 561 MEMB.
1696 485 1751 581 n,
1773 482 1943 561 Telum.
1965 485 2018 558 111.

417 684 605 758 dimittere;
635 700 665 749 1.
679 671 761 746 Cor.
777 674 855 744 Vll.
877 695 932 747 10.
955 676 1063 747 huius
1083 693 1224 745 contra·
1256 670 1400 764 quando
1424 664 1567 762 sponsus
1583 668 2060 764 ingrediatut·reiigionern

416 784 516 855 rium
529 777 606 847 Deo
624 774 734 846 tribui
755 774 902 865 nequit,
928 774 1015 845 alias
1041 774 1117 844 duae
1138 793 1221 842 con·
1256 770 1292 839 Si
1316 769 1413 839 enirn
1434 767 1534 839 Deus
1565 762 1646 841 esset
1667 815 1682 853 ,
1706 767 1780 861 qui
1802 767 2061 840 matrimonium

417 878 536 952 traria
566 877 601 945 in
628 872 705 943 Deo
733 869 968 942 statuerentur
991 873 1219 956 voluntates,
1255 886 1374 939 ratum
1397 866 1582 938 dirimeret
1603 888 1671 959 per
1698 865 1823 960 sponsi
1835 860 2065 962 ingressumiu

419 998 494 1051 una
524 973 694 1055 occulta,
720 971 831 1040 altera
853 970 1009 1040 revelata
1032 1017 1044 1056 ,
1069 968 1219 1061 proinde
1256 964 1702 1060 religionem,dicendum
1716 965 1839 1036 etiam
1849 962 2064 1049 foretueun

419 1098 494 1146 non
516 1066 717 1153 estsansta,
744 1065 932 1137 necaDeo
951 1065 1130 1162 profesta,
1156 1087 1221 1135 nec
1259 1057 1355 1147 esse,
1382 1064 1447 1156 qui
1474 1063 1758 1149 matrimonium
1792 1061 2066 1149 consummatum

417 1172 497 1245 Deo
518 1171 663 1264 placens
683 1165 851 1260 cogitatio
879 1212 891 1250 ,
917 1163 939 1234 si
964 1167 1114 1237 maritus
1142 1185 1224 1258 pro·
1263 1161 1423 1247 dirimit,
1451 1161 1796 1255 quandomaritum
1809 1164 1858 1231 ad
1874 1160 2077 1257 religionen·

418 1290 500 1367 pter
530 1269 567 1336 in
599 1258 727 1337 retium
755 1285 792 1332 tn
818 1260 1074 1334 monasterium
1096 1264 1225 1333 datam
1260 1257 1513 1352 mecamquod
1530 1250 2065 1359 tamenpontificiisstfftlctsstt·

420 1289 775 1459 coniugaiemfidem
794 1359 917 1431 fallere
935 1360 1093 1433 instituit.
1142 1360 1226 1430 Pro·
1263 1359 1364 1427 dunt.
1417 1356 1558 1450 Excipit
1573 1355 1864 1445 Bellarminus,
1893 1383 1939 1428 mc
1959 1360 2065 1452 ecticfat

420 1465 593 1561 ponimus
621 1479 743 1529 autem
771 1458 988 1528 Bellarmino
1025 1459 1229 1551 expenden-
1262 1454 1477 1527 declaratione
1493 1454 1604 1549 sciri,
1629 1458 1719 1551 qaod
1736 1451 1843 1529 Deus
1863 1459 2000 1528 dirimat
2019 1481 2066 1526 mo

426 1561 868 1649 dumhocargumentum.
919 1555 1091 1652 Coniugii
1102 1557 1229 1626 vincu·
1262 1555 1419 1625 trimetria
1442 1566 1549 1631 eata,
1575 1551 1622 1627 &f
1642 1577 1718 1624 nors
1730 1556 1883 1625 dirimat
1906 1559 2003 1627 etiam
2019 1579 2066 1629 aa·

350 1702 352 1707 ,
422 1660 503 1734 lum
524 1673 584 1727 aut
601 1674 666 1747 per
677 1672 854 1740 mortem,
879 1673 941 1725 aut
961 1674 1109 1748 propter
1128 1653 1228 1724 adul·
1262 1650 1644 1746 mimmiacmsmmmam
1657 1675 1723 1745 pm
1743 1657 1961 1751 vocatiompm
1978 1661 2018 1725 ad
2035 1678 2067 1725 m·

422 1758 582 1838 terium,
608 1770 748 1843 autper
761 1749 996 1822 desertionem
1015 1750 1229 1823 malitiosam
1262 1752 1418 1848 tigiomm.
1466 1752 1515 1823 At
1537 1753 1604 1823 ha'c
1629 1751 1776 1821 ratione
1802 1753 1933 1847 denuo
1958 1756 2065 1849 petitu

423 1853 583 1927 solvitur.
633 1849 730 1943 Ergo
750 1868 897 1942 propter
917 1851 1077 1944 aliquam
1098 1851 1231 1921 harum
1261 1851 1495 1945 principium.
1545 1848 1601 1939 De
1627 1871 1669 1919 eo
1699 1848 1809 1920 enim
1841 1850 1992 1945 quaestio
2015 1848 2064 1939 et,

421 1952 537 2023 trium
552 1945 737 2019 causarum
758 1945 931 2032 solvitur,
958 1949 1101 2042 quando
1127 1945 1229 2040 spon·
1265 1969 1310 2019 an
1329 1950 1403 2029 haec
1416 1946 1462 2031 ‘fit
1480 1968 1569 2034 uera
1580 1969 1675 2017 verae
1690 1948 1857 2019 ecclefiae
1879 1952 2067 2039 declaratio,

421 2048 481 2124 sus
499 2044 753 2118 monasterium
777 2045 991 2140 ingreditur.
1043 2045 1126 2117 Non
1146 2067 1229 2138 pro·
1266 2046 1405 2115 cumin
1427 2043 1538 2115 verbo
1556 2045 1644 2128 Dei,
1671 2045 1734 2115 cui
1752 2048 1943 2137 ecclesia,
1969 2070 2063 2145 utpote

419 2167 505 2242 ⁴pter
519 2146 684 2235 primam,
710 2142 796 2234 quia
825 2164 899 2211 non
917 2143 1105 2215 intercedit
1128 2163 1229 2214 mors
1266 2140 1393 2217 Christi
1407 2140 1547 2236 sponsa,
1573 2143 1679 2213 unice
1699 2141 1882 2217 austrina
1906 2145 1982 2233 est,
2007 2170 2064 2218 coo·

423 2241 610 2314 naturalis.
667 2238 705 2308 si
724 2240 767 2310 de
787 2259 902 2310 morte
921 2237 1095 2334 spirituali
1116 2262 1229 2335 nuga·
1264 2241 1417 2314 tracium
1432 2242 1612 2311 doccatur.
1647 2240 1773 2327 Quam
1790 2243 2064 2317 veroBellami

423 2340 460 2410 ri
479 2338 551 2408 inci
578 2338 682 2421 iant,
711 2335 808 2428 quast
831 2334 962 2409 scilicet
991 2336 1135 2432 sponsus
1164 2359 1230 2434 per
1265 2360 1333 2417 nus
1351 2338 1523 2434 intelligit
1538 2337 1748 2410 ecclesiam?
1782 2365 1886 2413 num
1899 2341 2064 2436 pontifices

421 2437 530 2530 ingre
558 2456 623 2506 um
641 2435 679 2504 in
698 2432 915 2528 religionem
931 2438 1108 2507 moriatur
1124 2456 1229 2507 mun·
1264 2436 1444 2515 Romanos
1460 2434 1472 2504 i
1496 2458 1531 2506 at
1548 2437 1697 2511 illorum
1721 2441 1971 2511 autoritatem
1995 2438 2064 2535 apud

424 2535 473 2606 do
496 2581 508 2621 ,
538 2540 571 2605 δι
599 2550 761 2603 veterem
790 2533 977 2605 hominem
1013 2531 1248 2623 mortificet3.
1265 2554 1330 2603 nos
1346 2527 1410 2602 etse
1426 2532 1563 2603 nullam
1578 2537 1703 2618 novit,
1731 2534 1757 2604 st
1777 2534 1962 2627 suffragio
1978 2538 2063 2610 ditioi

405 2631 584 2711 ¹breviter
611 2627 891 2722 respondemus,
916 2653 988 2701 non
1009 2630 1230 2725 spirimalem
1263 2630 1366 2702 verbi
1391 2629 1621 2722 destituatur3
1649 2633 1741 2703 adde
1772 2639 1885 2731 quod
1913 2639 2063 2727 Romana

419 2729 527 2802 illam
543 2747 699 2799 mertem
713 2747 734 2798 a
749 2727 925 2820 peccatis,
949 2751 1029 2823 quae
1049 2728 1092 2801 ab
1114 2730 1229 2799 emni-
1265 2748 1348 2800 rum
1375 2725 1586 2822 pontificum
1606 2726 1814 2825 sanstiones
1835 2734 2063 2827 inquaesliooa

422 2825 494 2898 bus
511 2847 596 2896 vere
615 2825 684 2919 piis
708 2825 905 2916 requiritur
926 2874 938 2911 ,
965 2849 1118 2921 quaeque
1139 2828 1229 2896 inte·
1264 2826 1307 2895 de
1324 2827 1545 2897 matrimonii
1560 2825 1778 2918 solubilitate
1803 2830 2010 2927 plurimum
2021 2851 2062 2901 tt·

423 2922 516 2994 riori
531 2921 661 2992 mentis
673 2923 1019 3009 renovatione,non
1034 2944 1155 2997 autem
1170 2945 1230 2993 ex·
1265 2923 1392 3010 rient,
1434 2944 1475 2996 ut
1512 2945 1558 2995 ex
1586 2927 1889 3019 praecedentibus
1932 2930 2061 3007 massan

425 3020 557 3097 teriore
578 3016 684 3089 slatus
716 3020 913 3091 mutatione
931 3020 1144 3114 perficitur,
1171 3019 1230 3091 sed
1263 3020 1387 3115 potest.
1431 3094 1435 3101 ,
1867 3018 1870 3023 ’
1999 3018 2003 3029 '

422 3114 1117 3213 naturalemduntaxattivecorporalem
1132 3141 1228 3209 mor·
1462 3194 1466 3203 ,
1588 3170 1681 3194 ....
1764 3184 1782 3214 ,,
1902 3186 1908 3199 ,

422 3232 500 3285 tent
516 3211 678 3305 coniugii
693 3212 882 3284 vinculum
902 3213 1098 3287 dissolvere.
1150 3217 1231 3290 Nee
1336 3226 1366 3304 §.
1391 3215 1579 3291 DCLXXI.
1627 3212 2059 3314 Quodposterioremettce·

423 3330 572 3407 propter
584 3307 793 3402 secundam,
820 3313 906 3405 quia
938 3336 1010 3385 non
1043 3315 1231 3388 intercedit
1262 3315 1427 3411 ptionem
1439 3319 1572 3389 adtinet
1588 3318 1660 3411 „in
1679 3340 1721 3390 ea
1740 3314 1880 3405 itidem
1911 3323 2059 3420 repetitur

422 3407 670 3492 adulterium,
697 3407 757 3478 nifi
783 3409 900 3479 dicere
923 3411 1108 3499 velimus,
1133 3434 1173 3485 ut
1191 3415 1230 3484 in
1266 3415 1332 3503 id,
1360 3415 1457 3508 quod
1474 3415 1600 3487 eratin
1615 3414 1827 3509 quaestione.
1882 3421 2058 3494 Probamut

422 3502 646 3577 monasteriis
659 3503 852 3598 pontificiis
869 3505 1060 3601 spiritualis
1075 3509 1229 3583 fornica·
1264 3533 1330 3587 nos
1346 3534 1391 3581 ex
1402 3512 1522 3585 verbis
1542 3511 1667 3595 Christi
1687 3520 1723 3584 δι
1741 3512 1935 3608 apostoli,
1962 3519 2057 3591 matti·

423 3602 474 3672 tin
505 3608 538 3672 δι
565 3600 766 3687 idololatria
787 3625 852 3695 per
868 3606 1134 3678 invocationem
1152 3605 1229 3699 *san-
1263 3609 1378 3681 monii
1402 3611 1576 3687 divinitus
1606 3610 1796 3683 coniuncti
1823 3661 1836 3700 ,
1866 3618 2056 3691 siveram

325 3774 327 3781 ,
424 3697 598 3783 storum,
627 3700 765 3771 culmm
795 3703 1005 3797 religiosum
1024 3703 1230 3800 imaginum
1261 3707 2053 3821 tautumsit,stvetatomstmml&canfitmmatm

426 3804 460 3871 δι
491 3795 729 3888 reliquiarum
757 3843 770 3883 ,
794 3820 860 3891 per
887 3798 1136 3902 a’pramerpe'at
1161 3810 1232 3877 &m
1260 3804 1450 3894 vinculum
1475 3802 1540 3877 esse
1566 3806 1609 3878 ab
1640 3810 1792 3881 homine
1824 3810 2055 3889 indissolubile«

424 3912 613 3966 exercetur
635 3938 647 3979 ,
673 3895 722 3964 ita
744 3906 891 3989 quoque
914 3903 1138 3992 corporalem
1155 3901 1227 3985 for·
1260 3900 1500 3989 Bellarminus
1515 3904 1719 3997 respondet,
1740 3906 2054 3999 matrimattirm'mm¹

359 4079 362 4085 Ι
422 3990 642 4063 nicationem
661 3991 698 4061 in
717 3991 787 4062 illis
807 3994 958 4088 vigere,
985 3999 1082 4088 quod
1097 4018 1136 4069 ut
1153 4021 1227 4071 cre·
1252 3996 1536 4091 stromatumm'an
1551 3998 1825 4105 desolationis
1842 4035 1866 4078 a
1886 4007 1983 4090 Deo,
2006 4030 2054 4079 tto

424 4090 589 4173 damus,
625 4086 736 4159 ¹facile
756 4089 881 4161 induci
904 4087 1100 4184 possumus.
1160 4100 1227 4168 Re·
1260 4101 1449 4171 trimetriam
1465 4111 1573 4169 autem
1587 4112 1853 4175 ratum-tantum
1869 4108 1933 4205 effi
1944 4102 2054 4203 sotini·

422 4185 602 4277 linquitur
623 4186 759 4280 igitur,
788 4188 886 4278 quod
916 4187 961 4257 ob
991 4192 1121 4262 tertiam
1144 4215 1226 4266 cau·
1259 4201 1437 4271 autoritate
1453 4200 1546 4287 poeti
1570 4202 1640 4273 eis,
1669 4199 1802 4299 &stne
1815 4206 1875 4276 iila
1896 4209 2053 4281 autoritate

421 4280 497 4353 sam
518 4327 531 4367 ,
556 4281 722 4352 videlicet
755 4280 800 4352 ob
823 4284 1034 4357 malitiosam
1061 4288 1226 4363 desertio·
1257 4318 1318 4387 per
1332 4292 1550 4390 ingrqffqmin
1564 4297 1759 4393 religionem.
1813 4304 1866 4376 At
1884 4308 1931 4377 de
1946 4331 1985 4381 eo
1998 4297 2053 4399 ipso

421 4400 529 4464 nem,
556 4375 616 4450 fiat
633 4373 836 4467 dissolutio,
863 4378 886 4451 st
913 4385 1055 4475 quando
1080 4385 1224 4481 sponsus
1261 4395 1469 4487 quaeritur,
1483 4418 1528 4481 att
1542 4399 1787 4475 matrimonium
1808 4416 1930 4475 ratam
1945 4386 2052 4501 pontiti«¹

421 4472 858 4570 monasteriumingressus
870 4477 980 4553 fidem
996 4485 1225 4581 coniugalem
1259 4491 1628 4586 tisamtoritataprap'ter
1641 4491 1822 4593 ingressum
1835 4504 1873 4573 im
1891 4496 2050 4603 religioe·

420 4570 550 4666 sponsae
585 4574 703 4645 datam
731 4574 850 4660 fallit,
879 4578 915 4647 id
945 4583 1041 4672 quod
1071 4583 1225 4656 libenter
1254 4587 1334 4677 sosoi
1343 4589 1463 4682 paffitiff
1489 4595 1709 4677 contrarium
1726 4590 1912 4674 docemus
1933 4592 2049 4673 exter·

422 4671 679 4782 concedimqu
706 4671 762 4743 sed
783 4674 981 4763 addimus,
1009 4678 1222 4755 desertorem
1258 4683 1313 4759 bis
1342 4686 1468 4761 Christi
1495 4696 1530 4760 dc
1546 4688 1704 4783 aposloli.
1756 4695 1869 4781 Quod
1898 4700 2048 4773 dimititte

373 4835 375 4839 .
418 4767 524 4877 illum
552 4768 751 4876 grauissime
775 4792 954 4862 peccare,
982 4797 1064 4848 cum
1084 4802 1154 4850 non
1180 4783 1221 4851 de
1259 4784 1517 4872 coniundlum,
1546 4788 1664 4858 nullus
1686 4791 1892 4868 hominurn
1911 4798 2047 4893 separare

418 4882 499 4972 ture
520 4862 575 4934 sed
594 4866 636 4934 de
650 4864 741 4977 tastu
757 4869 945 4965 coniugale
962 4875 1221 4955 vinculumne·
1258 4882 1390 4974 debet3
1416 4884 1579 4976 pontifex
1604 4882 1651 4957 est
1671 4889 1814 4978 homo,
1841 4900 1956 4969 modo
1980 4890 2047 4962 velit

418 4958 509 5033 sane
526 4962 729 5075 disrumpit.
757 4963 944 5059 Negamus
954 4973 1086 5066 igitur,
1101 4976 1219 5048 Deum
1256 4977 1288 5050 se
1307 4982 1404 5053 illius
1419 4978 1646 5053 successorem
1661 4986 1882 5080 agnoscere,
1910 4997 1972 5088 qui
1985 4984 2045 5061 ou

417 5051 506 5156 effe,
534 5079 599 5158 qut
618 5065 893 5177 matrimonium
917 5091 1035 5156 retum
1059 5076 1217 5169 dirimit,
1253 5078 1297 5153 X.
1318 5084 1377 5167 26,
1402 5077 1675 5207 atlcptnelium
1691 5082 1812 5182 dicit,
1835 5089 1947 5192 appii
1963 5082 2045 5207 imit

1108 5206 1114 5236 :
1146 5209 1148 5212 ·
2005 5208 2042 5265 gt·

2099 862 2102 995 s
