4884 5984
425 528 497 616 ιιι
546 521 1035 598 ιοοιιιιιιινι.,ςιι.ν.
1083 490 1320 593 mamonis.
1368 518 1476 591 nur.
1494 519 1537 587 ιι.
1586 480 1740 584 ιιιιιι
1788 509 1912 586 secr.
1927 511 1992 583 ιιι.

424 742 531 810 gnum
543 741 712 791 terrenum
731 717 811 798 suit,
837 717 902 808 Joh
934 714 1225 804 Vl.15.judicesrt
1251 716 1334 786 vinis
1348 707 1632 803 prohibitionibus
1659 709 1749 778 velut
1773 703 1948 814 sepiuteuti
1978 701 2055 778 loco

426 823 467 891 de
478 822 860 890 terrenorumbonorum
875 817 1105 892 distributione
1122 808 1267 885 seessea
1302 811 1478 883 christiano
1508 812 1702 900 magistratu
1736 810 1813 875 addi
1849 806 1939 909 posse
1971 827 2056 874 cou-

423 922 583 1008 negavit,
613 922 693 990 Luc.
709 916 787 988 xit.
809 943 860 1004 sa.
885 939 946 986 nec
966 919 1091 1003 ulpiam
1112 912 1226 1001 politi·
1249 909 1425 990 cedimus,
1455 932 1491 978 ut
1519 908 1656 978 inferius
1686 904 1879 989 adparebi13
1905 907 2055 1002 sednon

426 1037 498 1085 carn
522 1016 664 1103 aliquam
683 1016 792 1105 legem
815 1005 968 1102 prosette
992 1015 1122 1091 volitis,
1148 1012 1387 1096 cumadparet
1418 1011 1520 1087 tatio,
1556 1031 1615 1077 cur
1634 1015 1789 1099 quartum
1819 1002 1967 1097 gradum
1986 1022 2055 1072 ,ιο-

427 1110 529 1184 officii
549 1109 597 1184 sui
625 1138 737 1203 partes
758 1118 791 1184 in
818 1111 866 1181 his
894 1114 990 1183 terris
1021 1132 1226 1201 peragerett
1251 1108 1373 1179 luerint
1389 1110 1580 1194 edjedtum,
1609 1106 1707 1193 hujus
1738 1104 1828 1201 enim
1853 1098 2056 1189 prohibitio·

426 1217 517 1298 quod
536 1212 626 1283 aliud
648 1213 745 1285 hodie
765 1212 844 1284 velit
863 1237 925 1299 per
942 1209 1034 1280 suum
1053 1210 1226 1286 vicarium,
1250 1212 1300 1277 nis
1316 1231 1377 1276 nec
1396 1208 1428 1274 iu
1452 1203 1526 1294 lege
1549 1206 1679 1284 divina,
1701 1228 1762 1272 nec
1785 1204 1819 1270 in
1838 1224 1911 1285 iure
1935 1197 2054 1277 civili,
2100 1237 2103 1244 ·

428 1312 619 1383 Romanum
635 1307 755 1382 scilicet
771 1305 990 1399 pontificem,
1012 1334 1130 1402 agere,
1156 1303 1229 1377 Bel·
1251 1332 1312 1377 nec
1329 1307 1363 1374 in
1385 1301 1602 1376 vetutitbrum
1626 1302 1845 1372 conciliorum
1872 1295 2067 1412 canonibus.

428 1405 587 1480 lerminus
613 1416 760 1480 nondum
787 1412 1033 1480 demonstravit.
1089 1417 1132 1497 a.)
1161 1402 1227 1482 Le·
1251 1403 1357 1474 ullum
1382 1405 1484 1494 exstat
1508 1404 1692 1491 vestigium.
1746 1399 1902 1470 Rubentis
1924 1419 1960 1466 ιιι
1984 1415 2057 1484 ept-

428 1530 486 1600 ges
505 1507 546 1578 de
562 1510 778 1580 matrimonio
791 1529 864 1578 non
879 1503 937 1602 elli
957 1528 1041 1580 mere
1054 1505 1228 1602 politicas,
1253 1503 1332 1573 stola
1348 1506 1389 1572 ad
1411 1500 1592 1574 Humbert.
1649 1495 1751 1595 Quod
1768 1497 1865 1593 ponti
1892 1519 1944 1567 ees
1958 1514 2056 1589 usqu

422 1603 485 1700 sed
500 1604 718 1701 spirituales,
750 1631 821 1677 enni
842 1607 1093 1679 matrimonium
1107 1606 1155 1703 fit
1168 1600 1229 1698 sa·
1253 1598 1299 1673 ael
1320 1598 1482 1697 sextans,
1507 1600 1561 1670 uel
1574 1601 1756 1695 septimum
1777 1618 1842 1690 gra
1867 1619 1923 1665 ιιιιι
1942 1595 2057 1707 mi*

430 1716 641 1776 crumentum.
706 1703 805 1792 Resp.
836 1702 1022 1792 hypothesis
1050 1705 1118 1774 hac
1150 1697 1230 1773 falsa
1252 1700 1347 1795 gisam
1379 1696 1579 1793 probibent,
1612 1698 1724 1791 magis
1747 1720 1792 1768 ex
1825 1691 2078 1789 consuetudine,

430 1804 497 1883 estt
530 1807 662 1893 interim
689 1800 832 1874 libenter
854 1804 1083 1888 concedimus,
1114 1802 1230 1888 conju·
1254 1800 1419 1876 leomansi,
1444 1820 1543 1892 qnam
1564 1798 1701 1889 exlege
1727 1792 1848 1866 diuina
1867 1817 1922 1866 eos
1937 1813 2058 1886 precra
2100 1853 2103 1864 .

315 1928 320 1934 ·
430 1902 523 1991 gium
542 1902 576 1969 in
593 1899 725 1971 ecclesia
748 1904 813 1972 Dei
836 1924 903 1973 non
923 1897 987 1972 esse
1011 1925 1102 1973 mere
1117 1899 1231 1988 politi·
1251 1893 1334 1995 piffl
1352 1897 1556 1968 credendum.
1608 1897 1719 1965 Postea
1748 1897 1863 1978 addit,
1888 1891 2057 1985 bajone·

431 2020 503 2068 cant
521 2001 801 2084 constitutionem,
825 1991 878 2069 sed
897 1994 1039 2069 stubam
1059 2001 1125 2070 Dei
1140 1998 1231 2069 ordi·
1255 1996 1294 2069 di
1307 1995 1552 2092 prohibitiones
1565 1993 1744 2066 adulteriis
1760 1992 1959 2090 oceafionern
1972 2007 2079 2100 pre-⁸

431 2098 617 2175 nationem,
632 2099 772 2184 ideoque
795 2099 1042 2186 magistratum,
1069 2094 1089 2166 st
1108 2100 1150 2167 de
1163 2120 1232 2167 ma-
1256 2094 1347 2176 bere‚
1374 2105 1409 2170 &
1426 2119 1466 2167 ex
1483 2088 1665 2175 winfrit,
1689 2094 1809 2182 bonurn
1825 2086 1964 2187 effe‚-ut
1974 2106 2058 2185 pre·

433 2195 595 2264 trimouiis
608 2192 699 2285 leges
720 2193 810 2266 serre
824 2196 925 2272 velit,
950 2190 1154 2268 ecclesiastici
1169 2196 1232 2264 mi·
1257 2192 1407 2291 termrffis
1432 2192 1501 2266 illis
1525 2189 1831 2288 prohibitionibus,
1860 2189 1953 2285 legis
1971 2186 2064 2261 dissi·¹

433 2293 556 2361 ainerti
581 2294 750 2362 consilium
782 2301 816 2366 dc
853 2289 1046 2383 suffragium
1072 2289 1232 2364 adbibere
1256 2291 1472 2387 neferretur
1496 2293 1698 2388 constitutio.
1770 2295 1861 2360 idem
1882 2291 1926 2359 de
1946 2286 2062 2375 probi·

433 2385 566 2460 debere.
621 2403 677 2482 ι.)
697 2385 862 2487 Cbrijlnm
878 2386 983 2485 ipsum
1000 2388 1231 2464 demetriano·
1256 2393 1381 2464 bitiune
1407 2394 1516 2477 quarti
1540 2397 1663 2480 gradus
1699 2391 1851 2459 dicimus.
1918 2385 2061 2478 Regerit

432 2487 490 2557 nio
505 2482 614 2582 taliffe
635 2486 741 2581 leges,
769 2514 841 2562 cam
860 2489 1094 2583 polygonion
1119 2485 1160 2562 ii
1179 2514 1225 2561 re·
1255 2490 1499 2567 bellarminus,
1533 2484 1779 2583 prohibitiones
1808 2482 1984 2558 Leviticae
2003 2478 2065 2580 nie:
2082 2567 2092 2588 Ἀ

430 2583 572 2680 podiam
595 2583 744 2684 Jnflnlit.
809 2585 909 2678 Ret'p.
939 2591 1026 2659 aliud
1053 2591 1099 2660 esi
1127 2613 1231 2660 novas
1257 2578 1422 2688 Judaico
1452 2598 1582 2658 turstani
1617 2585 1740 2680 populo
1770 2584 1987 2681 peculiares,
2020 2585 2066 2656 oc.
2100 2607 2103 2624 '¹

434 2681 526 2772 leges
556 2680 670 2767 serre,
702 2688 790 2755 aliud
810 2693 850 2776 ad
872 2689 1064 2773 primaevam
1084 2687 1232 2776 conjugii
1257 2687 1355 2758 alind
1372 2685 1545 2756 cononrire
1566 2684 1617 2756 illi
1637 2707 1703 2756 nno
1724 2684 1868 2779 populo,
1895 2679 1998 2754 alind
2014 2703 2063 2756 er·
2100 2729 2103 2770 r

435 2779 545 2871 legem
584 2782 619 2874 in
653 2779 801 2870 paradiso
821 2790 889 2870 iam
920 2783 999 2854 oiim
1038 2784 1227 2874 promulgo·
1257 2785 1358 2877 clestae
1373 2785 1561 2882 christiane
1578 2808 1637 2878 per
1656 2806 1767 2855 omnes
1786 2794 1900 2878 gentes
1915 2775 2062 2878 diffcile.¹
2101 2777 2103 2822 ³

435 2899 502 2950 tam
524 2882 715 2966 questiones
743 2878 909 2952 decausis
935 2880 1232 2954 matrimonialibus
1257 2881 1535 2974 Respondemus:
1561 2885 1630 2953 imo
1657 2908 1739 2954 vero
1765 2882 1856 2972 leges
1870 2879 1958 2966 illae,
1984 2901 2061 2954 cun

321 2998 327 3005 ”
434 2980 595 3067 exigere,
621 2976 784 3051 &abusus
805 3001 920 3050 contra
931 3003 1005 3052 eam
1026 2982 1233 3052 introductas
1258 2982 1318 3054 sint
1333 2980 1540 3055 naturalis&
1559 2981 1693 3052 moralis
1711 2980 2062 3071 legisptrtesmmuiq
2097 3049 2103 3066 ,

406 3073 579 3146 ,abolere
633 3081 725 3147 Prius
747 3103 765 3148 a
786 3075 920 3150 Christo
941 3074 1065 3149 traam
1090 3074 1154 3149 else
1175 3103 1234 3148 ne·
1257 3077 1522 3153 busbominibus
1550 3074 1622 3149 sunt
1643 3080 1749 3158 lata,
1790 3103 1830 3150 ut
1861 3079 2062 3150 attaminat
2100 3069 2103 3104 ¹

436 3176 752 3265 praemoneam
764 3180 984 3247 concedimus.
1036 3176 1233 3246 Seddehoc
1259 3176 1416 3267 superius.
1468 3180 1589 3263 Neque
1606 3179 1741 3262 quaestio
1760 3176 1815 3247 hic
1829 3180 1905 3255 est,
1930 3169 2063 3264 supas*

436 3293 634 3360 argumento
655 3271 750 3359 plura
769 3277 915 3343 dicemus
936 3270 1072 3343 inferius
1088 3275 1121 3341 in
1146 3300 1233 3361 quat·
1258 3276 1296 3346 stt
1313 3275 1504 3346 christianus
1531 3278 1740 3365 aiagiiiratut
1768 3272 1929 3365 gradibus
1953 3277 2064 3347 divine

437 3370 542 3439 stione
559 3372 601 3437 de
614 3373 723 3456 judice
740 3370 1030 3440 matrimonialium
1052 3367 1232 3443 causarum.
1258 3375 1334 3464 lege
1361 3362 1538 3464 prohibitis
1560 3385 1716 3460 qtittsdam
1746 3373 1992 3460 prohibitiones
2010 3374 2066 3448 ed·

438 3470 493 3560 4.)
520 3462 674 3565 Ecclefiae
697 3468 846 3541 residium
871 3464 928 3562 effe
944 3471 1135 3567 potestatem
1161 3471 1234 3541 alia
1258 3475 1367 3545 dere?
1402 3468 1454 3543 scd
1481 3499 1521 3540 an
1544 3476 1584 3542 ad
1608 3495 1762 3558 quartum
1795 3496 1898 3557 usque
1922 3476 2068 3561 gradum

296 3593 302 3616 =
354 3565 374 3604 ¹'
439 3565 547 3638 multo
563 3567 749 3664 statuendi,
776 3580 813 3637 nt
830 3568 923 3638 circo
948 3566 1022 3638 alia
1039 3564 1235 3661 sacramen·
1261 3570 1452 3657 prohibitio
1470 3569 1506 3639 stt
1525 3574 1760 3643 extendenda?
1784 3575 1815 3641 Si
1837 3568 1885 3640 od
1904 3572 2067 3643 notitiam

438 3677 495 3747 ta,
517 3664 567 3733 ito
581 3667 782 3736 etiumeirco
805 3667 1043 3748 matrimonio,
1071 3666 1238 3763 ondepse·
1261 3670 1475 3762 cognationis
1507 3669 1608 3738 velint
1640 3666 1852 3759 confugere,
1889 3666 2071 3757 responde·

440 3785 484 3835 no
498 3761 581 3856 sitiet
605 3763 751 3835 concilia
768 3776 878 3835 uetera
898 3764 1081 3837 canonibus
1104 3765 1143 3837 de
1167 3789 1237 3837 rna·
1262 3793 1358 3852 ntus,
1383 3793 1455 3839 eam
1472 3765 1558 3836 ultra
1575 3793 1730 3852 quartum
1748 3774 1891 3857 gradum
1905 3765 1939 3839 se
1956 3791 2082 3839 exten-²

441 3860 612 3932 trinsoseio.
664 3857 764 3947 Resp.
789 3861 995 3943 minabis,
1031 3866 1077 3933 ita
1104 3889 1236 3953 quoque
1260 3870 1365 3947 dere,
1398 3890 1481 3955 ergo
1505 3869 1604 3935 etiam
1632 3866 1718 3935 ultra
1745 3891 1901 3951 quartum
1925 3869 2071 3957 gradum

441 3961 476 4029 in
485 3956 608 4027 casibus
620 3961 925 4039 matrimonialibus,
934 3958 1237 4034 ecclefiaeconcedi·
1263 3962 1444 4051 prohibitio
1468 3963 1613 4033 debebat
1632 3963 1789 4042 extendi,
1816 3969 1904 4035 unde
1927 3965 2070 4036 Alexan·

373 4120 379 4126 .
442 4080 514 4127 mus
539 4058 731 4140 potestatem
755 4062 914 4129 statuendi
935 4085 991 4142 ea,
1016 4085 1088 4146 quae
1111 4056 1237 4133 faciunt
1261 4067 1320 4134 der
1337 4061 1380 4131 ΙΙ.
1398 4061 1500 4144 illud,
1523 4068 1613 4148 quad
1630 4066 1663 4132 in
1685 4060 1827 4134 concilio
1850 4061 2012 4135 Toletano
2026 4058 2069 4136 ΙΙ.

441 4158 482 4227 ed
503 4149 603 4250 τάξιν
621 4169 653 4226 a
673 4153 928 4251 ioxntearn‘rnr,
956 4152 1009 4229 sed
1028 4153 1111 4227 solus
1127 4166 1236 4247 ponti·
1263 4164 1436 4241 statuitur,
1469 4171 1507 4231 nt
1531 4162 1784 4232 matrimonium
1804 4160 1912 4234 nutias
1935 4171 2069 4234 contra·

443 4250 500 4325 fen
517 4277 583 4323 non
603 4254 649 4324 esi
668 4255 820 4340 ecelesia,
844 4266 878 4329 δι
903 4254 1118 4326 conciliorum
1148 4283 1238 4330 vete·
1263 4259 1324 4332 tat
1338 4284 1409 4330 aera
1432 4260 1629 4353 propinquis
1652 4260 1752 4345 nilis,
1777 4283 1940 4356 usquequo
1965 4261 2069 4332 lineo·

443 4379 519 4425 rum
547 4376 687 4422 canones
716 4357 921 4446 magistratus
950 4353 1078 4442 politici
1096 4361 1241 4428 rudiori·
1266 4370 1375 4429 menta
1389 4358 1583 4453 adfinitatis
1600 4361 1732 4453 generis
1742 4357 1935 4457 snccefflone
1948 4380 2068 4455 cogno⁴

445 4471 511 4522 tate
530 4445 601 4520 sunt
617 4449 821 4535 confirmati,
845 4478 916 4539 quae
932 4455 976 4523 ‘in
1001 4456 1241 4528 recentioribus
1260 4455 1352 4557 scit,
1381 4460 1413 4527 in
1435 4483 1508 4545 cap.
1533 4453 1596 4527 Ad
1606 4456 1717 4553 sedem
1751 4485 1804 4545 35.
1829 4460 1942 4544 quaest.
1975 4485 2005 4549 5.
2027 4481 2078 4558 eo,

444 4549 640 4638 pontificum
662 4549 945 4621 constitutionibus
961 4550 1081 4622 deficit.
1268 4562 1368 4626 modo
1394 4555 1557 4642 explieat,
1586 4563 1675 4641 quod
1696 4555 1873 4653 prohibita
1894 4554 1978 4650 sacru
1996 4578 2070 4629 con·

597 4741 603 4751 Ι
770 4656 802 4730 §.
835 4651 1122 4723 CCCXXXVHI.
1186 4659 1243 4734 ΙΙ.)
1263 4656 1366 4751 jugia
1397 4655 1565 4749 usquead
1588 4655 1767 4752 septimani
1797 4653 1969 4751 gradum,
1997 4667 2070 4730 cant

326 4799 331 4806 .
445 4739 506 4816 lb)
529 4739 656 4825 Kamul
703 4750 847 4820 Ratione
893 4747 1000 4843 consto
1043 4750 1243 4826 materialis.
1269 4753 1376 4825 nnllns
1396 4754 1489 4827 altro
1506 4754 1680 4848 sentiarum
1704 4755 1938 4850 cognationem
1968 4757 2071 4830 udan

465 4823 570 4959 ‘miili
587 4836 654 4880 ’Μ’
704 4848 899 4921 Extenditut
926 4846 1110 4936 prohibitio
1141 4877 1245 4937 usque
1270 4850 1440 4949 agnoscat.
1490 4855 1635 4948 Quodsi
1665 4854 1735 4926 haec
1753 4859 1838 4926 ratio
1858 4852 1955 4927 firma
1972 4880 2072 4937 ,nou

467 4907 545 4962 mm
557 4918 595 4961 ις’
705 4951 745 5018 td
760 4950 902 5040 gradum
918 4972 1085 5035 quartum,
1100 4976 1176 5020 cum
1193 4948 1246 5020 lex
1271 4950 1413 5024 debebat
1431 4953 1613 5041 probibitio
1627 4949 1760 5041 septimi
1773 4958 1894 5044 gradus
1913 4953 1956 5026 ab
1975 4964 2074 5027 inno·

313 5069 317 5076 '
445 5049 556 5123 diuina
586 5072 652 5119 non
690 5052 924 5135 progrediatur
952 5047 1037 5120 ultra
1067 5045 1245 5120 secundum
1271 5053 1380 5124 centio
1415 5051 1551 5123 aboleri.
1625 5056 1719 5123 Adde
1742 5058 1831 5139 quod
1852 5076 1918 5126 non
1946 5056 2074 5128 notitia

443 5153 597 5245 gradum
649 5146 912 5228 Prohibitioueui
937 5150 1031 5225 tertii
1045 5146 1176 5245 gradus
1196 5151 1247 5225 di-
1271 5152 1502 5248 cognationis,
1522 5149 1587 5250 sed
1604 5150 1775 5228 naturalis
1790 5157 1977 5230 reverentia
1999 5178 2077 5228 con·

1991 5253 2077 5355 saa·
