4884 5984
407 373 483 450 420
914 345 1064 420 tocvt
1086 345 1211 417 xxvi.
1255 319 1416 414 'entur
1453 345 1547 419 vus.

311 559 314 563 ’
409 541 572 624 Solamen
586 538 824 637 (inerenqelio
837 536 1016 615 secundum
1024 538 1211 632 AEgyptios)
1235 559 1310 610 rum
1333 532 1403 612 &n
1457 532 1550 634 Opus
1565 536 1791 632 generationis
1813 542 1857 638 est
1879 539 2032 616 creature

409 640 522 745 μέχρι
543 645 620 720 obre
641 635 937 720 demontrant
987 663 1014 723 ις
1029 633 1071 712 ιΙι
1092 635 1129 712 :i
1145 663 1211 731 ‘pu-
1239 634 1309 709 Dei
1328 635 1414 708 bono
1434 629 1476 706 &
1488 634 1633 730 santio,
1656 640 1698 737 efl
1720 639 1807 711 enim
1823 664 1867 734 ιιι
1890 631 1960 708 Dei
1976 660 2031 711 or·

411 745 518 827 roiiese
535 741 712 821 uineaeque,
742 761 840 834 nsque
861 749 939 809 tunc
983 734 1210 808 ominaturom
1235 735 1434 819 elimatione,
1463 755 1504 804 or
1523 734 1555 831 st
1580 735 1677 806 bosna
1705 759 1771 807 nan
1796 733 1870 832 effet
1893 731 2031 829 lapsus,

409 853 576 920 martem,
598 861 761 933 quousque
783 834 935 908 mulieres
955 834 1118 931 pariant,
1144 854 1210 903 non
1228 830 1347 928 fuissit
1365 829 1568 929 puriffirnum
1590 829 1631 906 ib
1656 834 1903 934 bonestifflmum
1922 856 2031 929 opust

346 987 350 994 ·
410 935 520 1035 ipsam
541 931 692 1035 piston,
717 935 962 1030 generationem
986 929 1210 1027 improbauit,
1226 934 1315 1032 stent
1333 932 1419 1003 enim
1437 953 1531 1001 nemo
1554 944 1681 1008 teretur
1702 958 1773 1005 curn
1787 927 1968 1026 uxoresua
1985 929 2035 1003 lo·

410 1059 484 1133 qun
499 1033 539 1107 ob
550 1034 697 1129 salutem
708 1032 864 1131 fidelium
890 1026 1071 1125 neceffitrio
1087 1032 1140 1126 est.
1169 1034 1211 1098 E·
1235 1030 1310 1126 qui,
1333 1029 1443 1108 edere,
1467 1027 1593 1114 bibere,
1619 1029 1750 1128 nonesto
1769 1033 1855 1104 enim
1867 1027 2035 1126 suntbaee

408 1131 587 1225 piphanius
609 1130 667 1202 lib.
683 1137 709 1202 Ι.
734 1155 814 1202 tom.
837 1137 896 1201 ΙΙΙ.
918 1123 1030 1199 heres.
1052 1149 1112 1221 45.
1132 1148 1209 1216 pag.
1236 1128 1374 1208 omnio,
1400 1127 1452 1199 ito
1471 1148 1593 1221 quoque
1610 1152 1766 1223 generare
1785 1128 2037 1227 borustifflmum

413 1256 495 1324 170.
512 1234 546 1300 in
566 1235 626 1300 Gt.
646 1228 706 1306 nir
727 1226 844 1304 doubt>
863 1225 933 1301 ebt
949 1224 1050 1322 ὄρεξιν
1065 1225 1126 1310 uit
1148 1247 1212 1297 nn·
1229 1221 1360 1322 suiffet.
1411 1220 1470 1295 Ac
1489 1228 1608 1323 nsonstt
1627 1229 1729 1299 etiam
1755 1227 1789 1298 in
1817 1242 1943 1300 natura
1963 1250 2036 1299 cor·

408 1329 459 1405 uel
480 1327 522 1403 ab
546 1327 655 1419 σῶμα
678 1325 878 1418 ἐπιθυμίας
903 1322 947 1398 ἐκ
968 1318 1099 1398 tironos
1125 1313 1212 1395 {aas
1235 1336 1337 1421 rupto
1368 1325 1567 1416 generatio,
1593 1323 1656 1419 sed
1683 1324 1808 1422 acceffit
1827 1323 1917 1398 'illud
1943 1348 2035 1397 vene·

408 1422 672 1526 nupeetamn'.
685 1420 726 1498 ulo
741 1421 791 1505 ἔςι
804 1421 876 1520 γιὶρ
889 1420 973 1518 πρὸς
987 1410 1211 1496 westmoster
1237 1448 1314 1496 num
1344 1419 1504 1505 dioboli,
1537 1426 1689 1522 pruritus
1725 1424 1838 1498 cornis
1870 1420 1912 1498 8
1935 1422 2036 1520 sado

409 1522 443 1599 ἐι
469 1517 649 1610 σεμνότητι
689 1511 836 1598 tonnae
867 1518 928 1593 noi
962 1517 1017 1604 en·
1035 1507 1137 1608 Ιόξιιι
1167 1513 1214 1588 ‘rb‘
1238 1520 1358 1595 libido.
1591 1593 1594 1598 ,

409 1615 635 1713 nostratem>
653 1619 703 1691 rub
716 1612 841 1693 rederet
860 1626 926 1688 tec.
979 1611 1219 1709 Ips'ometiom,
1311 1628 1338 1711 ς.
1370 1621 1657 1692 ccccxxxtn.
1703 1626 1779 1713 Op·
1828 1613 2005 1734 Anseiqup,

365 1745 368 1750 ·
409 1718 636 1812 adpetentiam
664 1712 933 1809 eoncupiscentia
967 1711 1117 1807 corporis
1147 1734 1214 1784 non
1238 1720 1391 1806 ponenda
1408 1716 1477 1785 brec
1495 1712 1594 1789 sunt:
1630 1724 1673 1807 Ι.)
1693 1731 1779 1792 uete·
1965 1803 1969 1808 ¹

411 1812 593 1909 absurdam
624 1808 682 1909 elib
703 1809 964 1911 adfirmaverim.
1033 1807 1096 1907 Est
1124 1809 1210 1880 mim
1238 1811 1527 1898 ribuslsaretieis,
1555 1818 1612 1903 qui
1627 1819 1667 1886 de
1683 1813 1741 1887 usu
1754 1820 1903 1910 conjugii
1921 1829 2034 1915 tege·

403 1911 459 1985 ‘ad
477 1911 657 1986 liberorum
671 1911 914 2004 generationem
933 1909 969 1980 in
989 1908 1211 2007 castitatem:
1236 1915 1413 1986 nerutionis
1448 1935 1550 1999 opere
1574 1938 1756 2001 erroneas,
1797 1926 1832 1990 ιι
1862 1920 1896 1988 in
1922 1922 2033 1992 Deum

412 2021 468 2098 la,
495 2011 537 2096 ις’
556 2008 602 2081 ad
620 2006 770 2104 glorians
791 2012 880 2103 ejus.
905 2008 962 2101 qui
984 2004 1209 2097 vttmt'astct'l,
1235 2012 1381 2102 conjugii
1399 2014 1567 2080 ruborem
1584 2012 1716 2100 injurias
1732 2007 1928 2101 sparserunt.
1981 2025 2032 2092 De

412 2107 687 2207 quemadmodum
707 2104 942 2202 tetrasemina
963 2104 1010 2175 ad
1024 2101 1209 2200 effustonem
1236 2103 1414 2182 Saturnilo
1445 2107 1541 2194 (nlius
1565 2104 1771 2198 Saturnino)
1789 2109 1939 2185 referunt
1967 2122 2033 2188 Ire·

414 2206 644 2282 multitudinis
674 2205 858 2300 creatorum
882 2226 904 2273 o
930 2199 1004 2273 Deo
1024 2201 1209 2285 tonorum,
1237 2232 1323 2277 neus
1346 2203 1404 2276 lib.
1424 2211 1435 2274 Ι
1473 2230 1544 2293 cup.
1564 2203 1677 2280 ΧΧΙΙ.
1706 2208 1908 2298 Epiphanius
1930 2211 1988 2284 lib.
2006 2221 2031 2287 Ι.

406 2304 581 2403 fruduum
604 2297 806 2398 inquom&
823 2299 989 2397 seminum
1002 2356 1012 2386 ,
1024 2303 1085 2470 pic
1109 2301 1210 2374 etiam
1235 2323 1315 2375 tom.
1333 2310 1373 2375 ΙΙ.
1393 2297 1505 2373 heres.
1522 2326 1575 2387 ²3·
1595 2311 1682 2389 quot
1696 2329 1911 2393 permoreris
1930 2307 2036 2382 Suto-

414 2404 568 2478 lsumonae
587 2411 718 2473 notura
738 2398 786 2474 od
798 2397 876 2483 lsoe,
898 2409 936 2470 ιιι
952 2401 1023 2492 imp
1038 2409 1094 2470 eat
1108 2398 1210 2470 illude
1234 2424 1278 2472 na
1300 2399 1359 2494 effe
1385 2400 1548 2471 docuerit.
1599 2405 1653 2472 De
1684 2400 1880 2476 Encrotitis
1907 2433 2035 2481 memo·

417 2496 631 2598 Crescite&
646 2495 942 2594 multiplicamini,
960 2492 1133 2592 &replete
1147 2508 1211 2568 ter·
1234 2521 1307 2570 eunt
1331 2508 1470 2572 [renerus
1493 2496 1552 2569 tib.
1573 2497 1597 2568 Ι.
1617 2522 1688 2589 cup.
1714 2501 1823 2574 XXX‘.
1847 2514 1881 2576 ιι
1904 2502 2033 2580 XXXI.
2072 2533 2075 2582 ι

414 2622 501 2680 tom.
552 2597 728 2688 Paphnutii
746 2597 872 2667 dibtum
889 2593 957 2690 jum
981 2615 1057 2666 nate
1074 2597 1210 2668 adduxi·
1235 2594 1390 2668 Eusebius
1409 2593 1466 2666 lib.
1493 2603 1531 2664 V.
1555 2592 1626 2665 hin.
1652 2594 1765 2669 eccles.
1791 2624 1864 2688 cap.
1885 2601 2031 2676 XX'Vll.
2070 2587 2075 2650 ¹¹

416 2724 501 2774 mus.
543 2694 742 2788 Augustinus
771 2691 850 2765 libr.
873 2698 916 2764 11.
939 2695 981 2764 tle
1007 2717 1098 2780 pecc.
1125 2693 1200 2783 orig
1235 2697 1322 2782 quod
1339 2692 1498 2765 vitandas
1518 2694 1654 2786 nuptias
1676 2698 1916 2790 predicarint,
1942 2703 2034 2787 qnti·

416 2818 533 2872 eontru
553 2793 664 2884 Pelug.
683 2800 718 2864 ιι
747 2789 881 2870 Coelest.
909 2813 981 2876 cup.
1007 2788 1210 2868 xxxvttt.
1235 2807 1333 2887 quam
1347 2787 1416 2863 Dei
1423 2791 1666 2883 sarmationem
1681 2793 1893 2888 reprobantes
1908 2795 1948 2870 ΕΙ
1956 2797 2033 2894 sen·

417 2898 505 2968 cirea
529 2888 652 2961 fiuent:
679 2881 861 2988 'Nuptialis
881 2883 1094 2968 concubitus,
1119 2910 1211 2982 quern
1227 2891 1293 2987 stne
1313 2914 1384 2962 eum
1400 2887 1685 2984 reprehendentes,
1711 2895 1768 2987 qni
1789 2897 1894 2965 maris
1912 2892 1954 2967 &⁴
1966 2898 2034 2989 sa·

418 2985 690 3065 matrimoniales
701 3007 823 3079 quoque
836 2985 992 3056 indicant
1001 2981 1125 3059 tabulae
1136 3009 1212 3056 can·
1237 2985 1338 3060 mellae
1359 2987 1603 3082 generationem
1622 2988 1719 3080 ¹feeit.
1773 2996 1826 3062 De
1863 2990 2033 3080 Detiuno,

414 3088 456 3184 sa
501 3083 754 3160 rocrtondornne
775 3083 857 3180 fieri
869 3082 1061 3178 filiorum,
1094 3080 1213 3180 perse
1238 3090 1479 3157 Encratitnrutn
1501 3088 1669 3171 principe,
1697 3093 2046 3175 mesnoenettternnn.

415 3110 526 3284 ipffim
544 3178 684 3286 prorsus
713 3202 780 3250 non
805 3181 840 3251 in
864 3179 1111 3276 comparatione
1133 3180 1213 3273 sor·
1238 3207 1309 3253 mus
1332 3185 1408 3254 libr.
1422 3181 1445 3251 l.
1464 3187 1537 3254 uelo.
1552 3186 1715 3270 Joviuiou.
1734 3211 1806 3272 cup.
1823 3187 1848 3257 Ι.
1864 3191 1951 3258 circa
1965 3217 2035 3263 me·

416 3284 599 3361 nicationis
621 3283 664 3379 est
688 3276 813 3361 bonus,
842 3280 899 3370 qni
930 3281 1058 3377 tonsetst
1075 3289 1213 3374 propter·
1237 3284 1348 3364 dium,
1379 3283 1470 3368 quod
1492 3301 1617 3349 onsnem
1642 3283 1764 3354 coitum
1785 3281 1944 3375 sptsrenm
1971 3315 2036 3376 pu·

418 3408 537 3480 corpus
563 3378 766 3472 mortis-fine
794 3376 924 3474 bestiali
950 3389 1058 3460 motu,
1088 3377 1128 3449 de
1148 3401 1211 3472 qno
1238 3382 1367 3448 reverit.
1420 3384 1472 3447 De
1494 3372 1685 3451 Seuerianis
1708 3378 1818 3450 scribit
1831 3382 2037 3471 Epiphanius

417 3495 542 3555 nutura
563 3473 720 3570 erubescit
742 3472 907 3552 bunsano,
923 3475 1005 3570 fieri
1018 3499 1082 3544 non
1098 3480 1212 3573 potest,
1238 3473 1296 3545 lib.
1318 3479 1341 3545 Ι.
1358 3498 1437 3543 tom.
1461 3480 1518 3545 ΙΙΙ.
1541 3474 1650 3549 haeres.
1668 3506 1689 3571 4
1695 3505 1726 3567 5.
1747 3483 1835 3565 quod
1865 3482 2036 3555 mulierem

416 3592 528 3652 tanuen
560 3574 629 3671 ipse
653 3571 842 3642 concubitus
858 3595 923 3642 non
950 3576 993 3670 est
1020 3586 1210 3667 peccatum,
1237 3575 1379 3641 dixerint
1399 3594 1480 3665 opus
1490 3570 1648 3666 satana,
1677 3577 1767 3647 velut
1787 3579 1885 3649 etium
1903 3585 2038 3652 Andro.

418 3676 478 3749 ubi
498 3675 588 3748 ratio
614 3669 754 3743 libidine
774 3671 883 3740 utitur
905 3670 952 3740 od
973 3673 1121 3754 leonum,
1147 3671 1212 3743 nois
1237 3671 1300 3738 nici
1330 3670 1396 3739 hoe
1417 3673 1592 3754 dixerunt,
1626 3696 1664 3741 uc
1692 3679 1831 3761 proinde
1860 3679 2038 3749 matrimo-

410 3772 593 3873 superatur
614 3768 660 3842 ad
682 3767 816 3840 molum.
855 3768 1045 3858 Fulgentius
1067 3773 1107 3842 de
1129 3772 1212 3840 {tutu
1236 3768 1328 3837 nium
1355 3766 1582 3839 contrudentes
1612 3791 1693 3860 opus
1723 3768 1861 3863 satana·
1889 3777 2036 3872 explere.

418 3870 543 3947 viduali
564 3871 654 3957 epist.
676 3874 718 3938 ΙΙ.
768 3864 810 3938 In
829 3887 889 3946 eo,
912 3867 999 3960 qstod
1013 3866 1082 3962 fibi
1100 3870 1212 3961 eoesju·
1239 3868 1301 3936 seu
1324 3875 1358 3938 δι
1373 3865 1518 3938 bortrinis
1531 3866 1710 3938 dimidiam
1730 3882 1860 3962 portem
1875 3869 1934 3964 effe
1954 3899 2050 3971 opus

418 3994 478 4066 ges
502 3968 641 4039 inuicem
672 3967 784 4037 carnis
813 3961 957 4035 debiturn
980 3964 1148 4046 reddunt,
1178 3967 1214 4037 in
1242 3959 1338 4045 Dei,
1367 3963 1545 4037 dimidiam
1573 3989 1649 4035 uero
1676 3965 1817 4040 diaboli.
1870 3968 1963 4043 Nosse
1991 3975 2038 4046 ab

277 4057 285 4066 ⁵
419 4079 577 4166 quaedum
595 4065 632 4136 id
650 4061 949 4163 modestesaciunt,
982 4058 1109 4160 Ctmpi
1125 4084 1213 4156 pne·
1237 4059 1396 4133 umbilico
1421 4058 1460 4132 ΕΙ
1482 4060 1583 4158 supro
1604 4064 1836 4161 dixerunteffe
1846 4067 2037 4160 formatio·

419 4178 513 4264 cepta
529 4164 729 4264 custodiunt,
756 4163 833 4257 quio
853 4161 1036 4234 nullatenus
1056 4185 1077 4231 a
1100 4164 1213 4260 cosqu-
1236 4183 1308 4230 nem
1325 4156 1415 4243 Dei,
1441 4160 1484 4233 ob
1501 4162 1659 4232 umbilico
1683 4189 1757 4235 uero
1775 4163 1815 4238 δι’
1832 4166 1945 4259 infra,
1962 4194 2036 4240 ma-

419 4267 497 4364 goli
518 4264 660 4335 caritate
688 4258 728 4332 bi
748 4262 897 4358 castitate
921 4259 1101 4353 discedunt.
1154 4267 1210 4329 l'u·
1236 4258 1278 4330 lae
1294 4260 1465 4357 potestatis
1477 4259 1737 4350 formationibus,
1764 4264 1849 4337 ursde
1865 4269 2038 4365 omniase-

420 4390 510 4437 trum
531 4356 693 4433 consortio
715 4363 834 4430 merito
853 4361 1062 4447 adjungimus
1087 4356 1117 4430 b.
1143 4354 1213 4431 Lu·
1237 4355 1377 4428 euredum
1399 4359 1604 4451 uoluptatem
1634 4357 1674 4430 ξι
1695 4366 1790 4452 cusiri.
1808 4365 1973 4453 (timidum
1995 4392 2036 4439 oc

420 4464 573 4541 uterum,
599 4461 705 4546 quiin
728 4477 906 4526 comment.
929 4452 1044 4527 Genel.
1062 4463 1116 4526 lv.
1134 4481 1212 4547 pag.
1237 4454 1536 4552 conmuiscentiosn
1550 4454 1593 4527 alr
1613 4449 1771 4531 orribilieo
1785 4453 1825 4534 fd
1833 4464 2035 4557 iufrafiant.

417 4584 477 4653 54.
496 4556 538 4630 fic
556 4553 688 4625 scribit:
715 4550 792 4652 Etst
807 4564 942 4648 propter
957 4566 1123 4644 peceatum
1146 4556 1213 4625 ori.
1239 4559 1291 4624 De
1307 4551 1517 4626 Adurnionis
1536 4555 1700 4628 baetnticis
1722 4558 1824 4630 refert
1847 4567 2035 4636 Ludovicus

418 4656 535 4757 ginole
551 4653 701 4725 diuinum
718 4675 799 4747 opus
812 4652 1038 4745 gesserationis
1048 4677 1110 4746 pso
1123 4655 1215 4747 turpi
1241 4655 1339 4722 Vives
1353 4656 1385 4723 in
1404 4654 1600 4727 cotnmslib.
1617 4662 1706 4725 XtV.
1728 4663 1900 4748 Augustini
1915 4665 1955 4732 de
1968 4666 2034 4735 civ.

417 4756 574 4837 liabetur,
599 4772 661 4846 quo
676 4748 800 4845 offendi
818 4773 923 4846 puras
943 4772 1039 4821 aures
1053 4750 1212 4832 uidemus,
1239 4754 1302 4822 Dei
1317 4777 1389 4839 cap.
1404 4751 1497 4821 ΧΧΙ.
1513 4756 1602 4838 quod
1627 4756 1763 4846 nuptias
1773 4755 1915 4848 futuras
1929 4758 2036 4852 suiffe

417 4867 527 4934 tomen
540 4847 739 4948 spiritualer
765 4846 912 4921 borsines
933 4848 1132 4946 distinguere
1156 4850 1212 4922 de·
1237 4871 1303 4919 non
1317 4851 1528 4944 putaverint,
1547 4852 1579 4947 st
1601 4849 1760 4924 Adasnus
1781 4879 1845 4926 non
1862 4854 2035 4951 peccoffet.

411 4959 490 5040 bont
522 4952 609 5027 inter
630 4959 803 5049 peccatum
823 4946 993 5045 originale
1017 4945 1058 5024 8
1082 4961 1211 5025 creatu·
1235 4946 1333 5022 Pluto
1356 4950 1520 5037 ejusmodi
1538 4947 1691 5023 heretica
1720 4958 1937 5039 pronunciata
1957 4960 2036 5028 uide

1951 5080 2038 5127 enu-
