4884 5984
367 458 443 531 eoa·
489 447 639 534 LOCVS
665 458 792 535 XXVI.
818 458 918 535 CAP.
939 458 986 537 x
1011 455 1140 534 SECT.
1163 458 1225 534 111.
1250 457 1362 534 ΛΚΤ.
1387 457 1433 533 ll.
1456 453 1620 532 MEMB.
1646 457 1692 530 ll.
1721 451 1885 532 THEM.
1911 453 1966 528 11.-

396 631 545 710 uuntur.
593 642 822 738 Argumenta
842 642 991 715 illorum
1017 638 1172 714 addusla
1206 660 1291 712 eum
1308 660 1403 710 novo
1426 636 1614 711 desertoris
1636 633 1874 708 matrimonio
1905 653 1948 706 ea
1978 630 2017 708 sn-

303 781 312 795 .
370 655 449 803 sunt
472 732 633 829 superius
658 750 687 824 §.
715 745 797 815 606.
830 763 910 836 quae
932 741 1054 816 omnia
1080 740 1170 812 illud
1207 735 1417 823 coniunsla,
1441 737 1508 808 scve
1521 734 1565 807 ab
1576 735 1832 808 eodemadltuc
1846 727 2010 804 seiuncta.

371 829 724 931 duntaxatprobant,
743 844 842 934 quod
856 838 987 935 species
1001 835 1172 940 χωρισμῧ
1204 839 1258 931 4.)
1283 837 1338 906 Ex
1346 834 1701 929 absordiconsccctionc.
1727 831 1765 902 Si
1778 828 2011 928 desemae'per·

369 946 411 1000 ac
427 930 634 1007 discessionis
651 935 713 1026 sn,
739 938 762 1010 sr
783 941 954 1012 alteruter
970 940 1105 1010 coniux
1118 938 1178 1008 vi·.
1207 932 1297 1006 sonae
1325 956 1398 1005 non
1420 935 1523 1029 prius
1545 934 1662 1006 danda
1681 926 1764 1002 esset
1787 929 1880 1000 novi
1896 927 2011 1006 manis

368 1047 476 1100 vente
496 1052 599 1124 parte
620 1035 732 1108 altera
753 1038 840 1111 citra
860 1037 1029 1125 adulterii
1052 1033 1173 1107 casum
1207 1034 1323 1104 monii
1353 1030 1504 1128 potestas
1531 1049 1649 1118 ,ante
1677 1050 1764 1102 uam
1798 1024 2012 1098 desertorem

370 1123 415 1200 ab
440 1147 482 1198 ea
509 1126 576 1200 sese
602 1130 798 1231 seiungat,
826 1146 860 1210 oc
886 1157 999 1208 novas
1027 1136 1171 1229 nuptias
1207 1132 1252 1202 ad
1268 1128 1418 1202 secunda
1434 1151 1518 1202 vota
1538 1127 1656 1200 tranlii
1682 1122 1922 1208 econslaret,
1948 1121 2010 1194 stne

369 1227 585 1314 contrahat,
611 1236 710 1324 quod
732 1234 883 1308 libenter
906 1235 1138 1306 concedimus
1158 1253 1172 1322 3
1208 1229 1314 1323 culpa
1348 1227 1408 1300 sua
1430 1227 1613 1323 coniugali
1639 1223 1789 1306 subfidio
1826 1217 2011 1334 destituta,

366 1318 426 1393 sed
443 1325 636 1416 addimus,
663 1333 771 1403 etiam
791 1336 859 1405 hoc
877 1331 1084 1404 discessionis
1098 1327 1171 1422 soe·
1207 1335 1243 1399 dt
1262 1324 1410 1399 ustionis
1436 1321 1595 1398 remedio
1612 1323 1753 1417 privata
1766 1319 2009 1394 formcattonu

369 1421 463 1491 ciem
491 1420 591 1514 else,
619 1448 660 1497 ac
683 1433 829 1502 nomine
853 1426 1020 1532 χωρισμῢ
1042 1429 1171 1500 intelli·
1205 1424 1366 1520 periculo
1382 1417 2009 1510 manifestosubiicerentr,adeoqut

368 1519 552 1612 gendum,
578 1524 793 1600 staltemter
814 1532 946 1599 coniux
968 1547 1107 1621 partem
1121 1527 1170 1598 al-
1205 1523 1329 1594 alienae
1357 1519 1598 1616 improbitatis
1625 1521 1713 1614 iugo
1746 1516 2007 1610 captivaretur,

367 1635 483 1688 teram
505 1622 676 1695 malitiose
710 1625 845 1698 deserar
868 1675 881 1712 ,
917 1629 954 1700 in
978 1625 1172 1720 peregrina
1206 1622 1294 1693 dum
1312 1620 1458 1690 interim
1470 1616 1625 1690 desertor
1643 1615 1830 1708 coniugali
1846 1611 1951 1686 freno
1963 1609 2009 1683 so

261 1715 265 1720 '
365 1712 446 1786 loca
467 1737 605 1790 temere
623 1725 656 1791 δι
673 1721 741 1793 stne
764 1725 951 1797 vocatione
972 1719 1169 1818 proficisca-
1204 1719 1303 1789 lutus
1317 1716 1460 1789 ltbrdtnt
1479 1715 1546 1788 suae
1563 1715 1791 1809 indulgeret,
1820 1719 1855 1784 δι
1873 1733 1919 1790 ex
1935 1727 2006 1802 pec·

368 1830 427 1883 tur
453 1861 465 1899 ,
493 1837 559 1887 nec
580 1819 710 1893 literas
729 1821 797 1893 'nec
812 1817 1003 1893 'nuncium
1028 1816 1170 1890 desertae
1205 1835 1283 1887 cato
1309 1814 1370 1886 suo
1392 1814 1647 1910 impunitatem
1664 1813 1882 1882 lucraretur.
1930 1805 2005 1880 Vid.

367 1908 525 2003 personae
544 1917 688 2003 mittat,
710 1911 861 1991 'omnem
879 1921 957 1990 eius
973 1938 1096 1988 curam
1108 1938 1168 2009 pe·
1204 1915 1383 1984 Lutlterus
1403 1911 1490 1985 tom.
1516 1911 1562 1981 V.
1584 1910 1664 2000 Jen.
1680 1907 1856 1980 German.
1874 1909 1915 1978 in
1932 1903 2008 1979 libr.

365 2009 463 2079 nitus
487 2008 631 2085 abiiciat
648 2061 659 2098 ,
674 2023 718 2100 ‚oc
746 2038 791 2087 ex
816 2017 919 2088 taedio
947 2035 1054 2108 atque
1084 2014 1167 2084 odio
1205 2012 1248 2082 de
1266 2008 1357 2084 caus.
1375 2012 1534 2082 matrim.
1550 2007 1612 2079 sol
1630 2010 1713 2099 256.
1729 2005 1764 2076 b.
1780 2003 1850 2076 ubi
1863 2004 2006 2077 malitie·

366 2107 533 2201 coniugis
547 2114 812 2186 matrimoniale
824 2116 1032 2197 vinculum,
1056 2133 1170 2205 quan·
1203 2106 1283 2181 sum
1313 2107 1494 2181 eiusmodi
1522 2105 1738 2179 desertorem
1758 2105 1936 2200 graphice
1955 2101 2008 2174 de·
2046 2121 2050 2226 p

365 2221 445 2272 rum
460 2203 498 2273 in
518 2203 551 2276 se
572 2206 644 2295 est,
670 2208 865 2283 desertione
884 2209 945 2284 sua
967 2207 1102 2281 nefarie
1117 2209 1173 2280 di..
1203 2205 1335 2304 pingit.
2045 2229 2050 2278 r

365 2298 505 2384 rimar,
531 2305 664 2377 etiamst
687 2308 803 2381 adhuc
826 2305 1096 2393 incertumst,
1121 2328 1169 2377 an

268 2481 271 2486 ¹
365 2397 409 2468 ad
430 2398 517 2472 alias
539 2402 712 2475 transterit
742 2408 919 2502 nuptias,
945 2425 991 2478 an
1010 2426 1098 2477 vero
1121 2400 1167 2476 ab
1278 2399 1526 2490 §.ncxxm
1557 2399 1737 2476 ceterum
1911 2465 1915 2472 .
1970 2459 1974 2468 .
2023 2449 2050 2460 .,

365 2493 439 2565 illis
454 2499 570 2569 adhue
589 2497 784 2575 abstineat?
809 2503 1020 2576 Rationibus
1033 2502 1069 2573 id
1084 2522 1168 2597 pro·
1201 2519 1275 2572 non
1298 2495 1436 2595 quevis
1459 2501 1588 2597 discpffio
1602 2501 1662 2572 vel
1683 2501 1741 2569 ab·
1789 2495 1913 2578 Duplex
1927 2489 2009 2578 ‘fis

364 2589 494 2665 bamus
517 2597 728 2671 eiusmodi:
771 2603 818 2694 t.)
844 2603 898 2674 lix
915 2603 1057 2697 proprio
1083 2602 1168 2670 vocis
1190 2595 1304 2690 sentia
1319 2620 1384 2694 pro
1394 2599 1591 2671 desertione
1606 2596 1738 2670 baben·
1920 2621 1929 2639 ·

351 2690 610 2789 specificatione.
625 2693 750 2796 χωρὶζ
749 2725 793 2774 nr
806 2701 842 2770 in
883 2701 1014 2772 enuina
1027 2719 1069 2770 ac
1083 2719 1166 2791 pro·
1202 2696 1247 2765 da
1266 2695 1341 2782 est,
1365 2695 1422 2768 sed
1440 2695 1735 2794 distinguendum

363 2790 445 2882 pria
460 2789 715 2886 fignificatione
736 2819 810 2869 non
831 2722 881 2870 es
893 2819 1031 2868 novum
1043 2796 1166 2868 matri·
1201 2793 1296 2863 inter
1325 2793 1502 2888 absentiam
1527 2791 1732 2890 necessariam
1749 2843 1764 2873 ,
1782 2790 2006 2884 paralion.

265 2927 268 2932 -
365 2887 532 2962 monium
565 2895 806 2982 contrahere,
840 2894 897 2967 sed
924 2892 1101 2968 discedere
1126 2895 1164 2965 in
1199 2889 1357 2984 caseolo·
1378 2891 1451 2971 &a
1478 2900 1513 2965 oc
1540 2894 1634 2964 lnter
1664 2891 1843 2984 absentiam
1877 2902 2011 2962 temo-

239 2992 241 2997 “
364 2984 474 3056 aliam
491 2985 610 3086 χῦρσν
628 2988 698 3064 sive
714 2996 906 3088 regionem
924 2999 959 3064 δι
979 2992 1101 3064 locum
1128 3012 1166 3063 a·
1199 2989 1286 3059 dact
1307 3038 1322 3067 .
1347 2991 1567 3062 volumniae
1587 3038 1602 3067 .
1625 2989 1821 3084 malitiosam
1852 2987 1940 3063 &o-
1975 2989 2009 3064 lt

362 3081 467 3153 lium.
491 3083 615 3157 Aslor.
632 3085 660 3156 l.
675 3110 712 3183 4.
728 3089 855 3164 xvlll.
874 3087 905 3164 1².
919 3097 983 3162 dcc.
1034 3089 1085 3182 2.)
1109 3091 1167 3160 -Ex
1199 3088 1299 3158 enim
1312 3089 1461 3162 demum
1475 3088 1668 3164 censendus
1688 3084 2008 3181 eildesertor,qu'i

360 3179 533 3270 apostolice
552 3181 647 3254 baias
658 3189 801 3259 vocabuli
809 3189 1039 3282 usurpatione·
1053 3211 1089 3258 v.
1108 3209 1164 3260 11.
1197 3185 1320 3256 animo
1342 3187 1539 3273 malitioso,
1565 3209 1636 3257 non
1655 3185 1742 3258 iusta
1758 3193 1794 3258 δι
1814 3182 2007 3278 bonella:-

360 3277 469 3371 ipstus
492 3283 617 3376 capitis
641 3284 759 3380 inquit
778 3285 978 3382 apossolus:
1007 3289 1040 3356 Si
1053 3287 1164 3355 mulier
1198 3282 1299 3374 liqua
1318 3283 1419 3354 causa
1437 3284 1632 3370 inductus,
1662 3283 1718 3355 sed
1739 3285 2006 3379 t·elreligionis

360 3400 382 3444 e
397 3380 468 3447 viro
481 3379 626 3479 >cepidi
641 3430 653 3456 .
671 3384 856 3481 discesserit,
870 3397 1000 3453 coerect
1010 3389 1163 3476 innupto,
1199 3381 1309 3467 odio,
1333 3382 1392 3452 vel
1409 3382 1577 3466 levitate,
1604 3385 1662 3453 vel
1675 3383 1903 3476 impatientia
1916 3380 2006 3452 freni

359 3488 420 3544 aar
436 3480 505 3546 viro
520 3483 748 3555 reconcilietur.
798 3483 894 3579 Ergo
921 3484 1089 3576 intelligit
1113 3504 1165 3552 ta·
1199 3477 1304 3547 coniu
1334 3481 1400 3550 alis
1417 3483 1569 3552 velaliis
1585 3480 1694 3551 causis
1711 3502 1784 3549 non
1807 3476 2005 3550 necessariis

359 3575 434 3643 lem
455 3576 662 3672 χωρισμὸν,
688 3583 753 3674 qui
772 3584 936 3652 nondum
950 3578 1161 3651 coniunslus
1197 3501 1370 3667 impussns
1387 3597 1410 3647 a
1428 3580 1582 3672 coniuge
1600 3577 1745 3649 discedit
1765 3626 1778 3663 ,
1806 3601 1874 3648 nee
1890 3579 2004 3671 priva-

362 3669 409 3738 est
438 3693 522 3741 cum
544 3683 639 3744 novo
667 3680 925 3768 matrimoni03
951 3680 1032 3770 quis
1063 3681 1162 3748 enim
1197 3674 1242 3742 tis
1267 3674 1573 3745 admonitionibus
1595 3678 1654 3745 vel
1683 3675 1839 3769 publicis
1873 3676 2002 3746 citatio-

360 3767 452 3836 soret
472 3766 612 3842 sensus:
640 3774 810 3848 stmulier
829 3773 1038 3862 discesserit,
1067 3782 1101 3860 ὃς
1125 3797 1162 3845 a·
1196 3768 1302 3841 nibus
1321 3769 1388 3842 sese
1410 3775 1571 3843 revocari
1584 3774 1742 3866 patitur,
1773 3773 1832 3846 sed
1850 3776 1936 3844 binc
1954 3775 2001 3843 in·

360 3864 453 3935 lium
477 3867 599 3940 virum
623 3874 792 3960 duxerit,
819 3895 960 3946 maneat
985 3871 1160 3966 innupta?
1196 3870 1240 3939 de
1257 3869 1443 3963 vagatur,
1462 3883 1523 3943 aut
1542 3873 1647 3965 plane
1666 3873 1702 3942 in
1725 3874 1816 3944 aiias
1835 3873 2001 3967 regiones

360 3964 410 4053 3.)
439 3966 492 4037 Ex
512 3975 760 4060 comparatione.
810 3965 894 4041 Sive
921 3969 1076 4043 desertor
1099 3996 1162 4042 no.
1196 3987 1237 4038 ac
1261 3966 1339 4037 loca
1355 3969 1508 4064 ¹longius
1540 3968 1649 4040 diffira
1670 3968 1940 4065 proficiscitur,
1964 3988 2001 4040 ut

356 4081 447 4133 vum
479 4069 752 4139 matrimonium
782 4070 911 4154 ineat,
947 4069 1014 4140 sive
1041 4068 1085 4141 ab
1117 4092 1160 4141 eo
1196 4065 1295 4136 nulla
1313 4063 1388 4158 spes
1409 4069 1543 4138 reditus
1556 4087 1596 4136 ac
1610 4070 1917 4140 reconciliationis
1931 4088 2001 4138 amd

359 4157 555 4247 abstineat,
585 4185 703 4235 tamen
733 4191 798 4260 per
819 4165 1031 4240 malitiosam
1060 4169 1161 4240 illam
1195 4163 1292 4255 plius
1311 4162 1465 4256 supersit.
1518 4167 1565 4257 1.)
1593 4164 2003 4261 CollIgiturhoccxtec·

360 4251 594 4349 desertionem
623 4261 731 4333 fidem
766 4266 994 4360 coniugalem
1023 4267 1160 4352 violat,
1195 4273 1233 4328 2¹⁸
1252 4261 1445 4352 apostolum
1465 4285 1506 4333 -νο
1532 4280 1587 4335 12.
1613 4265 1768 4334 dicitur:
1800 4267 1835 4333 Si
1851 4265 1999 4361 questa·

360 4349 531 4425 desertam
546 4358 582 4427 in
597 4362 799 4454 periculum
815 4363 1062 4434 fornicationis
1078 4385 1161 4433 con·
1193 4373 1245 4428 ter
1268 4360 1357 4427 lebet
1381 4377 1514 4429 uxorem
1527 4361 1706 4452 infidelem.
1734 4363 1780 4436 s5
1791 4366 1868 4435 bote
1892 4389 2000 4440 συνω·

357 4449 454 4533 iicit,
480 4451 626 4529 suorum
640 4481 725 4530 vero
740 4461 1016 4534 domesticorum
1036 4482 1160 4531 euram
1193 4449 1307 4542 docti,
1332 4459 1482 4551 censentit
1505 4459 1651 4529 babitare
1674 4464 1844 4546 curtillo,
1871 4489 1936 4534 oon
1953 4465 1999 4533 di·

358 4544 512 4637 abiicit,
544 4577 584 4624 ae
609 4557 824 4654 plerumque
853 4581 964 4654 vagas
993 4557 1158 4630 libidines
1194 4561 1306 4625 eniteat
1323 4559 1418 4627 illam.
1457 4579 1493 4627 v.
1520 4580 1574 4641 13·
1601 4563 1638 4628 Si
1660 4586 1742 4654 puae
1772 4565 1888 4633 cecuiier
1911 4563 1999 4633 lebet

357 4644 518 4719 sedatur.
569 4653 699 4726 Minus
729 4659 888 4754 graviter
913 4659 1062 4751 quidem
1078 4681 1158 4748 pec·
1193 4661 1300 4723 virum
1332 4656 1513 4749 nfidelem,
1540 4655 1587 4730 ss
1612 4657 1660 4729 scic
1693 4655 1906 4745 corrodentes,
1930 4687 1999 4732 cea·

357 4763 412 4813 cat
431 4746 609 4837 desertor,
635 4752 658 4821 sr
678 4775 699 4822 a
728 4779 821 4825 novo
844 4757 1074 4825 matrimonio
1097 4754 1157 4824 ab·
1183 4755 1286 4846 scierit
1299 4754 1442 4824 habitere
1459 4778 1528 4824 cnm
1544 4758 1618 4830 ille,
1644 4782 1708 4827 non
1724 4765 1868 4831 dimittat
1882 4764 1997 4834 vicem.

355 4837 507 4926 stineat,
534 4869 643 4938 quam
666 4849 749 4923 stad
769 4854 854 4924 illud
879 4854 1073 4936 convolet,
1099 4851 1155 4923 sed
1190 4874 1227 4919 v.
1257 4873 1310 4939 15.
1338 4859 1396 4922 Sin
1418 4877 1492 4922 ecco
1516 4854 1649 4945 infidelis
1672 4856 1823 4947 discedit.
1852 4860 1997 4954 dficdccr.

355 4957 422 5028 per
446 4938 677 5018 desertionem
706 4951 841 5042 aequale
864 4951 1035 5018 damnum
1058 4956 1091 5019 δι
1112 4972 1155 5017 ae-
1189 4947 1261 5019 Hic
1275 4971 1318 5018 ex
1335 4951 1405 5044 ipsa
1421 4953 1637 5046 oppositione
1652 4959 1891 5053 intelligitur,
1912 4958 1995 5052 quid

351 5035 461 5130 ,quale
475 5043 678 5134 periculum
700 5047 839 5125 deserte:
859 5047 1070 5137 adtrahitur,
1086 5046 1153 5119 live
1188 5069 1254 5142 per
1284 5048 1463 5150 χωρισμὸν.
1478 5103 1482 5108 -
1497 5052 1564 5126 live
1597 5054 1837 5136 discessionem
1870 5057 1995 5131 intelli-

685 5403 745 5450 Μ.
