4884 5984
316 595 322 602 ,
398 519 471 598 an
527 551 534 574 ι
624 509 782 586 toras
794 509 919 581 xnus.
976 503 1135 582 conv.
1186 497 1400 581 nennn
1442 508 1611 583 rann.
1667 485 1848 585 ostar
1993 591 1996 598 ,

396 707 433 776 ni
445 703 542 794 patre
560 701 618 776 filii
637 714 674 780 dc
691 731 731 779 ex
746 706 795 778 itis
811 726 948 794 nepotes
961 721 1211 796 propagantur,
1241 694 1283 775 si
1302 700 1483 803 distantia,
1537 700 1779 776 iurisconsultis
1801 707 1848 777 eli
1868 699 1977 800 series
2002 715 2080 799 ger

395 807 455 894 qui
472 806 579 876 carnis
597 808 848 895 propinquitate
865 803 931 876 sive
950 800 1213 894 consanguinita·
1237 803 1422 875 necationis
1441 799 1483 875 ΕΞ
1495 804 1728 900 cognationis,
1753 803 1808 876 nel
1822 805 1869 876 est
1880 801 2057 899 generatio

395 904 598 974 seinvicem
621 907 729 991 janui
744 899 936 984 censentur3
965 919 1005 974 ex
1028 927 1093 991 qua
1108 921 1212 972 meta-
1232 898 1407 1000 persona,
1436 904 1634 974 Germanice
1662 902 1715 975 ein
1744 898 1878 981 Gliedr
1906 900 1968 974 ubi
1995 914 2055 974 ne·

397 998 506 1092 phora
519 1002 621 1074 etiarn
634 1005 800 1094 originem
810 1004 903 1073 ducit
912 1002 1014 1082 illua,
1031 1001 1120 1089 quod
1133 1022 1213 1087 pro·
1238 1003 1364 1074 minem
1381 996 1514 1081 turbet,
1538 1003 1572 1071 in
1585 996 1807 1091 descriptione
1820 1004 1944 1093 gradus
1959 1023 2055 1076 men·

396 1101 566 1189 pinquitas
583 1098 640 1173 illa
663 1097 958 1193 consanguinitatis
979 1095 1083 1172 arbor
1099 1096 1214 1186 adpel·
1239 1102 1365 1173 tionem
1392 1096 1464 1172 fieri
1491 1099 1730 1195 generationis.
1796 1102 1937 1192 Agimus
1963 1100 2055 1172 euim

396 1197 495 1271 latur.
535 1200 699 1293 Quidam
718 1222 874 1279 monent,
900 1201 1044 1285 stipitem
1068 1196 1131 1268 effe
1155 1196 1215 1267 tri·
1239 1199 1294 1269 hic
1315 1203 1357 1271 de
1376 1200 1626 1288 propinquitate
1641 1195 1958 1291 consanguinitatis,
1979 1221 2071 1290 qup.

398 1296 544 1388 plictru,
560 1295 615 1372 vel
631 1322 844 1372 communem
866 1298 1012 1370 omnium
1026 1296 1214 1379 lominum,
1240 1319 1301 1388 per
1325 1299 1555 1389 generationes
1580 1301 1707 1378 oritur‚·
1733 1302 1789 1388 qui
1809 1322 1890 1371 vero
1910 1301 1946 1369 in
1972 1291 2056 1369 arn·

401 1396 507 1485 qualis
522 1400 569 1471 eii
586 1401 715 1478 tidem,
740 1398 794 1472 uel
811 1395 958 1493 alicujus
976 1396 1089 1492 gentis
1104 1391 1217 1487 acfa·
1235 1397 1342 1486 nitate
1363 1398 1548 1468 statuuntur
1570 1402 1714 1488 gradus,
1740 1401 1804 1493 (de
1824 1398 1946 1486 quibus
1968 1391 2055 1470 infe·-

401 1493 524 1581 mitia,
549 1493 653 1584 qualis
672 1499 719 1568 est
744 1494 888 1588 Jacobtts
913 1492 1066 1585 reipetsu
1097 1492 1216 1583 pupuli
1240 1497 1308 1566 sius
1321 1491 1559 1593 dispiciemus)
1575 1496 1625 1567 illi
1645 1521 1712 1569 non
1736 1497 2053 1588 propagationege·

373 1590 594 1675 israelitici,
637 1593 691 1668 vel
714 1595 858 1688 duorum
880 1605 942 1668 out
957 1592 1107 1691 plurium
1136 1613 1218 1689 pro·
1240 1595 1329 1665 neris
1354 1618 1392 1665 ac
1411 1590 1576 1685 sanguinis
1589 1643 1602 1678 ,
1630 1591 1686 1668 sed
1714 1593 1809 1668 fanis
1830 1596 1955 1686 nuptiis
1975 1617 2056 1667 een·

403 1694 499 1767 xime
519 1704 763 1789 cognatorum,
790 1699 833 1767 de
853 1719 997 1782 quotum
1020 1691 1218 1784 propinqui·
1242 1691 1429 1763 trahuntur.
1483 1692 1676 1783 Adpellatio
1699 1699 1865 1788 graduum
1880 1691 2055 1783 metapho-

404 1813 472 1866 mte
487 1796 648 1884 quaritur
656 1814 669 1883 3
694 1794 753 1866 ubi
770 1798 972 1878 natandum,
997 1792 1217 1881 nonobpro-
1242 1793 1310 1862 rica
1343 1793 1391 1866 eit
1418 1817 1438 1865 a
1468 1789 1679 1866 similitudine
1708 1790 1869 1865 scalarum
1900 1794 2052 1866 redo&

402 1894 626 1983 pinquitateni
654 1896 696 1965 ad
728 1894 872 1982 stipitem
901 1914 1116 1965 communem
1145 1914 1217 1962 om·
1242 1891 1540 1984 Quemadmodum
1577 1895 1666 1963 enim
1711 1888 1809 1963 scalas
1846 1889 2055 1964 conscensuri

403 1993 497 2062 nium
520 1991 693 2066 hominurn
717 1989 771 2064 vel
787 2013 886 2064 certa
904 1990 1043 2079 alicujus
1062 1986 1217 2078 familie,
1243 2013 1311 2059 non
1331 1988 1372 2059 ab
1394 1985 1509 2061 infimo
1534 1995 1642 2080 grado
1663 1992 1704 2061 ad
1732 1987 1897 2062 summum
1918 1989 2056 2063 transtil-

404 2086 462 2162 sed
476 2093 635 2161 duntaxat
647 2088 692 2162 ob
711 2093 897 2179 proximam
918 2094 1062 2161 duorum
1076 2085 1130 2158 vel
1142 2085 1219 2177 plu·
1243 2111 1343 2170 mus,
1379 2081 1435 2158 sed
1466 2109 1560 2159 certo
1599 2090 1716 2160 urdine
1748 2091 2006 2182 progredientes
2037 2112 2057 2160 r

404 2191 494 2262 rium
514 2211 591 2268 cum
616 2188 807 2277 particulari
832 2189 980 2277 quodam
1005 2189 1114 2275 stipite
1140 2209 1219 2276 pro·
1244 2188 1351 2277 gradu
1375 2182 1491 2257 infimo
1513 2191 1555 2259 ad
1577 2191 1792 2277 proximum,
1827 2198 1862 2262 dc
1883 2189 1927 2261 fit
1947 2183 2059 2261 conse·

402 2289 627 2378 pinquitatem
643 2290 892 2361 matrimonium
908 2283 1104 2376 prohiberic
1131 2288 1219 2356 unde
1244 2306 1386 2373 quenter
1405 2288 1445 2356 ad
1470 2281 1637 2358 summum
1653 2286 1900 2368 adscendimus,
1925 2291 2059 2360 eodem-

407 2385 527 2460 Baldos
542 2389 576 2458 in
599 2385 622 2458 l.
644 2385 777 2460 Lucius.
804 2384 841 2460 ff.
855 2389 897 2457 de
913 2406 982 2476 pet.
997 2384 1112 2458 hereti.
1129 2393 1164 2457 dc
1178 2406 1219 2455 ex
1246 2407 1311 2471 que
1323 2384 1441 2455 urdine
1456 2386 1578 2455 iterum
1592 2381 1840 2459 descendimus:
1862 2385 1904 2457 stc
1918 2387 2060 2475 propius

406 2509 448 2558 eo
471 2486 627 2562 Ceresius
650 2484 726 2556 libr.
743 2491 784 2556 ii.
816 2488 857 2555 de
881 2478 986 2573 spons.
1013 2494 1048 2557 dc
1075 2483 1219 2553 matrim.
1246 2485 1407 2571 quitatem
1430 2479 1670 2571 personatum,
1696 2489 1739 2556 de
1759 2509 1899 2572 quarum
1919 2493 2057 2572 conjun-

409 2609 483 2674 cap.
502 2590 542 2656 ii.
564 2578 856 2676 consanguinitatis
876 2581 1058 2653 definitioni
1078 2581 1141 2652 hoc
1163 2582 1221 2650 ad·
1246 2584 1356 2653 tiione
1378 2583 1556 2667 quaritur,
1578 2585 1834 2674 investigatum,
1858 2608 1877 2655 a
1901 2579 2057 2675 persons,

402 2686 544 2772 jiciunt,
567 2684 658 2770 quod
687 2680 725 2752 stt
747 2679 916 2752 vinculum
942 2675 1159 2770 personarum
1179 2678 1221 2748 ab
1245 2681 1287 2750 de
1306 2703 1370 2765 qua
1391 2680 1572 2751 instituitur
1591 2684 1724 2769 quaesiio
1745 2686 1785 2753 ad
1807 2682 2057 2773 generationem

280 2843 289 2848 ..
407 2785 527 2856 eodem
562 2781 670 2870 ilipite
706 2780 893 2878 propinquo
923 2774 1220 2864 descendentium,
1245 2778 1458 2867 proximam,
1503 2788 1538 2854 dt
1562 2776 1605 2849 stc
1628 2777 1869 2869 consequenter
1891 2778 2055 2872 usquead

405 2906 483 2970 quae
507 2881 758 2972 propinquitas,
784 2902 883 2965 quam
912 2872 1028 2950 lasese
1048 2877 1220 2956 extendat,
1246 2899 1460 2948 communem
1481 2880 1626 2966 stipitem
1641 2875 1887 2961 adscendimus,
1908 2906 1947 2952 ac
1964 2873 2092 2958 aitis-5·

411 3008 450 3054 en
479 2983 622 3053 transtu
645 2981 687 3053 de
708 2975 937 3069 prohibitione
965 2978 1131 3067 graduum
1154 2998 1223 3044 ma·
1249 2974 1307 3047 stnt
1329 2998 1390 3065 per
1406 2978 1528 3066 gradus
1551 2981 1803 3067 generationum
1820 2982 1866 3067 ad
1885 2973 2056 3066 {serlonem

409 3077 563 3152 oisellum
586 3080 662 3149 erit.
1249 3076 1405 3153 alteram,
1430 3076 1472 3146 de
1494 3082 1586 3161 cujus
1609 3081 1822 3148 matrimonio
1841 3080 1975 3168 agitur,
2005 3101 2057 3148 or·

731 3179 883 3250 CCXLi.
909 3179 988 3248 Duo
1003 3173 1091 3247 enim
1105 3173 1146 3242 ad
1162 3171 1226 3240 im·
1249 3176 1326 3244 dine
1339 3169 1574 3245 descendimus.
1584 3171 1606 3245 l.
1623 3172 1891 3264 Jurisconsultus.
1910 3181 2056 3267 ro.§.10.

412 3245 474 3391 dl)
496 3247 600 3373 (Μ’.
670 3278 901 3366 pedimeutunt
932 3272 995 3345 hoc
1022 3271 1225 3342 matrimonii
1257 3267 1395 3343 Gradus
1408 3268 1600 3365 diffisum,
1617 3271 2058 3372 astatttitodnascalorun,

433 3326 582 3488 αὲζζᾎζὲρ
669 3377 759 3444 rede
788 3373 1020 3461 explicandum
1045 3373 1081 3443 dt
1104 3392 1225 3457 perno-
1251 3370 1442 3444 locorumve
1451 3371 1767 3468 procliviurnqum
1779 3375 1828 3445 ita
1842 3374 2061 3466 ingredimar,

671 3468 828 3543 scendum
846 3473 917 3542 sunt
933 3465 1116 3542 necciiiria.
1137 3463 1228 3539 Gra·
1251 3482 1289 3544 ut
1321 3492 1343 3541 a
1365 3472 1525 3566 proniora
1549 3473 1584 3543 in
1608 3474 1830 3567 maximum,
1864 3472 1901 3545 id
1925 3475 1995 3572 est,
2027 3474 2061 3546 in

413 3571 513 3647 duum
540 3570 662 3645 scilicet
678 3568 878 3666 supputatio
901 3578 936 3643 dr
959 3567 1126 3663 graduum
1147 3589 1229 3663 nro·
1251 3595 1351 3656 eam,
1383 3570 1441 3665 qui
1465 3572 1557 3670 quast
1582 3596 1626 3645 eac
1647 3596 1683 3644 co
1707 3569 1879 3670 nascitur,
1911 3568 2060 3669 transeo·

413 3673 548 3747 libitia.
617 3677 670 3743 De
685 3666 915 3766 prohibitione
943 3671 1108 3759 graduum
1140 3663 1225 3736 nihil
1249 3695 1332 3744 mm.
2063 3709 2065 3714 -

414 3776 499 3845 tradi
524 3770 578 3844 vel
599 3764 752 3861 cognosci
769 3769 896 3857 potest,
919 3766 981 3838 nist
999 3767 1091 3856 prius
1108 3789 1225 3836 eorum
1325 3771 1353 3860 ς.
1378 3771 1547 3844 (ΖΕΧΗῙἶ
1574 3770 1666 3866 Quia
1685 3795 1766 3842 vero
1786 3772 2013 3860 generationis
2028 3779 2065 3846 dt

667 3865 868 3963 supputatio
908 3864 958 3956 (l)
995 3860 1225 3954 cognoscatur.
1250 3870 1457 3958 cognationis
1480 3869 1526 3939 est
1551 3889 1662 3940 certus
1683 3874 1793 3954 orda,
1826 3895 1904 3940 curn
1927 3865 2062 3942 consen

445 3959 580 4026 Gradus·
676 3970 828 4045 Gradus,
852 3957 1030 4054 θιαίςημα,
1053 3966 1096 4061 esi
1113 3958 1228 4059 perfit-
1250 3968 1365 4058 guinei
1380 3964 1461 4047 stnt,
1487 3964 1540 4038 vel
1555 3970 1699 4063 majores
1716 3967 1769 4039 vel
1783 3968 1907 4070 posteri
1923 3967 1978 4040 vel
1996 3967 2062 4040 col·

518 4143 521 4147 ,
676 4087 793 4138 nartem
818 4060 967 4161 finguiis
1001 4060 1228 4158 generationi·
1252 4063 1425 4149 laterales,
1454 4064 1531 4138 inde
1551 4069 1591 4136 td
1611 4068 1873 4138 commodiorem
1896 4070 2062 4158 graduum

415 4163 477 4240 bus
489 4174 758 4261 rtrupagotoracn
778 4173 894 4235 ncestua
908 4160 1083 4260 dt'statstia.
1117 4164 1229 4233 Cano·
1253 4162 1521 4251 supputationem
1540 4166 1727 4236 statuuntur
1738 4185 1836 4237 certae
1847 4164 1963 4251 iineae,
1982 4169 2063 4263 jusc-

415 4269 504 4341 sinn
532 4269 655 4356 gradus
684 4263 736 4334 vel
767 4266 812 4335 est
841 4259 1004 4334 habitudo
1032 4257 1228 4360 dr'stuntium
1254 4260 1806 4352 taquasregulaedesupputatione

411 4362 650 4463 personarum,
672 4385 738 4457 qua
759 4358 988 4457 cognoscitur,
1012 4370 1114 4454 quotu
1134 4381 1230 4454 gene·
1255 4369 1290 4436 dc
1312 4358 1543 4450 prohibitione
1567 4366 1733 4452 graduum
1754 4365 1805 4433 in·
1898 4357 2026 4424 Lirem·

418 4463 565 4540 rationis
583 4461 635 4533 acl
652 4462 864 4560 cognationis
886 4458 1050 4559 dt’stautia
1071 4459 1144 4530 dua
1156 4481 1231 4551 per·
1255 4458 1454 4530 formantur.
1507 4458 1676 4530 Definitur
1703 4461 1808 4542 linea,

411 4564 507 4663 strnae
521 4558 653 4656 intense
669 4558 847 4655 diffindat,
882 4559 934 4631 vel
949 4559 991 4659 esi
1007 4557 1229 4638 intervalium,
1253 4562 1342 4645 quod
1366 4556 1403 4628 stt
1419 4552 1580 4630 ordinata
1593 4557 1735 4633 rotenia
1752 4558 1973 4656 prrfisnorunt
1990 4585 2064 4634 cotr-

419 4688 483 4762 qao
514 4657 721 4756 cognoscitur
739 4658 981 4758 personarum,
1022 4655 1063 4730 dc
1090 4679 1229 4751 quarunt
1245 4654 1483 4752 sanguinitate
1499 4656 1746 4752 conjuntturan
1763 4658 1807 4733 ab
1825 4658 1935 4732 eodem
1949 4662 2066 4760 stipite

422 4762 621 4859 cognatione
638 4762 816 4856 quaritur,
839 4755 975 4855 intense
990 4756 1230 4856 propinquitas
1253 4752 1514 4853 descendentium
1539 4754 1689 4855 diversos
1710 4760 1840 4857 gradus
1869 4762 2064 4848 continens,

438 5038 486 5119 (⁸¹)
506 5036 630 5135 'l'otum
644 5038 748 5100 hocca
765 5046 987 5138 argumentum
1003 5037 1042 5100 de
1063 5043 1231 5132 computa·
1337 5053 1435 5119 opere
1455 5030 1725 5128 praestantiffimo‚
1754 5038 1843 5132 quod
1865 5035 2068 5107 innabitat:

498 5131 589 5185 ‘¹⁰¹¹‘
609 5115 1232 5270 aagggfigagffigoqgfteaggffi
1337 5115 1399 5258 lii
1419 5114 1882 5280 ggfsggggarotggtgum
1914 5128 1987 5186 ‘⁰⁰¹‘
2008 5119 2071 5188 ¹⁷·

497 5213 1233 5370 llsssiaitrunasataasatanacam
1398 5239 1409 5261 .
1649 5219 1704 5283 'P‘
1779 5217 1880 5282 ‘qq'
