<?xml version="1.0" encoding="UTF-8"?>
<!DOCTYPE html PUBLIC "-//W3C//DTD XHTML 1.0 Transitional//EN"
    "http://www.w3.org/TR/xhtml1/DTD/xhtml1-transitional.dtd">
<html xmlns="http://www.w3.org/1999/xhtml" xml:lang="en" lang="en">
 <head>
  <title>
</title>
<meta http-equiv="Content-Type" content="text/html;charset=utf-8" />
  <meta name='ocr-system' content='tesseract 3.04.00' />
  <meta name='ocr-capabilities' content='ocr_page ocr_carea ocr_par ocr_line ocrx_word'/>
</head>
<body>
  <div class='ocr_page' id='page_1' title='image "./locitheologicic06cottgoog_0123.png"; bbox 0 0 4884 5984; ppageno 0'>
   <div class='ocr_carea' id='block_1_1' title="bbox 591 453 2058 594">
    <p class='ocr_par' dir='ltr' id='par_1_1' title="bbox 591 453 2058 594">
     <span class='ocr_line' id='line_1_1' title="bbox 591 453 2058 594; baseline 0.022 -52"><span class='ocrx_word' id='word_1_1' title='bbox 591 457 654 544; x_wconf 81' lang='lat' dir='ltr'>nt</span> <span class='ocrx_word' id='word_1_2' title='bbox 678 467 942 548; x_wconf 76' lang='lat' dir='ltr'>consensus</span> <span class='ocrx_word' id='word_1_3' title='bbox 968 473 1032 546; x_wconf 79' lang='lat' dir='ltr'>ao</span> <span class='ocrx_word' id='word_1_4' title='bbox 1056 469 1265 554; x_wconf 71' lang='lat' dir='ltr'>narratu.</span> <span class='ocrx_word' id='word_1_5' title='bbox 1289 453 1522 577; x_wconf 81' lang='lat' dir='ltr'>nrQursari</span> <span class='ocrx_word' id='word_1_6' title='bbox 1548 477 1825 586; x_wconf 78' lang='lat' dir='ltr'>Qvutrratr.</span> <span class='ocrx_word' id='word_1_7' title='bbox 1992 513 2058 594; x_wconf 71' lang='lat' dir='ltr'>na</span> 
     </span>
    </p>
   </div>
   <div class='ocr_carea' id='block_1_2' title="bbox 352 661 2053 1758">
    <p class='ocr_par' dir='ltr' id='par_1_2' title="bbox 352 661 2053 1758">
     <span class='ocr_line' id='line_1_2' title="bbox 367 661 2053 780; baseline 0.019 -48"><span class='ocrx_word' id='word_1_8' title='bbox 367 675 466 757; x_wconf 71' lang='lat' dir='ltr'>mm</span> <span class='ocrx_word' id='word_1_9' title='bbox 480 667 623 758; x_wconf 80' lang='lat' dir='ltr'>putaret</span> <span class='ocrx_word' id='word_1_10' title='bbox 646 661 877 762; x_wconf 66' lang='lat' dir='ltr'>ffdiuitem,</span> <span class='ocrx_word' id='word_1_11' title='bbox 912 664 1025 744; x_wconf 78' lang='lat' dir='ltr'>&amp;itia</span> <span class='ocrx_word' id='word_1_12' title='bbox 1043 666 1118 768; x_wconf 81' lang='lat' dir='ltr'>effet</span> <span class='ocrx_word' id='word_1_13' title='bbox 1135 672 1199 746; x_wconf 82' lang='lat' dir='ltr'>rni-</span> <span class='ocrx_word' id='word_1_14' title='bbox 1220 701 1298 748; x_wconf 89' lang='lat' dir='ltr'>nam</span> <span class='ocrx_word' id='word_1_15' title='bbox 1328 699 1414 772; x_wconf 81' lang='lat' dir='ltr'>agat.</span> <span class='ocrx_word' id='word_1_16' title='bbox 1465 685 1517 752; x_wconf 90' lang='lat' dir='ltr'>Ut</span> <span class='ocrx_word' id='word_1_17' title='bbox 1547 687 1636 758; x_wconf 90' lang='lat' dir='ltr'>enim</span> <span class='ocrx_word' id='word_1_18' title='bbox 1660 688 1810 765; x_wconf 74' lang='lat' dir='ltr'>divitia,</span> <span class='ocrx_word' id='word_1_19' title='bbox 1848 685 1894 757; x_wconf 82' lang='lat' dir='ltr'>ita</span> <span class='ocrx_word' id='word_1_20' title='bbox 1919 711 2053 780; x_wconf 86' lang='lat' dir='ltr'>quoque</span> 
     </span>
     <span class='ocr_line' id='line_1_3' title="bbox 352 760 2052 874; baseline 0.016 -42"><span class='ocrx_word' id='word_1_21' title='bbox 352 782 429 832; x_wconf 75' lang='lat' dir='ltr'>nus</span> <span class='ocrx_word' id='word_1_22' title='bbox 442 760 603 858; x_wconf 82' lang='lat' dir='ltr'>copiosa,</span> <span class='ocrx_word' id='word_1_23' title='bbox 627 767 781 860; x_wconf 84' lang='lat' dir='ltr'>quamuis</span> <span class='ocrx_word' id='word_1_24' title='bbox 795 765 849 838; x_wconf 86' lang='lat' dir='ltr'>laic</span> <span class='ocrx_word' id='word_1_25' title='bbox 866 767 1068 863; x_wconf 79' lang='lat' dir='ltr'><em>deciperetur</em></span> <span class='ocrx_word' id='word_1_26' title='bbox 1088 793 1199 846; x_wconf 87' lang='lat' dir='ltr'>errare</span> <span class='ocrx_word' id='word_1_27' title='bbox 1222 781 1353 867; x_wconf 82' lang='lat' dir='ltr'>generis</span> <span class='ocrx_word' id='word_1_28' title='bbox 1376 777 1528 852; x_wconf 74' lang='lat' dir='ltr'>nobilitas</span> <span class='ocrx_word' id='word_1_29' title='bbox 1549 787 1589 855; x_wconf 88' lang='lat' dir='ltr'>ad</span> <span class='ocrx_word' id='word_1_30' title='bbox 1614 781 1755 856; x_wconf 75' lang='lat' dir='ltr'>fortuna</span> <span class='ocrx_word' id='word_1_31' title='bbox 1773 782 1860 856; x_wconf 89' lang='lat' dir='ltr'>bona</span> <span class='ocrx_word' id='word_1_32' title='bbox 1875 790 2052 874; x_wconf 84' lang='lat' dir='ltr'>pertinet,</span> 
     </span>
     <span class='ocr_line' id='line_1_4' title="bbox 361 856 2053 1035; baseline 0.018 -106"><span class='ocrx_word' id='word_1_33' title='bbox 361 856 533 952; x_wconf 74' lang='lat' dir='ltr'>fortuna,</span> <span class='ocrx_word' id='word_1_34' title='bbox 559 884 627 932; x_wconf 88' lang='lat' dir='ltr'>nan</span> <span class='ocrx_word' id='word_1_35' title='bbox 648 873 758 936; x_wconf 80' lang='lat' dir='ltr'>tunica</span> <span class='ocrx_word' id='word_1_36' title='bbox 772 861 876 1035; x_wconf 44' lang='lat' dir='ltr'>posit</span> <span class='ocrx_word' id='word_1_37' title='bbox 897 870 1094 942; x_wconf 80' lang='lat' dir='ltr'>renunciare</span> <span class='ocrx_word' id='word_1_38' title='bbox 1108 893 1199 968; x_wconf 77' lang='lat' dir='ltr'>pra·</span> <span class='ocrx_word' id='word_1_39' title='bbox 1221 877 1310 946; x_wconf 87' lang='lat' dir='ltr'>unde</span> <span class='ocrx_word' id='word_1_40' title='bbox 1330 880 1516 950; x_wconf 76' lang='lat' dir='ltr'>ludovicus</span> <span class='ocrx_word' id='word_1_41' title='bbox 1540 881 1640 952; x_wconf 75' lang='lat' dir='ltr'>Vives</span> <span class='ocrx_word' id='word_1_42' title='bbox 1658 905 1753 954; x_wconf 87' lang='lat' dir='ltr'>vocat</span> <span class='ocrx_word' id='word_1_43' title='bbox 1771 877 1898 976; x_wconf 89' lang='lat' dir='ltr'>sortem</span> <span class='ocrx_word' id='word_1_44' title='bbox 1918 882 2053 981; x_wconf 76' lang='lat' dir='ltr'>nascen-</span> 
     </span>
     <span class='ocr_line' id='line_1_5' title="bbox 368 954 2050 1068; baseline 0.015 -38"><span class='ocrx_word' id='word_1_45' title='bbox 368 954 493 1032; x_wconf 83' lang='lat' dir='ltr'>saturae</span> <span class='ocrx_word' id='word_1_46' title='bbox 514 971 667 1056; x_wconf 79' lang='lat' dir='ltr'>acceptae.</span> <span class='ocrx_word' id='word_1_47' title='bbox 720 959 813 1036; x_wconf 81' lang='lat' dir='ltr'>Sinti</span> <span class='ocrx_word' id='word_1_48' title='bbox 829 965 1098 1062; x_wconf 81' lang='lat' dir='ltr'>iter‚quaenubit</span> <span class='ocrx_word' id='word_1_49' title='bbox 1113 993 1199 1066; x_wconf 80' lang='lat' dir='ltr'>pare·</span> <span class='ocrx_word' id='word_1_50' title='bbox 1221 967 1280 1052; x_wconf 82' lang='lat' dir='ltr'>di,-</span> <span class='ocrx_word' id='word_1_51' title='bbox 1304 977 1446 1063; x_wconf 89' lang='lat' dir='ltr'>proinde</span> <span class='ocrx_word' id='word_1_52' title='bbox 1460 997 1499 1045; x_wconf 88' lang='lat' dir='ltr'>ut</span> <span class='ocrx_word' id='word_1_53' title='bbox 1513 1001 1608 1051; x_wconf 87' lang='lat' dir='ltr'>error</span> <span class='ocrx_word' id='word_1_54' title='bbox 1627 977 1792 1066; x_wconf 76' lang='lat' dir='ltr'>qualitatis</span> <span class='ocrx_word' id='word_1_55' title='bbox 1809 982 1896 1052; x_wconf 88' lang='lat' dir='ltr'>cirea</span> <span class='ocrx_word' id='word_1_56' title='bbox 1909 983 2050 1068; x_wconf 82' lang='lat' dir='ltr'>divitias.</span> 
     </span>
     <span class='ocr_line' id='line_1_6' title="bbox 365 1057 2051 1172; baseline 0.016 -45"><span class='ocrx_word' id='word_1_57' title='bbox 365 1057 440 1153; x_wconf 72' lang='lat' dir='ltr'>peri</span> <span class='ocrx_word' id='word_1_58' title='bbox 455 1111 476 1160; x_wconf 20' lang='grc' dir='ltr'>,Ι</span> <span class='ocrx_word' id='word_1_59' title='bbox 488 1067 618 1170; x_wconf 57' lang='lat' dir='ltr'>metans</span> <span class='ocrx_word' id='word_1_60' title='bbox 639 1059 731 1132; x_wconf 82' lang='lat' dir='ltr'>iilum</span> <span class='ocrx_word' id='word_1_61' title='bbox 749 1058 809 1158; x_wconf 73' lang='lat' dir='ltr'>effe</span> <span class='ocrx_word' id='word_1_62' title='bbox 828 1064 989 1147; x_wconf 83' lang='lat' dir='ltr'>diuitem,</span> <span class='ocrx_word' id='word_1_63' title='bbox 1013 1089 1078 1139; x_wconf 85' lang='lat' dir='ltr'>nore</span> <span class='ocrx_word' id='word_1_64' title='bbox 1092 1073 1197 1172; x_wconf 77' lang='lat' dir='ltr'>potest</span> <span class='ocrx_word' id='word_1_65' title='bbox 1221 1073 1266 1142; x_wconf 82' lang='lat' dir='ltr'>isa</span> <span class='ocrx_word' id='word_1_66' title='bbox 1282 1097 1415 1162; x_wconf 88' lang='lat' dir='ltr'>quoque</span> <span class='ocrx_word' id='word_1_67' title='bbox 1433 1097 1529 1145; x_wconf 86' lang='lat' dir='ltr'>error</span> <span class='ocrx_word' id='word_1_68' title='bbox 1553 1076 1717 1164; x_wconf 72' lang='lat' dir='ltr'>qualitatis</span> <span class='ocrx_word' id='word_1_69' title='bbox 1733 1081 1820 1150; x_wconf 89' lang='lat' dir='ltr'>cirta</span> <span class='ocrx_word' id='word_1_70' title='bbox 1844 1084 1976 1170; x_wconf 77' lang='lat' dir='ltr'>generis</span> <span class='ocrx_word' id='word_1_71' title='bbox 1990 1105 2051 1154; x_wconf 84' lang='lat' dir='ltr'>nu·</span> 
     </span>
     <span class='ocr_line' id='line_1_7' title="bbox 366 1158 2050 1258; baseline 0.014 -30"><span class='ocrx_word' id='word_1_72' title='bbox 366 1167 568 1228; x_wconf 79' lang='lat' dir='ltr'>renuntiare</span> <span class='ocrx_word' id='word_1_73' title='bbox 576 1158 693 1254; x_wconf 80' lang='lat' dir='ltr'>priori</span> <span class='ocrx_word' id='word_1_74' title='bbox 707 1160 910 1248; x_wconf 84' lang='lat' dir='ltr'>conditioni,</span> <span class='ocrx_word' id='word_1_75' title='bbox 933 1167 1087 1258; x_wconf 84' lang='lat' dir='ltr'>quamuis</span> <span class='ocrx_word' id='word_1_76' title='bbox 1102 1191 1197 1242; x_wconf 89' lang='lat' dir='ltr'>erra·</span> <span class='ocrx_word' id='word_1_77' title='bbox 1221 1167 1385 1244; x_wconf 86' lang='lat' dir='ltr'>bilitatem</span> <span class='ocrx_word' id='word_1_78' title='bbox 1405 1196 1472 1242; x_wconf 91' lang='lat' dir='ltr'>non</span> <span class='ocrx_word' id='word_1_79' title='bbox 1488 1169 1586 1245; x_wconf 82' lang='lat' dir='ltr'>saciet</span> <span class='ocrx_word' id='word_1_80' title='bbox 1601 1176 1710 1247; x_wconf 89' lang='lat' dir='ltr'>datam</span> <span class='ocrx_word' id='word_1_81' title='bbox 1731 1176 1931 1249; x_wconf 87' lang='lat' dir='ltr'>matrimonii</span> <span class='ocrx_word' id='word_1_82' title='bbox 1949 1177 2050 1251; x_wconf 83' lang='lat' dir='ltr'>fidem</span> 
     </span>
     <span class='ocr_line' id='line_1_8' title="bbox 367 1253 2051 1364; baseline 0.014 -38"><span class='ocrx_word' id='word_1_83' title='bbox 367 1255 479 1354; x_wconf 76' lang='lat' dir='ltr'>uerit·</span> <span class='ocrx_word' id='word_1_84' title='bbox 517 1253 634 1328; x_wconf 86' lang='lat' dir='ltr'>Error</span> <span class='ocrx_word' id='word_1_85' title='bbox 650 1257 831 1353; x_wconf 77' lang='lat' dir='ltr'>qualitatis</span> <span class='ocrx_word' id='word_1_86' title='bbox 844 1285 910 1333; x_wconf 90' lang='lat' dir='ltr'>nan</span> <span class='ocrx_word' id='word_1_87' title='bbox 932 1261 1085 1337; x_wconf 77' lang='lat' dir='ltr'>excludit</span> <span class='ocrx_word' id='word_1_88' title='bbox 1100 1267 1197 1364; x_wconf 82' lang='lat' dir='ltr'>strai-</span> <span class='ocrx_word' id='word_1_89' title='bbox 1220 1269 1362 1348; x_wconf 89' lang='lat' dir='ltr'>irritam,</span> <span class='ocrx_word' id='word_1_90' title='bbox 1377 1294 1453 1340; x_wconf 90' lang='lat' dir='ltr'>eum</span> <span class='ocrx_word' id='word_1_91' title='bbox 1475 1291 1614 1360; x_wconf 86' lang='lat' dir='ltr'>uterque</span> <span class='ocrx_word' id='word_1_92' title='bbox 1630 1299 1696 1345; x_wconf 88' lang='lat' dir='ltr'>non</span> <span class='ocrx_word' id='word_1_93' title='bbox 1706 1270 1855 1346; x_wconf 87' lang='lat' dir='ltr'>versetur</span> <span class='ocrx_word' id='word_1_94' title='bbox 1869 1267 1956 1347; x_wconf 84' lang='lat' dir='ltr'>cirea</span> <span class='ocrx_word' id='word_1_95' title='bbox 1975 1275 2051 1348; x_wconf 85' lang='lat' dir='ltr'>sub·</span> 
     </span>
     <span class='ocr_line' id='line_1_9' title="bbox 368 1352 2049 1466; baseline 0.012 -40"><span class='ocrx_word' id='word_1_96' title='bbox 368 1352 446 1426; x_wconf 84' lang='lat' dir='ltr'>liter</span> <span class='ocrx_word' id='word_1_97' title='bbox 464 1353 674 1451; x_wconf 83' lang='lat' dir='ltr'>consensum,</span> <span class='ocrx_word' id='word_1_98' title='bbox 709 1369 822 1456; x_wconf 77' lang='lat' dir='ltr'>utpute</span> <span class='ocrx_word' id='word_1_99' title='bbox 845 1363 879 1460; x_wconf 81' lang='lat' dir='ltr'><em>fi</em></span> <span class='ocrx_word' id='word_1_100' title='bbox 910 1363 985 1456; x_wconf 86' lang='lat' dir='ltr'>quis</span> <span class='ocrx_word' id='word_1_101' title='bbox 1014 1365 1131 1450; x_wconf 73' lang='lat' dir='ltr'>ereren-it</span> <span class='ocrx_word' id='word_1_102' title='bbox 1158 1389 1197 1444; x_wconf 85' lang='lat' dir='ltr'>a·</span> <span class='ocrx_word' id='word_1_103' title='bbox 1219 1366 1396 1447; x_wconf 69' lang='lat' dir='ltr'>stantialis,</span> <span class='ocrx_word' id='word_1_104' title='bbox 1418 1365 1472 1441; x_wconf 91' lang='lat' dir='ltr'>sed</span> <span class='ocrx_word' id='word_1_105' title='bbox 1490 1371 1577 1440; x_wconf 88' lang='lat' dir='ltr'>eirea</span> <span class='ocrx_word' id='word_1_106' title='bbox 1595 1370 1806 1444; x_wconf 85' lang='lat' dir='ltr'>accidentalia</span> <span class='ocrx_word' id='word_1_107' title='bbox 1823 1375 1980 1466; x_wconf 80' lang='lat' dir='ltr'>conjugii.</span> <span class='ocrx_word' id='word_1_108' title='bbox 2001 1377 2049 1448; x_wconf 80' lang='lat' dir='ltr'>Ex</span> 
     </span>
     <span class='ocr_line' id='line_1_10' title="bbox 368 1452 2048 1563; baseline 0.012 -40"><span class='ocrx_word' id='word_1_109' title='bbox 368 1475 482 1549; x_wconf 79' lang='lat' dir='ltr'>gnam,</span> <span class='ocrx_word' id='word_1_110' title='bbox 496 1452 552 1526; x_wconf 88' lang='lat' dir='ltr'>uel</span> <span class='ocrx_word' id='word_1_111' title='bbox 569 1455 713 1542; x_wconf 76' lang='lat' dir='ltr'>uisuram,</span> <span class='ocrx_word' id='word_1_112' title='bbox 738 1479 838 1552; x_wconf 71' lang='lat' dir='ltr'>quana</span> <span class='ocrx_word' id='word_1_113' title='bbox 860 1458 1009 1558; x_wconf 82' lang='lat' dir='ltr'>putabat</span> <span class='ocrx_word' id='word_1_114' title='bbox 1023 1457 1083 1560; x_wconf 79' lang='lat' dir='ltr'>effe</span> <span class='ocrx_word' id='word_1_115' title='bbox 1102 1461 1197 1560; x_wconf 71' lang='lat' dir='ltr'>taber·</span> <span class='ocrx_word' id='word_1_116' title='bbox 1219 1487 1287 1552; x_wconf 89' lang='lat' dir='ltr'>quo</span> <span class='ocrx_word' id='word_1_117' title='bbox 1301 1461 1785 1554; x_wconf 69' lang='lat' dir='ltr'>tundanentoretiestanamn</span> <span class='ocrx_word' id='word_1_118' title='bbox 1802 1467 2048 1563; x_wconf 81' lang='lat' dir='ltr'>quodoonpos-</span> 
     </span>
     <span class='ocr_line' id='line_1_11' title="bbox 367 1553 2049 1664; baseline 0.01 -39"><span class='ocrx_word' id='word_1_119' title='bbox 367 1553 511 1638; x_wconf 86' lang='lat' dir='ltr'>rimam,</span> <span class='ocrx_word' id='word_1_120' title='bbox 544 1557 698 1649; x_wconf 76' lang='lat' dir='ltr'>quaomnia</span> <span class='ocrx_word' id='word_1_121' title='bbox 723 1557 782 1656; x_wconf 81' lang='lat' dir='ltr'>iste</span> <span class='ocrx_word' id='word_1_122' title='bbox 812 1570 950 1632; x_wconf 87' lang='lat' dir='ltr'>erraret·</span> <span class='ocrx_word' id='word_1_123' title='bbox 968 1560 1004 1632; x_wconf 90' lang='lat' dir='ltr'>in</span> <span class='ocrx_word' id='word_1_124' title='bbox 1030 1561 1196 1658; x_wconf 78' lang='lat' dir='ltr'>qualitate</span> <span class='ocrx_word' id='word_1_125' title='bbox 1219 1559 2049 1664; x_wconf 80' lang='lat' dir='ltr'>tintsponsaliadilsolvi,srquanubatspnria‚quem</span> 
     </span>
     <span class='ocr_line' id='line_1_12' title="bbox 367 1651 2049 1758; baseline 0.01 -34"><span class='ocrx_word' id='word_1_126' title='bbox 367 1665 476 1727; x_wconf 84' lang='lat' dir='ltr'>rerum</span> <span class='ocrx_word' id='word_1_127' title='bbox 488 1675 560 1748; x_wconf 81' lang='lat' dir='ltr'>¹rem</span> <span class='ocrx_word' id='word_1_128' title='bbox 578 1656 689 1727; x_wconf 85' lang='lat' dir='ltr'>minus</span> <span class='ocrx_word' id='word_1_129' title='bbox 696 1651 850 1748; x_wconf 85' lang='lat' dir='ltr'>fertilem</span> <span class='ocrx_word' id='word_1_130' title='bbox 867 1657 1019 1741; x_wconf 83' lang='lat' dir='ltr'>emendo,</span> <span class='ocrx_word' id='word_1_131' title='bbox 1043 1684 1108 1732; x_wconf 89' lang='lat' dir='ltr'>non</span> <span class='ocrx_word' id='word_1_132' title='bbox 1121 1673 1198 1758; x_wconf 86' lang='lat' dir='ltr'>pot·</span> <span class='ocrx_word' id='word_1_133' title='bbox 1220 1661 1471 1736; x_wconf 84' lang='lat' dir='ltr'>existimabatex</span> <span class='ocrx_word' id='word_1_134' title='bbox 1481 1662 1632 1754; x_wconf 80' lang='lat' dir='ltr'>legitimo</span> <span class='ocrx_word' id='word_1_135' title='bbox 1641 1667 1799 1756; x_wconf 79' lang='lat' dir='ltr'>conjugio</span> <span class='ocrx_word' id='word_1_136' title='bbox 1807 1664 2049 1747; x_wconf 70' lang='lat' dir='ltr'>escarum&amp;</span> 
     </span>
    </p>
   </div>
   <div class='ocr_carea' id='block_1_3' title="bbox 367 1751 2165 1854">
    <p class='ocr_par' dir='ltr' id='par_1_3' title="bbox 367 1751 2165 1854">
     <span class='ocr_line' id='line_1_13' title="bbox 367 1751 2165 1854; baseline 0.009 -31"><span class='ocrx_word' id='word_1_137' title='bbox 367 1753 408 1852; x_wconf 76' lang='lat' dir='ltr'>est</span> <span class='ocrx_word' id='word_1_138' title='bbox 430 1761 545 1824; x_wconf 85' lang='lat' dir='ltr'>tamen</span> <span class='ocrx_word' id='word_1_139' title='bbox 570 1751 793 1827; x_wconf 84' lang='lat' dir='ltr'>uenditionem</span> <span class='ocrx_word' id='word_1_140' title='bbox 815 1754 1006 1852; x_wconf 75' lang='lat' dir='ltr'><em>rescindere.</em></span> <span class='ocrx_word' id='word_1_141' title='bbox 1057 1763 1197 1833; x_wconf 79' lang='lat' dir='ltr'>Addunt</span> <span class='ocrx_word' id='word_1_142' title='bbox 1220 1760 1293 1830; x_wconf 87' lang='lat' dir='ltr'>vice</span> <span class='ocrx_word' id='word_1_143' title='bbox 1315 1755 1404 1830; x_wconf 77' lang='lat' dir='ltr'>uersa</span> <span class='ocrx_word' id='word_1_144' title='bbox 1423 1808 1434 1838; x_wconf 92' lang='lat'><strong><em>,</em></strong></span> <span class='ocrx_word' id='word_1_145' title='bbox 1454 1763 1531 1848; x_wconf 90' lang='lat' dir='ltr'>quia</span> <span class='ocrx_word' id='word_1_146' title='bbox 1551 1761 1606 1832; x_wconf 88' lang='lat' dir='ltr'>hic</span> <span class='ocrx_word' id='word_1_147' title='bbox 1624 1766 1777 1834; x_wconf 82' lang='lat' dir='ltr'>erroreli</span> <span class='ocrx_word' id='word_1_148' title='bbox 1791 1767 1948 1837; x_wconf 84' lang='lat' dir='ltr'>duntaxat</span> <span class='ocrx_word' id='word_1_149' title='bbox 1966 1767 2048 1854; x_wconf 83' lang='lat' dir='ltr'>qua·</span> <span class='ocrx_word' id='word_1_150' title='bbox 2160 1763 2165 1774; x_wconf 87' lang='grc'><strong>’</strong></span> 
     </span>
    </p>
   </div>
   <div class='ocr_carea' id='block_1_4' title="bbox 367 1854 2057 2632">
    <p class='ocr_par' dir='ltr' id='par_1_4' title="bbox 367 1854 2057 2632">
     <span class='ocr_line' id='line_1_14' title="bbox 368 1854 2048 1954; baseline 0.008 -32"><span class='ocrx_word' id='word_1_151' title='bbox 368 1873 478 1924; x_wconf 87' lang='lat' dir='ltr'>tamen</span> <span class='ocrx_word' id='word_1_152' title='bbox 499 1854 657 1941; x_wconf 83' lang='lat' dir='ltr'>quasdam</span> <span class='ocrx_word' id='word_1_153' title='bbox 672 1855 891 1930; x_wconf 81' lang='lat' dir='ltr'>conditiones:</span> <span class='ocrx_word' id='word_1_154' title='bbox 920 1861 970 1948; x_wconf 85' lang='lat'>1.)</span> <span class='ocrx_word' id='word_1_155' title='bbox 994 1860 1027 1930; x_wconf 83' lang='lat' dir='ltr'>si</span> <span class='ocrx_word' id='word_1_156' title='bbox 1041 1862 1114 1947; x_wconf 89' lang='lat' dir='ltr'>quis</span> <span class='ocrx_word' id='word_1_157' title='bbox 1127 1887 1197 1931; x_wconf 92' lang='lat' dir='ltr'>ma.</span> <span class='ocrx_word' id='word_1_158' title='bbox 1219 1855 1329 1927; x_wconf 79' lang='lat' dir='ltr'>litatis.</span> <span class='ocrx_word' id='word_1_159' title='bbox 1382 1861 1519 1930; x_wconf 87' lang='lat' dir='ltr'>interim</span> <span class='ocrx_word' id='word_1_160' title='bbox 1550 1859 1601 1954; x_wconf 73' lang='grc' dir='ltr'>ιζ)</span> <span class='ocrx_word' id='word_1_161' title='bbox 1624 1861 1656 1931; x_wconf 84' lang='lat' dir='ltr'>Si</span> <span class='ocrx_word' id='word_1_162' title='bbox 1678 1861 1780 1933; x_wconf 82' lang='lat' dir='ltr'>exiiet</span> <span class='ocrx_word' id='word_1_163' title='bbox 1797 1863 1950 1934; x_wconf 83' lang='lat' dir='ltr'>statutum</span> <span class='ocrx_word' id='word_1_164' title='bbox 1967 1887 2048 1952; x_wconf 83' lang='lat' dir='ltr'>pra-</span> 
     </span>
     <span class='ocr_line' id='line_1_15' title="bbox 368 1951 2057 2050; baseline 0.005 -26"><span class='ocrx_word' id='word_1_165' title='bbox 368 1951 563 2024; x_wconf 86' lang='lat' dir='ltr'>ttimonium</span> <span class='ocrx_word' id='word_1_166' title='bbox 578 1951 641 2022; x_wconf 88' lang='lat' dir='ltr'>hae</span> <span class='ocrx_word' id='word_1_167' title='bbox 654 1955 841 2026; x_wconf 84' lang='lat' dir='ltr'>conditione</span> <span class='ocrx_word' id='word_1_168' title='bbox 855 1955 1022 2042; x_wconf 74' lang='lat' dir='ltr'>promisit,</span> <span class='ocrx_word' id='word_1_169' title='bbox 1047 1955 1196 2046; x_wconf 78' lang='lat' dir='ltr'>dpuella</span> <span class='ocrx_word' id='word_1_170' title='bbox 1220 1953 1379 2038; x_wconf 79' lang='lat' dir='ltr'>nineiale,</span> <span class='ocrx_word' id='word_1_171' title='bbox 1406 1959 1495 2048; x_wconf 83' lang='lat' dir='ltr'>quad</span> <span class='ocrx_word' id='word_1_172' title='bbox 1510 1957 1562 2026; x_wconf 84' lang='lat' dir='ltr'>air</span> <span class='ocrx_word' id='word_1_173' title='bbox 1573 1955 1692 2028; x_wconf 87' lang='lat' dir='ltr'>nobilis</span> <span class='ocrx_word' id='word_1_174' title='bbox 1708 1983 1774 2030; x_wconf 90' lang='lat' dir='ltr'>non</span> <span class='ocrx_word' id='word_1_175' title='bbox 1790 1959 1909 2032; x_wconf 88' lang='lat' dir='ltr'>debeat</span> <span class='ocrx_word' id='word_1_176' title='bbox 1924 1965 2057 2050; x_wconf 86' lang='lat' dir='ltr'>ducere¹</span> 
     </span>
     <span class='ocr_line' id='line_1_16' title="bbox 367 2047 2047 2148; baseline 0.007 -29"><span class='ocrx_word' id='word_1_177' title='bbox 367 2051 400 2120; x_wconf 91' lang='lat' dir='ltr'>in</span> <span class='ocrx_word' id='word_1_178' title='bbox 422 2051 539 2123; x_wconf 89' lang='lat' dir='ltr'>dotem</span> <span class='ocrx_word' id='word_1_179' title='bbox 555 2047 713 2130; x_wconf 78' lang='lat' dir='ltr'>adtulerit</span> <span class='ocrx_word' id='word_1_180' title='bbox 732 2049 824 2124; x_wconf 91' lang='lat' dir='ltr'>mille</span> <span class='ocrx_word' id='word_1_181' title='bbox 844 2077 987 2135; x_wconf 87' lang='lat' dir='ltr'>aureos;</span> <span class='ocrx_word' id='word_1_182' title='bbox 1012 2058 1195 2127; x_wconf 86' lang='lat' dir='ltr'>tuncenim</span> <span class='ocrx_word' id='word_1_183' title='bbox 1221 2049 1394 2124; x_wconf 83' lang='lat' dir='ltr'>foeminam</span> <span class='ocrx_word' id='word_1_184' title='bbox 1423 2053 1639 2146; x_wconf 61' lang='lat' dir='ltr'>&#39;ignobilem</span> <span class='ocrx_word' id='word_1_185' title='bbox 1676 2067 1710 2130; x_wconf 83' lang='lat' dir='ltr'>de</span> <span class='ocrx_word' id='word_1_186' title='bbox 1745 2053 1916 2139; x_wconf 86' lang='lat' dir='ltr'>vieiffim,</span> <span class='ocrx_word' id='word_1_187' title='bbox 1955 2063 2047 2148; x_wconf 89' lang='lat' dir='ltr'>quod</span> 
     </span>
     <span class='ocr_line' id='line_1_17' title="bbox 367 2141 2048 2244; baseline 0.005 -27"><span class='ocrx_word' id='word_1_188' title='bbox 367 2141 525 2238; x_wconf 76' lang='lat' dir='ltr'>sponsalia</span> <span class='ocrx_word' id='word_1_189' title='bbox 546 2143 623 2220; x_wconf 88' lang='lat' dir='ltr'>sunt</span> <span class='ocrx_word' id='word_1_190' title='bbox 651 2149 892 2244; x_wconf 78' lang='lat' dir='ltr'>ronditianata,</span> <span class='ocrx_word' id='word_1_191' title='bbox 917 2153 1059 2242; x_wconf 88' lang='lat' dir='ltr'>ideoque</span> <span class='ocrx_word' id='word_1_192' title='bbox 1081 2157 1196 2226; x_wconf 83' lang='lat' dir='ltr'>condi·</span> <span class='ocrx_word' id='word_1_193' title='bbox 1221 2149 1358 2222; x_wconf 78' lang='lat' dir='ltr'>foemina</span> <span class='ocrx_word' id='word_1_194' title='bbox 1386 2149 1505 2224; x_wconf 85' lang='lat' dir='ltr'>nobilis</span> <span class='ocrx_word' id='word_1_195' title='bbox 1532 2177 1598 2223; x_wconf 90' lang='lat' dir='ltr'>non</span> <span class='ocrx_word' id='word_1_196' title='bbox 1628 2153 1745 2224; x_wconf 84' lang='lat' dir='ltr'>debeat</span> <span class='ocrx_word' id='word_1_197' title='bbox 1773 2153 1899 2228; x_wconf 90' lang='lat' dir='ltr'>nubere</span> <span class='ocrx_word' id='word_1_198' title='bbox 1924 2158 1998 2228; x_wconf 83' lang='lat' dir='ltr'>viro</span> <span class='ocrx_word' id='word_1_199' title='bbox 2020 2158 2048 2226; x_wconf 91' lang='lat' dir='ltr'>i-</span> 
     </span>
     <span class='ocr_line' id='line_1_18' title="bbox 368 2243 2049 2346; baseline 0.005 -30"><span class='ocrx_word' id='word_1_200' title='bbox 368 2246 455 2318; x_wconf 81' lang='lat' dir='ltr'>tiana</span> <span class='ocrx_word' id='word_1_201' title='bbox 478 2270 547 2318; x_wconf 90' lang='lat' dir='ltr'>non</span> <span class='ocrx_word' id='word_1_202' title='bbox 569 2247 712 2320; x_wconf 78' lang='lat' dir='ltr'>exstante</span> <span class='ocrx_word' id='word_1_203' title='bbox 729 2273 795 2319; x_wconf 89' lang='lat' dir='ltr'>non</span> <span class='ocrx_word' id='word_1_204' title='bbox 816 2243 889 2319; x_wconf 92' lang='lat' dir='ltr'>sunt</span> <span class='ocrx_word' id='word_1_205' title='bbox 903 2273 981 2321; x_wconf 89' lang='lat' dir='ltr'>rata.</span> <span class='ocrx_word' id='word_1_206' title='bbox 1035 2261 1082 2341; x_wconf 87' lang='lat'>2.)</span> <span class='ocrx_word' id='word_1_207' title='bbox 1110 2253 1195 2323; x_wconf 82' lang='lat' dir='ltr'>stad</span> <span class='ocrx_word' id='word_1_208' title='bbox 1220 2247 1361 2338; x_wconf 82' lang='lat' dir='ltr'>gnobili.</span> <span class='ocrx_word' id='word_1_209' title='bbox 1416 2251 1471 2346; x_wconf 86' lang='lat'>2.)</span> <span class='ocrx_word' id='word_1_210' title='bbox 1496 2251 1528 2323; x_wconf 87' lang='lat' dir='ltr'>Si</span> <span class='ocrx_word' id='word_1_211' title='bbox 1550 2249 1754 2339; x_wconf 82' lang='lat' dir='ltr'>proniffioni</span> <span class='ocrx_word' id='word_1_212' title='bbox 1773 2256 1975 2324; x_wconf 87' lang='lat' dir='ltr'>matrimonii</span> <span class='ocrx_word' id='word_1_213' title='bbox 1991 2278 2049 2325; x_wconf 86' lang='lat' dir='ltr'>ex-</span> 
     </span>
     <span class='ocr_line' id='line_1_19' title="bbox 367 2343 2046 2438; baseline 0.002 -22"><span class='ocrx_word' id='word_1_214' title='bbox 367 2365 515 2416; x_wconf 80' lang='lat' dir='ltr'>errarem</span> <span class='ocrx_word' id='word_1_215' title='bbox 533 2343 701 2418; x_wconf 84' lang='lat' dir='ltr'>accesserit</span> <span class='ocrx_word' id='word_1_216' title='bbox 726 2343 838 2430; x_wconf 89' lang='lat' dir='ltr'>dolus,</span> <span class='ocrx_word' id='word_1_217' title='bbox 863 2369 979 2435; x_wconf 85' lang='lat' dir='ltr'>utpote</span> <span class='ocrx_word' id='word_1_218' title='bbox 998 2346 1195 2438; x_wconf 79' lang='lat' dir='ltr'>lipraetextu</span> <span class='ocrx_word' id='word_1_219' title='bbox 1219 2345 1326 2434; x_wconf 86' lang='lat' dir='ltr'>presse</span> <span class='ocrx_word' id='word_1_220' title='bbox 1348 2344 1448 2421; x_wconf 89' lang='lat' dir='ltr'>fuerit</span> <span class='ocrx_word' id='word_1_221' title='bbox 1462 2350 1572 2420; x_wconf 90' lang='lat' dir='ltr'>addita</span> <span class='ocrx_word' id='word_1_222' title='bbox 1591 2351 1760 2428; x_wconf 83' lang='lat' dir='ltr'>conditio,</span> <span class='ocrx_word' id='word_1_223' title='bbox 1785 2356 1872 2437; x_wconf 86' lang='lat' dir='ltr'>quod</span> <span class='ocrx_word' id='word_1_224' title='bbox 1887 2351 2046 2423; x_wconf 80' lang='lat' dir='ltr'>alteruter</span> 
     </span>
     <span class='ocr_line' id='line_1_20' title="bbox 367 2439 2046 2538; baseline 0.005 -26"><span class='ocrx_word' id='word_1_225' title='bbox 367 2439 559 2518; x_wconf 72' lang='lat' dir='ltr'>dinitiarum</span> <span class='ocrx_word' id='word_1_226' title='bbox 582 2441 739 2515; x_wconf 89' lang='lat' dir='ltr'>alterutra</span> <span class='ocrx_word' id='word_1_227' title='bbox 762 2445 1029 2516; x_wconf 87' lang='lat' dir='ltr'>contrahentium</span> <span class='ocrx_word' id='word_1_228' title='bbox 1055 2443 1197 2534; x_wconf 86' lang='lat' dir='ltr'>persona</span> <span class='ocrx_word' id='word_1_229' title='bbox 1218 2445 1486 2516; x_wconf 84' lang='lat' dir='ltr'>contrahentium</span> <span class='ocrx_word' id='word_1_230' title='bbox 1501 2451 1633 2538; x_wconf 79' lang='lat' dir='ltr'>generis</span> <span class='ocrx_word' id='word_1_231' title='bbox 1644 2441 1692 2518; x_wconf 92' lang='lat' dir='ltr'>sui</span> <span class='ocrx_word' id='word_1_232' title='bbox 1707 2444 1913 2520; x_wconf 88' lang='lat' dir='ltr'>nobilitatem</span> <span class='ocrx_word' id='word_1_233' title='bbox 1927 2447 2046 2521; x_wconf 86' lang='lat' dir='ltr'>debeat</span> 
     </span>
     <span class='ocr_line' id='line_1_21' title="bbox 367 2541 2045 2632; baseline 0.004 -18"><span class='ocrx_word' id='word_1_234' title='bbox 367 2545 404 2614; x_wconf 83' lang='lat' dir='ltr'>ad</span> <span class='ocrx_word' id='word_1_235' title='bbox 425 2545 678 2614; x_wconf 85' lang='lat' dir='ltr'>matrimonium</span> <span class='ocrx_word' id='word_1_236' title='bbox 698 2545 961 2631; x_wconf 87' lang='lat' dir='ltr'>promittendum</span> <span class='ocrx_word' id='word_1_237' title='bbox 975 2541 1196 2622; x_wconf 74' lang='lat' dir='ltr'>fraudibus&amp;</span> <span class='ocrx_word' id='word_1_238' title='bbox 1219 2545 1455 2618; x_wconf 79' lang='lat' dir='ltr'>demonstrare.</span> <span class='ocrx_word' id='word_1_239' title='bbox 1522 2547 1573 2632; x_wconf 79' lang='lat'>3.)</span> <span class='ocrx_word' id='word_1_240' title='bbox 1600 2547 1632 2616; x_wconf 75' lang='lat' dir='ltr'>Si</span> <span class='ocrx_word' id='word_1_241' title='bbox 1660 2543 1755 2616; x_wconf 90' lang='lat' dir='ltr'>dolus</span> <span class='ocrx_word' id='word_1_242' title='bbox 1779 2545 1885 2617; x_wconf 91' lang='lat' dir='ltr'>malus</span> <span class='ocrx_word' id='word_1_243' title='bbox 1907 2543 2045 2620; x_wconf 80' lang='lat' dir='ltr'>accesse-</span> 
     </span>
    </p>
   </div>
   <div class='ocr_carea' id='block_1_5' title="bbox 369 2635 2185 2734">
    <p class='ocr_par' dir='ltr' id='par_1_5' title="bbox 369 2635 2185 2734">
     <span class='ocr_line' id='line_1_22' title="bbox 369 2635 2185 2734; baseline 0.001 -19"><span class='ocrx_word' id='word_1_244' title='bbox 369 2635 505 2715; x_wconf 81' lang='lat' dir='ltr'>fallaciis</span> <span class='ocrx_word' id='word_1_245' title='bbox 521 2635 784 2713; x_wconf 73' lang='lat' dir='ltr'>fueritindusla.</span> <span class='ocrx_word' id='word_1_246' title='bbox 862 2643 870 2662; x_wconf 61' lang='lat'>⁸</span> <span class='ocrx_word' id='word_1_247' title='bbox 1218 2642 1283 2722; x_wconf 81' lang='lat' dir='ltr'>rit,</span> <span class='ocrx_word' id='word_1_248' title='bbox 1321 2651 1356 2716; x_wconf 89' lang='lat'>&amp;</span> <span class='ocrx_word' id='word_1_249' title='bbox 1389 2638 1468 2714; x_wconf 83' lang='lat' dir='ltr'>falsa</span> <span class='ocrx_word' id='word_1_250' title='bbox 1494 2640 1674 2713; x_wconf 87' lang='lat' dir='ltr'>nobilitatis</span> <span class='ocrx_word' id='word_1_251' title='bbox 1699 2641 1898 2734; x_wconf 79' lang='lat' dir='ltr'>gloriatione</span> <span class='ocrx_word' id='word_1_252' title='bbox 1920 2643 2044 2719; x_wconf 79' lang='lat' dir='ltr'>alteru-</span> <span class='ocrx_word' id='word_1_253' title='bbox 2183 2639 2185 2654; x_wconf 79' lang='lat'>&#39;</span> 
     </span>
    </p>
   </div>
   <div class='ocr_carea' id='block_1_6' title="bbox 329 2733 2134 4216">
    <p class='ocr_par' dir='ltr' id='par_1_6' title="bbox 368 2733 2044 3046">
     <span class='ocr_line' id='line_1_23' title="bbox 595 2733 2044 2829; baseline -0.001 -16"><span class='ocrx_word' id='word_1_254' title='bbox 595 2761 600 2774; x_wconf 81' lang='grc'><strong>’</strong></span> <span class='ocrx_word' id='word_1_255' title='bbox 699 2755 726 2829; x_wconf 74' lang='grc'>5.</span> <span class='ocrx_word' id='word_1_256' title='bbox 754 2739 845 2813; x_wconf 83' lang='lat' dir='ltr'>CVl.</span> <span class='ocrx_word' id='word_1_257' title='bbox 903 2746 1005 2813; x_wconf 80' lang='lat' dir='ltr'>Error</span> <span class='ocrx_word' id='word_1_258' title='bbox 1031 2739 1195 2829; x_wconf 85' lang='lat' dir='ltr'>qualitatis</span> <span class='ocrx_word' id='word_1_259' title='bbox 1219 2759 1268 2810; x_wconf 88' lang='lat' dir='ltr'>tra</span> <span class='ocrx_word' id='word_1_260' title='bbox 1291 2765 1368 2828; x_wconf 89' lang='lat' dir='ltr'>pars</span> <span class='ocrx_word' id='word_1_261' title='bbox 1388 2744 1432 2811; x_wconf 87' lang='lat' dir='ltr'>ad</span> <span class='ocrx_word' id='word_1_262' title='bbox 1458 2733 1728 2812; x_wconf 83' lang='lat' dir='ltr'>consentiendum</span> <span class='ocrx_word' id='word_1_263' title='bbox 1751 2738 1914 2814; x_wconf 87' lang='lat' dir='ltr'>fallaciter</span> <span class='ocrx_word' id='word_1_264' title='bbox 1940 2739 2044 2814; x_wconf 83' lang='lat' dir='ltr'>suerit</span> 
     </span>
     <span class='ocr_line' id='line_1_24' title="bbox 368 2821 2044 2964; baseline 0.008 -67"><span class='ocrx_word' id='word_1_265' title='bbox 368 2821 579 2964; x_wconf 46' lang='lat' dir='ltr'>adsint}-</span> <span class='ocrx_word' id='word_1_266' title='bbox 614 2838 717 2910; x_wconf 79' lang='lat' dir='ltr'>&#39;cirea</span> <span class='ocrx_word' id='word_1_267' title='bbox 739 2839 869 2934; x_wconf 78' lang='lat' dir='ltr'>gestetis</span> <span class='ocrx_word' id='word_1_268' title='bbox 891 2831 1104 2912; x_wconf 73' lang='lat' dir='ltr'>nobilitatem</span> <span class='ocrx_word' id='word_1_269' title='bbox 1123 2843 1195 2928; x_wconf 90' lang='lat' dir='ltr'>qui·</span> <span class='ocrx_word' id='word_1_270' title='bbox 1217 2832 1389 2928; x_wconf 59' lang='lat' dir='ltr'>persuasu</span> <span class='ocrx_word' id='word_1_271' title='bbox 1429 2835 1647 2914; x_wconf 73' lang='lat' dir='ltr'>instituerer</span> <span class='ocrx_word' id='word_1_272' title='bbox 1679 2841 1849 2911; x_wconf 82' lang='lat' dir='ltr'>causarum</span> <span class='ocrx_word' id='word_1_273' title='bbox 1872 2839 2044 2913; x_wconf 84' lang='lat' dir='ltr'>matrimo-</span> 
     </span>
     <span class='ocr_line' id='line_1_25' title="bbox 385 2921 2043 3046; baseline 0 -38"><span class='ocrx_word' id='word_1_274' title='bbox 385 2921 530 3046; x_wconf 53' lang='lat' dir='ltr'>ffigmm</span> <span class='ocrx_word' id='word_1_275' title='bbox 544 2922 579 2968; x_wconf 74' lang='lat'>&#39;¹&#39;</span> <span class='ocrx_word' id='word_1_276' title='bbox 630 2935 767 3009; x_wconf 87' lang='lat' dir='ltr'>busdam</span> <span class='ocrx_word' id='word_1_277' title='bbox 785 2939 916 3016; x_wconf 82' lang='lat' dir='ltr'>videtur</span> <span class='ocrx_word' id='word_1_278' title='bbox 934 2937 1092 3028; x_wconf 83' lang='lat' dir='ltr'>sponsalia</span> <span class='ocrx_word' id='word_1_279' title='bbox 1107 2935 1195 3011; x_wconf 82' lang='lat' dir='ltr'>faee-</span> <span class='ocrx_word' id='word_1_280' title='bbox 1220 2937 1355 3006; x_wconf 89' lang='lat' dir='ltr'>nialium</span> <span class='ocrx_word' id='word_1_281' title='bbox 1365 2934 1553 3022; x_wconf 87' lang='lat' dir='ltr'>judicibus,</span> <span class='ocrx_word' id='word_1_282' title='bbox 1583 2935 1604 3005; x_wconf 89' lang='lat' dir='ltr'>li</span> <span class='ocrx_word' id='word_1_283' title='bbox 1622 2931 1745 3007; x_wconf 87' lang='lat' dir='ltr'>scilicet</span> <span class='ocrx_word' id='word_1_284' title='bbox 1767 2937 1887 3026; x_wconf 86' lang='lat' dir='ltr'>copula</span> <span class='ocrx_word' id='word_1_285' title='bbox 1905 2936 2043 3010; x_wconf 64' lang='lat' dir='ltr'>uenalis</span> 
     </span>
    </p>

    <p class='ocr_par' dir='ltr' id='par_1_7' title="bbox 364 3028 2045 4022">
     <span class='ocr_line' id='line_1_26' title="bbox 397 3028 2045 3126; baseline -0.001 -18"><span class='ocrx_word' id='word_1_286' title='bbox 397 3100 406 3116; x_wconf 83' lang='grc'><em>,</em></span> <span class='ocrx_word' id='word_1_287' title='bbox 505 3028 514 3044; x_wconf 79' lang='grc'>’</span> <span class='ocrx_word' id='word_1_288' title='bbox 630 3061 667 3108; x_wconf 85' lang='lat' dir='ltr'>ra</span> <span class='ocrx_word' id='word_1_289' title='bbox 686 3038 796 3116; x_wconf 80' lang='lat' dir='ltr'>irrita,</span> <span class='ocrx_word' id='word_1_290' title='bbox 823 3039 857 3106; x_wconf 92' lang='lat' dir='ltr'>in</span> <span class='ocrx_word' id='word_1_291' title='bbox 877 3061 976 3123; x_wconf 84' lang='lat' dir='ltr'>quam</span> <span class='ocrx_word' id='word_1_292' title='bbox 1001 3032 1193 3110; x_wconf 88' lang='lat' dir='ltr'>sententiam</span> <span class='ocrx_word' id='word_1_293' title='bbox 1213 3037 1367 3105; x_wconf 85' lang='lat' dir='ltr'>nondum</span> <span class='ocrx_word' id='word_1_294' title='bbox 1392 3035 1630 3119; x_wconf 85' lang='lat' dir='ltr'>intervenerit,</span> <span class='ocrx_word' id='word_1_295' title='bbox 1659 3034 1810 3105; x_wconf 88' lang='lat' dir='ltr'>adhiberi</span> <span class='ocrx_word' id='word_1_296' title='bbox 1835 3031 1924 3123; x_wconf 87' lang='lat' dir='ltr'>polle</span> <span class='ocrx_word' id='word_1_297' title='bbox 1945 3058 2045 3126; x_wconf 86' lang='lat' dir='ltr'>pute·</span> 
     </span>
     <span class='ocr_line' id='line_1_27' title="bbox 367 3126 2041 3228; baseline -0.002 -19"><span class='ocrx_word' id='word_1_298' title='bbox 367 3141 470 3214; x_wconf 76' lang='lat' dir='ltr'>eitdnt</span> <span class='ocrx_word' id='word_1_299' title='bbox 486 3135 713 3228; x_wconf 70' lang='lat' dir='ltr'>lumbardum</span> <span class='ocrx_word' id='word_1_300' title='bbox 728 3132 785 3206; x_wconf 88' lang='lat' dir='ltr'>lib.</span> <span class='ocrx_word' id='word_1_301' title='bbox 802 3131 867 3206; x_wconf 81' lang='lat' dir='ltr'>lv.</span> <span class='ocrx_word' id='word_1_302' title='bbox 887 3131 966 3212; x_wconf 83' lang='lat' dir='ltr'>sent.</span> <span class='ocrx_word' id='word_1_303' title='bbox 981 3137 1053 3207; x_wconf 90' lang='lat' dir='ltr'>dist.</span> <span class='ocrx_word' id='word_1_304' title='bbox 1071 3159 1128 3225; x_wconf 82' lang='lat'>30.</span> <span class='ocrx_word' id='word_1_305' title='bbox 1143 3135 1191 3207; x_wconf 91' lang='lat' dir='ltr'>lit.</span> <span class='ocrx_word' id='word_1_306' title='bbox 1217 3156 1302 3204; x_wconf 85' lang='lat' dir='ltr'>mus.</span> <span class='ocrx_word' id='word_1_307' title='bbox 1353 3133 1513 3222; x_wconf 76' lang='lat' dir='ltr'>Cypraeus</span> <span class='ocrx_word' id='word_1_308' title='bbox 1528 3133 1580 3201; x_wconf 88' lang='lat' dir='ltr'>de·</span> <span class='ocrx_word' id='word_1_309' title='bbox 1591 3126 1728 3218; x_wconf 86' lang='lat' dir='ltr'>sponsal.</span> <span class='ocrx_word' id='word_1_310' title='bbox 1739 3155 1811 3221; x_wconf 86' lang='lat' dir='ltr'>cap.</span> <span class='ocrx_word' id='word_1_311' title='bbox 1829 3129 1923 3203; x_wconf 84' lang='lat' dir='ltr'>xlii.</span> <span class='ocrx_word' id='word_1_312' title='bbox 1939 3147 1968 3220; x_wconf 86' lang='lat'>§.</span> <span class='ocrx_word' id='word_1_313' title='bbox 1986 3143 2041 3224; x_wconf 77' lang='lat'>36.-</span> 
     </span>
     <span class='ocr_line' id='line_1_28' title="bbox 368 3223 2043 3332; baseline -0.006 -20"><span class='ocrx_word' id='word_1_314' title='bbox 368 3243 410 3312; x_wconf 81' lang='lat' dir='ltr'>A.</span> <span class='ocrx_word' id='word_1_315' title='bbox 463 3231 508 3309; x_wconf 80' lang='lat' dir='ltr'>Sa·</span> <span class='ocrx_word' id='word_1_316' title='bbox 522 3277 525 3282; x_wconf 92' lang='lat'>·</span> <span class='ocrx_word' id='word_1_317' title='bbox 540 3227 625 3332; x_wconf 77' lang='lat' dir='ltr'>quir</span> <span class='ocrx_word' id='word_1_318' title='bbox 637 3229 826 3327; x_wconf 77' lang='lat' dir='ltr'>faeminam</span> <span class='ocrx_word' id='word_1_319' title='bbox 854 3230 997 3306; x_wconf 84' lang='lat' dir='ltr'>nobilem</span> <span class='ocrx_word' id='word_1_320' title='bbox 1026 3234 1063 3306; x_wconf 92' lang='lat' dir='ltr'>in</span> <span class='ocrx_word' id='word_1_321' title='bbox 1079 3236 1193 3329; x_wconf 85' lang='lat' dir='ltr'>conju·</span> <span class='ocrx_word' id='word_1_322' title='bbox 1215 3254 1307 3300; x_wconf 91' lang='lat' dir='ltr'>num.</span> <span class='ocrx_word' id='word_1_323' title='bbox 1328 3252 1362 3314; x_wconf 90' lang='lat'>4.</span> <span class='ocrx_word' id='word_1_324' title='bbox 1414 3223 1539 3302; x_wconf 87' lang='lat' dir='ltr'>Statua</span> <span class='ocrx_word' id='word_1_325' title='bbox 1557 3225 1696 3325; x_wconf 86' lang='lat' dir='ltr'>(inquit)</span> <span class='ocrx_word' id='word_1_326' title='bbox 1711 3249 1800 3313; x_wconf 88' lang='lat' dir='ltr'>euru,</span> <span class='ocrx_word' id='word_1_327' title='bbox 1823 3231 1881 3324; x_wconf 87' lang='lat' dir='ltr'>qui</span> <span class='ocrx_word' id='word_1_328' title='bbox 1892 3229 2043 3328; x_wconf 79' lang='lat' dir='ltr'>deceptus</span> 
     </span>
     <span class='ocr_line' id='line_1_29' title="bbox 364 3323 2042 3434; baseline -0.001 -24"><span class='ocrx_word' id='word_1_329' title='bbox 364 3339 461 3434; x_wconf 79' lang='lat' dir='ltr'>girant</span> <span class='ocrx_word' id='word_1_330' title='bbox 481 3343 599 3432; x_wconf 83' lang='lat' dir='ltr'>petat,</span> <span class='ocrx_word' id='word_1_331' title='bbox 640 3327 763 3426; x_wconf 75' lang='lat' dir='ltr'>&amp;pro</span> <span class='ocrx_word' id='word_1_332' title='bbox 782 3353 821 3404; x_wconf 92' lang='lat' dir='ltr'>ea</span> <span class='ocrx_word' id='word_1_333' title='bbox 846 3329 920 3404; x_wconf 88' lang='lat' dir='ltr'>alin</span> <span class='ocrx_word' id='word_1_334' title='bbox 947 3330 1110 3430; x_wconf 81' lang='lat' dir='ltr'>ignobilis</span> <span class='ocrx_word' id='word_1_335' title='bbox 1136 3331 1191 3410; x_wconf 91' lang='lat' dir='ltr'>illi</span> <span class='ocrx_word' id='word_1_336' title='bbox 1214 3325 1461 3422; x_wconf 75' lang='lat' dir='ltr'>mulieremfibi</span> <span class='ocrx_word' id='word_1_337' title='bbox 1479 3323 1674 3424; x_wconf 48' lang='lat' dir='ltr'>apparate,</span> <span class='ocrx_word' id='word_1_338' title='bbox 1699 3350 1797 3423; x_wconf 66' lang='lat' dir='ltr'>quam</span> <span class='ocrx_word' id='word_1_339' title='bbox 1814 3327 1959 3402; x_wconf 75' lang='lat' dir='ltr'>nobilem</span> <span class='ocrx_word' id='word_1_340' title='bbox 1981 3325 2042 3427; x_wconf 77' lang='lat' dir='ltr'>effe</span> 
     </span>
     <span class='ocr_line' id='line_1_30' title="bbox 365 3421 2043 3528; baseline -0.005 -18"><span class='ocrx_word' id='word_1_341' title='bbox 365 3433 545 3518; x_wconf 83' lang='lat' dir='ltr'>tradatur,</span> <span class='ocrx_word' id='word_1_342' title='bbox 570 3453 635 3504; x_wconf 84' lang='lat' dir='ltr'>raon</span> <span class='ocrx_word' id='word_1_343' title='bbox 649 3433 692 3528; x_wconf 76' lang='lat' dir='ltr'>est</span> <span class='ocrx_word' id='word_1_344' title='bbox 712 3433 799 3503; x_wconf 87' lang='lat' dir='ltr'>inter</span> <span class='ocrx_word' id='word_1_345' title='bbox 813 3453 867 3502; x_wconf 86' lang='lat' dir='ltr'>ros</span> <span class='ocrx_word' id='word_1_346' title='bbox 879 3433 1090 3527; x_wconf 77' lang='lat' dir='ltr'>eonjugium,</span> <span class='ocrx_word' id='word_1_347' title='bbox 1111 3433 1192 3528; x_wconf 88' lang='lat' dir='ltr'>quia</span> <span class='ocrx_word' id='word_1_348' title='bbox 1215 3421 1434 3525; x_wconf 76' lang='lat' dir='ltr'>existimabat</span> <span class='ocrx_word' id='word_1_349' title='bbox 1448 3481 1457 3509; x_wconf 94' lang='lat'>‚</span> <span class='ocrx_word' id='word_1_350' title='bbox 1471 3425 1528 3496; x_wconf 88' lang='lat' dir='ltr'>ad</span> <span class='ocrx_word' id='word_1_351' title='bbox 1536 3425 1674 3521; x_wconf 73' lang='lat' dir='ltr'>nuptias</span> <span class='ocrx_word' id='word_1_352' title='bbox 1688 3425 2043 3523; x_wconf 78' lang='lat' dir='ltr'>consummandorum</span> 
     </span>
     <span class='ocr_line' id='line_1_31' title="bbox 365 3520 2043 3630; baseline -0.005 -21"><span class='ocrx_word' id='word_1_353' title='bbox 365 3559 431 3609; x_wconf 87' lang='lat' dir='ltr'>nen</span> <span class='ocrx_word' id='word_1_354' title='bbox 450 3529 611 3630; x_wconf 80' lang='lat' dir='ltr'>conseufit</span> <span class='ocrx_word' id='word_1_355' title='bbox 631 3532 685 3602; x_wconf 88' lang='lat' dir='ltr'>air</span> <span class='ocrx_word' id='word_1_356' title='bbox 706 3530 742 3601; x_wconf 88' lang='lat' dir='ltr'>in</span> <span class='ocrx_word' id='word_1_357' title='bbox 770 3531 894 3628; x_wconf 78' lang='lat' dir='ltr'>islam„</span> <span class='ocrx_word' id='word_1_358' title='bbox 922 3531 979 3622; x_wconf 76' lang='lat' dir='ltr'>lid</span> <span class='ocrx_word' id='word_1_359' title='bbox 1006 3532 1041 3601; x_wconf 91' lang='lat' dir='ltr'>in</span> <span class='ocrx_word' id='word_1_360' title='bbox 1071 3528 1189 3602; x_wconf 76' lang='lat' dir='ltr'>aliani.</span> <span class='ocrx_word' id='word_1_361' title='bbox 1215 3527 1339 3605; x_wconf 88' lang='lat' dir='ltr'>teneri,</span> <span class='ocrx_word' id='word_1_362' title='bbox 1358 3524 1520 3625; x_wconf 81' lang='lat' dir='ltr'>fiquidem</span> <span class='ocrx_word' id='word_1_363' title='bbox 1538 3520 1613 3618; x_wconf 83' lang='lat' dir='ltr'>ipsa</span> <span class='ocrx_word' id='word_1_364' title='bbox 1626 3547 1729 3618; x_wconf 83' lang='lat' dir='ltr'>genus</span> <span class='ocrx_word' id='word_1_365' title='bbox 1748 3527 1888 3599; x_wconf 88' lang='lat' dir='ltr'>mentita</span> <span class='ocrx_word' id='word_1_366' title='bbox 1899 3527 1968 3626; x_wconf 80' lang='lat' dir='ltr'>stt,</span> <span class='ocrx_word' id='word_1_367' title='bbox 2000 3523 2043 3600; x_wconf 66' lang='grc' dir='ltr'>δ’</span> 
     </span>
     <span class='ocr_line' id='line_1_32' title="bbox 366 3619 2042 3721; baseline -0.005 -16"><span class='ocrx_word' id='word_1_368' title='bbox 366 3637 430 3710; x_wconf 72' lang='lat' dir='ltr'>Sed</span> <span class='ocrx_word' id='word_1_369' title='bbox 443 3630 651 3704; x_wconf 77' lang='lat' dir='ltr'>Lonibardus</span> <span class='ocrx_word' id='word_1_370' title='bbox 669 3626 715 3698; x_wconf 84' lang='lat' dir='ltr'>ibi</span> <span class='ocrx_word' id='word_1_371' title='bbox 730 3653 795 3700; x_wconf 88' lang='lat' dir='ltr'>non</span> <span class='ocrx_word' id='word_1_372' title='bbox 812 3629 882 3718; x_wconf 82' lang='lat' dir='ltr'>agit</span> <span class='ocrx_word' id='word_1_373' title='bbox 900 3631 941 3701; x_wconf 87' lang='lat' dir='ltr'>de</span> <span class='ocrx_word' id='word_1_374' title='bbox 958 3653 1072 3700; x_wconf 84' lang='lat' dir='ltr'>errore</span> <span class='ocrx_word' id='word_1_375' title='bbox 1087 3629 1192 3716; x_wconf 85' lang='lat' dir='ltr'>quali.</span> <span class='ocrx_word' id='word_1_376' title='bbox 1210 3647 1276 3721; x_wconf 77' lang='lat' dir='ltr'>pra</span> <span class='ocrx_word' id='word_1_377' title='bbox 1294 3621 1405 3696; x_wconf 80' lang='lat' dir='ltr'>stabili</span> <span class='ocrx_word' id='word_1_378' title='bbox 1413 3621 1453 3719; x_wconf 90' lang='lat' dir='ltr'>se</span> <span class='ocrx_word' id='word_1_379' title='bbox 1471 3621 1667 3697; x_wconf 76' lang='lat' dir='ltr'>auditoria.</span> <span class='ocrx_word' id='word_1_380' title='bbox 1727 3619 1821 3695; x_wconf 68' lang='lat' dir='ltr'>dam</span> <span class='ocrx_word' id='word_1_381' title='bbox 1851 3647 1922 3697; x_wconf 79' lang='lat' dir='ltr'>euin</span> <span class='ocrx_word' id='word_1_382' title='bbox 1947 3623 2042 3697; x_wconf 84' lang='lat' dir='ltr'>dece·</span> 
     </span>
     <span class='ocr_line' id='line_1_33' title="bbox 366 3715 2041 3890; baseline -0.007 -86"><span class='ocrx_word' id='word_1_383' title='bbox 366 3735 452 3818; x_wconf 84' lang='lat' dir='ltr'>tatis,</span> <span class='ocrx_word' id='word_1_384' title='bbox 473 3725 584 3802; x_wconf 83' lang='lat' dir='ltr'>sedda</span> <span class='ocrx_word' id='word_1_385' title='bbox 604 3749 716 3798; x_wconf 73' lang='lat' dir='ltr'>ertum</span> <span class='ocrx_word' id='word_1_386' title='bbox 732 3719 897 3813; x_wconf 76' lang='lat' dir='ltr'>persona3</span> <span class='ocrx_word' id='word_1_387' title='bbox 921 3725 1079 3814; x_wconf 87' lang='lat' dir='ltr'>fiquidem</span> <span class='ocrx_word' id='word_1_388' title='bbox 1099 3752 1191 3799; x_wconf 88' lang='lat' dir='ltr'>erro·</span> <span class='ocrx_word' id='word_1_389' title='bbox 1212 3731 1308 3819; x_wconf 80' lang='lat' dir='ltr'>ptum</span> <span class='ocrx_word' id='word_1_390' title='bbox 1329 3719 1407 3819; x_wconf 74' lang='lat' dir='ltr'>effe,</span> <span class='ocrx_word' id='word_1_391' title='bbox 1429 3720 1629 3890; x_wconf 53' lang='lat' dir='ltr'>palameff</span> <span class='ocrx_word' id='word_1_392' title='bbox 1654 3723 1763 3816; x_wconf 84' lang='lat' dir='ltr'>utqui</span> <span class='ocrx_word' id='word_1_393' title='bbox 1805 3715 1850 3822; x_wconf 84' lang='lat' dir='ltr'>dst</span> <span class='ocrx_word' id='word_1_394' title='bbox 1859 3720 2041 3819; x_wconf 80' lang='lat' dir='ltr'>sponsalia</span> 
     </span>
     <span class='ocr_line' id='line_1_34' title="bbox 366 3819 2040 3920; baseline -0.007 -16"><span class='ocrx_word' id='word_1_395' title='bbox 366 3857 438 3904; x_wconf 88' lang='lat' dir='ltr'>rem</span> <span class='ocrx_word' id='word_1_396' title='bbox 459 3823 616 3920; x_wconf 74' lang='lat' dir='ltr'>ptisanae</span> <span class='ocrx_word' id='word_1_397' title='bbox 639 3826 680 3896; x_wconf 90' lang='lat' dir='ltr'>ab</span> <span class='ocrx_word' id='word_1_398' title='bbox 705 3849 821 3896; x_wconf 87' lang='lat' dir='ltr'>errore</span> <span class='ocrx_word' id='word_1_399' title='bbox 837 3823 1002 3912; x_wconf 84' lang='lat' dir='ltr'>qualitatis</span> <span class='ocrx_word' id='word_1_400' title='bbox 1021 3821 1191 3897; x_wconf 77' lang='lat' dir='ltr'>manifeste</span> <span class='ocrx_word' id='word_1_401' title='bbox 1211 3819 1347 3919; x_wconf 76' lang='lat' dir='ltr'>peantta</span> <span class='ocrx_word' id='word_1_402' title='bbox 1365 3844 1405 3893; x_wconf 93' lang='lat' dir='ltr'>eo</span> <span class='ocrx_word' id='word_1_403' title='bbox 1434 3841 1529 3895; x_wconf 86' lang='lat' dir='ltr'>naeuo</span> <span class='ocrx_word' id='word_1_404' title='bbox 1552 3820 1567 3890; x_wconf 92' lang='lat' dir='ltr'>i</span> <span class='ocrx_word' id='word_1_405' title='bbox 1590 3841 1646 3890; x_wconf 85' lang='lat' dir='ltr'>arn</span> <span class='ocrx_word' id='word_1_406' title='bbox 1666 3819 1748 3914; x_wconf 89' lang='lat' dir='ltr'>adse</span> <span class='ocrx_word' id='word_1_407' title='bbox 1778 3843 1833 3895; x_wconf 78' lang='lat' dir='ltr'>aen</span> <span class='ocrx_word' id='word_1_408' title='bbox 1857 3821 2040 3920; x_wconf 81' lang='lat' dir='ltr'>comperit,</span> 
     </span>
     <span class='ocr_line' id='line_1_35' title="bbox 366 3915 2043 4022; baseline -0.005 -20"><span class='ocrx_word' id='word_1_409' title='bbox 366 3929 539 4022; x_wconf 77' lang='lat' dir='ltr'>distinguit</span> <span class='ocrx_word' id='word_1_410' title='bbox 555 3937 574 4010; x_wconf 81' lang='grc'>,”</span> <span class='ocrx_word' id='word_1_411' title='bbox 604 3933 639 3998; x_wconf 85' lang='lat'>&amp;</span> <span class='ocrx_word' id='word_1_412' title='bbox 663 3925 835 4012; x_wconf 84' lang='lat' dir='ltr'>postquam</span> <span class='ocrx_word' id='word_1_413' title='bbox 862 3923 990 3994; x_wconf 80' lang='lat' dir='ltr'>dixerat</span> <span class='ocrx_word' id='word_1_414' title='bbox 1005 3971 1016 4002; x_wconf 90' lang='lat'><em>,</em></span> <span class='ocrx_word' id='word_1_415' title='bbox 1032 3939 1190 4004; x_wconf 80' lang='lat' dir='ltr'>¹errorem</span> <span class='ocrx_word' id='word_1_416' title='bbox 1214 3943 1306 4016; x_wconf 84' lang='lat' dir='ltr'>quern</span> <span class='ocrx_word' id='word_1_417' title='bbox 1328 3921 1354 4012; x_wconf 76' lang='lat' dir='ltr'><strong><em>fi</em></strong></span> <span class='ocrx_word' id='word_1_418' title='bbox 1378 3930 1455 3992; x_wconf 91' lang='lat' dir='ltr'>ante</span> <span class='ocrx_word' id='word_1_419' title='bbox 1471 3915 1670 4016; x_wconf 70' lang='lat' dir='ltr'>praescisset,</span> <span class='ocrx_word' id='word_1_420' title='bbox 1695 3943 1862 4016; x_wconf 83' lang='lat' dir='ltr'>nunqrtam</span> <span class='ocrx_word' id='word_1_421' title='bbox 1889 3920 1921 3993; x_wconf 95' lang='lat' dir='ltr'>ei</span> <span class='ocrx_word' id='word_1_422' title='bbox 1935 3920 2043 4020; x_wconf 83' lang='lat' dir='ltr'>fidem</span> 
     </span>
    </p>

    <p class='ocr_par' dir='ltr' id='par_1_8' title="bbox 329 4008 2134 4216">
     <span class='ocr_line' id='line_1_36' title="bbox 329 4008 2134 4119; baseline -0.002 -22"><span class='ocrx_word' id='word_1_423' title='bbox 329 4081 334 4088; x_wconf 84' lang='grc'><strong>.</strong></span> <span class='ocrx_word' id='word_1_424' title='bbox 365 4023 515 4119; x_wconf 82' lang='lat' dir='ltr'>persam:</span> <span class='ocrx_word' id='word_1_425' title='bbox 541 4017 730 4096; x_wconf 82' lang='lat' dir='ltr'>eonsensum</span> <span class='ocrx_word' id='word_1_426' title='bbox 759 4019 969 4112; x_wconf 81' lang='lat' dir='ltr'>conjugalem</span> <span class='ocrx_word' id='word_1_427' title='bbox 986 4043 1052 4092; x_wconf 87' lang='lat' dir='ltr'>non</span> <span class='ocrx_word' id='word_1_428' title='bbox 1074 4024 1192 4096; x_wconf 80' lang='lat' dir='ltr'>adurit·</span> <span class='ocrx_word' id='word_1_429' title='bbox 1215 4008 1352 4117; x_wconf 60' lang='lat' dir='ltr'>dedidit</span> <span class='ocrx_word' id='word_1_430' title='bbox 1365 4044 1377 4097; x_wconf 90' lang='lat'>,·</span> <span class='ocrx_word' id='word_1_431' title='bbox 1415 4017 1591 4113; x_wconf 84' lang='lat' dir='ltr'>ideoquea</span> <span class='ocrx_word' id='word_1_432' title='bbox 1616 4017 1785 4094; x_wconf 78' lang='lat' dir='ltr'>contratiae</span> <span class='ocrx_word' id='word_1_433' title='bbox 1804 4019 1975 4092; x_wconf 83' lang='lat' dir='ltr'>recedendi</span> <span class='ocrx_word' id='word_1_434' title='bbox 1999 4016 2042 4094; x_wconf 63' lang='grc' dir='ltr'>Β</span> <span class='ocrx_word' id='word_1_435' title='bbox 2125 4055 2134 4072; x_wconf 45' lang='lat'>⁸</span> 
     </span>
     <span class='ocr_line' id='line_1_37' title="bbox 366 4115 2041 4216; baseline -0.004 -19"><span class='ocrx_word' id='word_1_436' title='bbox 366 4147 457 4211; x_wconf 88' lang='lat' dir='ltr'>tere,</span> <span class='ocrx_word' id='word_1_437' title='bbox 475 4119 717 4210; x_wconf 71' lang='lat' dir='ltr'>suineitrerlsa</span> <span class='ocrx_word' id='word_1_438' title='bbox 727 4121 878 4208; x_wconf 84' lang='lat' dir='ltr'>proxime</span> <span class='ocrx_word' id='word_1_439' title='bbox 891 4125 1012 4197; x_wconf 79' lang='lat' dir='ltr'>citata,</span> <span class='ocrx_word' id='word_1_440' title='bbox 1033 4127 1067 4192; x_wconf 73' lang='grc' dir='ltr'>δι</span> <span class='ocrx_word' id='word_1_441' title='bbox 1082 4144 1193 4191; x_wconf 83' lang='lat' dir='ltr'>erem·</span> <span class='ocrx_word' id='word_1_442' title='bbox 1216 4117 1323 4190; x_wconf 80' lang='lat' dir='ltr'>aliurn</span> <span class='ocrx_word' id='word_1_443' title='bbox 1336 4115 1404 4216; x_wconf 82' lang='lat' dir='ltr'>sthi</span> <span class='ocrx_word' id='word_1_444' title='bbox 1424 4117 1646 4190; x_wconf 84' lang='lat' dir='ltr'>conditionem</span> <span class='ocrx_word' id='word_1_445' title='bbox 1673 4117 1841 4214; x_wconf 83' lang='lat' dir='ltr'>quarendi</span> <span class='ocrx_word' id='word_1_446' title='bbox 1864 4121 1894 4190; x_wconf 91' lang='lat' dir='ltr'>ei</span> <span class='ocrx_word' id='word_1_447' title='bbox 1921 4120 2041 4192; x_wconf 86' lang='lat' dir='ltr'>merito</span> 
     </span>
    </p>
   </div>
   <div class='ocr_carea' id='block_1_7' title="bbox 365 4213 2038 4386">
    <p class='ocr_par' dir='ltr' id='par_1_9' title="bbox 365 4213 2038 4386">
     <span class='ocr_line' id='line_1_38' title="bbox 365 4213 2038 4386; baseline -0.004 -91"><span class='ocrx_word' id='word_1_448' title='bbox 365 4223 415 4316; x_wconf 79' lang='lat' dir='ltr'>pli</span> <span class='ocrx_word' id='word_1_449' title='bbox 437 4223 513 4294; x_wconf 88' lang='lat' dir='ltr'>loeo</span> <span class='ocrx_word' id='word_1_450' title='bbox 531 4223 646 4291; x_wconf 87' lang='lat' dir='ltr'>addit:</span> <span class='ocrx_word' id='word_1_451' title='bbox 675 4214 718 4290; x_wconf 94' lang='lat' dir='ltr'>Si</span> <span class='ocrx_word' id='word_1_452' title='bbox 737 4220 812 4313; x_wconf 83' lang='lat' dir='ltr'>quia</span> <span class='ocrx_word' id='word_1_453' title='bbox 834 4220 1042 4311; x_wconf 76' lang='lat' dir='ltr'>promitteret</span> <span class='ocrx_word' id='word_1_454' title='bbox 1045 4213 1090 4386; x_wconf 57' lang='lat' dir='ltr'>se</span> <span class='ocrx_word' id='word_1_455' title='bbox 1109 4217 1194 4291; x_wconf 84' lang='lat' dir='ltr'>milri</span> <span class='ocrx_word' id='word_1_456' title='bbox 1210 4215 1369 4309; x_wconf 84' lang='lat' dir='ltr'>facultas</span> <span class='ocrx_word' id='word_1_457' title='bbox 1383 4214 1491 4288; x_wconf 83' lang='lat' dir='ltr'>libera</span> <span class='ocrx_word' id='word_1_458' title='bbox 1506 4213 1718 4311; x_wconf 86' lang='lat' dir='ltr'>relinquitur.</span> <span class='ocrx_word' id='word_1_459' title='bbox 1765 4213 1830 4289; x_wconf 93' lang='lat' dir='ltr'>Sin</span> <span class='ocrx_word' id='word_1_460' title='bbox 1849 4239 1927 4290; x_wconf 87' lang='lat' dir='ltr'>uera</span> <span class='ocrx_word' id='word_1_461' title='bbox 1946 4240 2038 4298; x_wconf 83' lang='lat' dir='ltr'>euin.</span> 
     </span>
    </p>
   </div>
   <div class='ocr_carea' id='block_1_8' title="bbox 367 4311 2163 4413">
    <p class='ocr_par' dir='ltr' id='par_1_10' title="bbox 367 4311 2163 4413">
     <span class='ocr_line' id='line_1_39' title="bbox 367 4311 2163 4413; baseline -0.004 -18"><span class='ocrx_word' id='word_1_462' title='bbox 367 4321 580 4395; x_wconf 77' lang='lat' dir='ltr'>viriditatum</span> <span class='ocrx_word' id='word_1_463' title='bbox 596 4339 732 4398; x_wconf 86' lang='lat' dir='ltr'>aurum,</span> <span class='ocrx_word' id='word_1_464' title='bbox 763 4312 804 4386; x_wconf 71' lang='lat' dir='ltr'>sd</span> <span class='ocrx_word' id='word_1_465' title='bbox 819 4339 881 4410; x_wconf 66' lang='lat' dir='ltr'>uno</span> <span class='ocrx_word' id='word_1_466' title='bbox 896 4339 981 4388; x_wconf 88' lang='lat' dir='ltr'>auro</span> <span class='ocrx_word' id='word_1_467' title='bbox 998 4315 1081 4388; x_wconf 83' lang='lat' dir='ltr'>miri</span> <span class='ocrx_word' id='word_1_468' title='bbox 1095 4313 1193 4412; x_wconf 77' lang='lat' dir='ltr'>offar-</span> <span class='ocrx_word' id='word_1_469' title='bbox 1215 4315 1272 4386; x_wconf 86' lang='lat' dir='ltr'>eui</span> <span class='ocrx_word' id='word_1_470' title='bbox 1302 4313 1438 4408; x_wconf 77' lang='lat' dir='ltr'>nuptias</span> <span class='ocrx_word' id='word_1_471' title='bbox 1468 4316 1637 4413; x_wconf 75' lang='lat' dir='ltr'>prontifit,</span> <span class='ocrx_word' id='word_1_472' title='bbox 1663 4312 1846 4410; x_wconf 80' lang='lat' dir='ltr'>ignobilem</span> <span class='ocrx_word' id='word_1_473' title='bbox 1877 4311 1937 4410; x_wconf 74' lang='lat' dir='ltr'>effe</span> <span class='ocrx_word' id='word_1_474' title='bbox 1971 4337 2041 4388; x_wconf 84' lang='lat' dir='ltr'>noea</span> <span class='ocrx_word' id='word_1_475' title='bbox 2155 4313 2163 4326; x_wconf 80' lang='grc'><em>“</em></span> 
     </span>
    </p>
   </div>
   <div class='ocr_carea' id='block_1_9' title="bbox 348 4407 2114 5205">
    <p class='ocr_par' dir='ltr' id='par_1_11' title="bbox 348 4407 2114 5205">
     <span class='ocr_line' id='line_1_40' title="bbox 367 4407 2037 4513; baseline -0.006 -17"><span class='ocrx_word' id='word_1_476' title='bbox 367 4415 689 4502; x_wconf 67' lang='lat' dir='ltr'>aeternitatum,</span> <span class='ocrx_word' id='word_1_477' title='bbox 718 4410 759 4488; x_wconf 66' lang='lat' dir='ltr'>si</span> <span class='ocrx_word' id='word_1_478' title='bbox 774 4415 824 4486; x_wconf 89' lang='lat' dir='ltr'>ita</span> <span class='ocrx_word' id='word_1_479' title='bbox 846 4439 895 4485; x_wconf 88' lang='lat' dir='ltr'>rne</span> <span class='ocrx_word' id='word_1_480' title='bbox 917 4415 1192 4510; x_wconf 72' lang='lat' dir='ltr'>diriperetuum.</span> <span class='ocrx_word' id='word_1_481' title='bbox 1217 4410 1415 4507; x_wconf 81' lang='lat' dir='ltr'>ignorabat,</span> <span class='ocrx_word' id='word_1_482' title='bbox 1442 4407 1483 4483; x_wconf 71' lang='lat' dir='ltr'>si</span> <span class='ocrx_word' id='word_1_483' title='bbox 1502 4413 1654 4483; x_wconf 84' lang='lat' dir='ltr'>eonuirci</span> <span class='ocrx_word' id='word_1_484' title='bbox 1678 4412 1776 4513; x_wconf 80' lang='lat' dir='ltr'>pofflt</span> <span class='ocrx_word' id='word_1_485' title='bbox 1793 4410 1866 4510; x_wconf 91' lang='lat' dir='ltr'>sese</span> <span class='ocrx_word' id='word_1_486' title='bbox 1873 4410 2037 4511; x_wconf 65' lang='lat' dir='ltr'>seireff,</span> 
     </span>
     <span class='ocr_line' id='line_1_41' title="bbox 368 4509 2040 4683; baseline -0.005 -90"><span class='ocrx_word' id='word_1_487' title='bbox 368 4519 451 4620; x_wconf 77' lang='lat' dir='ltr'>quid</span> <span class='ocrx_word' id='word_1_488' title='bbox 463 4517 591 4591; x_wconf 83' lang='lat' dir='ltr'>dicerer</span> <span class='ocrx_word' id='word_1_489' title='bbox 604 4509 787 4614; x_wconf 68' lang='lat' dir='ltr'>conseafiſji</span> <span class='ocrx_word' id='word_1_490' title='bbox 800 4515 834 4584; x_wconf 93' lang='lat' dir='ltr'>in</span> <span class='ocrx_word' id='word_1_491' title='bbox 856 4513 1105 4592; x_wconf 74' lang='lat' dir='ltr'>orsicianum?</span> <span class='ocrx_word' id='word_1_492' title='bbox 1116 4516 1191 4609; x_wconf 84' lang='lat' dir='ltr'>jana</span> <span class='ocrx_word' id='word_1_493' title='bbox 1216 4512 1320 4584; x_wconf 82' lang='lat' dir='ltr'>teneri</span> <span class='ocrx_word' id='word_1_494' title='bbox 1338 4533 1410 4582; x_wconf 84' lang='lat' dir='ltr'>earu</span> <span class='ocrx_word' id='word_1_495' title='bbox 1431 4509 1544 4580; x_wconf 82' lang='lat' dir='ltr'>ducere</span> <span class='ocrx_word' id='word_1_496' title='bbox 1563 4511 1846 4679; x_wconf 47' lang='lat' dir='ltr'>existimauerim,</span> <span class='ocrx_word' id='word_1_497' title='bbox 1871 4512 1935 4683; x_wconf 60' lang='lat' dir='ltr'>nis</span> <span class='ocrx_word' id='word_1_498' title='bbox 1953 4509 2040 4609; x_wconf 80' lang='lat' dir='ltr'>iegi-</span> 
     </span>
     <span class='ocr_line' id='line_1_42' title="bbox 368 4605 1890 4706; baseline -0.007 -11"><span class='ocrx_word' id='word_1_499' title='bbox 368 4643 447 4696; x_wconf 87' lang='lat' dir='ltr'>uero</span> <span class='ocrx_word' id='word_1_500' title='bbox 475 4640 596 4690; x_wconf 82' lang='lat' dir='ltr'>ararum</span> <span class='ocrx_word' id='word_1_501' title='bbox 631 4610 673 4687; x_wconf 63' lang='lat' dir='ltr'>si</span> <span class='ocrx_word' id='word_1_502' title='bbox 705 4609 933 4685; x_wconf 73' lang='lat' dir='ltr'>aurichalcum</span> <span class='ocrx_word' id='word_1_503' title='bbox 964 4637 1029 4684; x_wconf 86' lang='lat' dir='ltr'>non</span> <span class='ocrx_word' id='word_1_504' title='bbox 1060 4623 1190 4685; x_wconf 88' lang='lat' dir='ltr'>tantum</span> <span class='ocrx_word' id='word_1_505' title='bbox 1216 4609 1276 4683; x_wconf 83' lang='lat' dir='ltr'>bns</span> <span class='ocrx_word' id='word_1_506' title='bbox 1299 4605 1442 4706; x_wconf 64' lang='lat' dir='ltr'>euprrrffe</span> <span class='ocrx_word' id='word_1_507' title='bbox 1462 4610 1548 4681; x_wconf 87' lang='lat' dir='ltr'>inter</span> <span class='ocrx_word' id='word_1_508' title='bbox 1567 4629 1609 4680; x_wconf 90' lang='lat' dir='ltr'>no</span> <span class='ocrx_word' id='word_1_509' title='bbox 1633 4607 1695 4684; x_wconf 87' lang='lat' dir='ltr'>iles</span> <span class='ocrx_word' id='word_1_510' title='bbox 1713 4607 1755 4684; x_wconf 73' lang='lat' dir='ltr'>ft</span> <span class='ocrx_word' id='word_1_511' title='bbox 1772 4609 1890 4706; x_wconf 80' lang='lat' dir='ltr'>ignobi</span> 
     </span>
     <span class='ocr_line' id='line_1_43' title="bbox 368 4707 2037 4819; baseline -0.004 -28"><span class='ocrx_word' id='word_1_512' title='bbox 368 4715 617 4819; x_wconf 77' lang='lat' dir='ltr'>qualitatibus,</span> <span class='ocrx_word' id='word_1_513' title='bbox 635 4710 700 4810; x_wconf 85' lang='lat' dir='ltr'>sed</span> <span class='ocrx_word' id='word_1_514' title='bbox 718 4710 791 4808; x_wconf 75' lang='lat' dir='ltr'>ipsa</span> <span class='ocrx_word' id='word_1_515' title='bbox 808 4709 1104 4808; x_wconf 71' lang='lat' dir='ltr'>etiarnjirlasiantia</span> <span class='ocrx_word' id='word_1_516' title='bbox 1118 4711 1191 4806; x_wconf 85' lang='lat' dir='ltr'>dis·</span> <span class='ocrx_word' id='word_1_517' title='bbox 1215 4707 1326 4782; x_wconf 84' lang='lat' dir='ltr'>lrilrita</span> <span class='ocrx_word' id='word_1_518' title='bbox 1338 4711 1409 4809; x_wconf 82' lang='lat' dir='ltr'>fiat</span> <span class='ocrx_word' id='word_1_519' title='bbox 1432 4707 1618 4804; x_wconf 83' lang='lat' dir='ltr'>conjugia,</span> <span class='ocrx_word' id='word_1_520' title='bbox 1642 4717 1680 4779; x_wconf 87' lang='lat' dir='ltr'>nt</span> <span class='ocrx_word' id='word_1_521' title='bbox 1706 4709 1741 4781; x_wconf 89' lang='lat' dir='ltr'>in</span> <span class='ocrx_word' id='word_1_522' title='bbox 1767 4731 1870 4806; x_wconf 86' lang='lat' dir='ltr'>regna</span> <span class='ocrx_word' id='word_1_523' title='bbox 1898 4707 2037 4784; x_wconf 79' lang='lat' dir='ltr'>Daniae.</span> 
     </span>
     <span class='ocr_line' id='line_1_44' title="bbox 361 4803 2114 4918; baseline -0.005 -25"><span class='ocrx_word' id='word_1_524' title='bbox 361 4821 493 4918; x_wconf 76' lang='lat' dir='ltr'>flrunt.</span> <span class='ocrx_word' id='word_1_525' title='bbox 545 4822 637 4906; x_wconf 78' lang='lat' dir='ltr'>Ergo</span> <span class='ocrx_word' id='word_1_526' title='bbox 660 4809 681 4880; x_wconf 90' lang='lat' dir='ltr'>sa</span> <span class='ocrx_word' id='word_1_527' title='bbox 702 4807 892 4899; x_wconf 78' lang='lat' dir='ltr'>exenrplum</span> <span class='ocrx_word' id='word_1_528' title='bbox 913 4803 1012 4883; x_wconf 80' lang='lat' dir='ltr'>debet</span> <span class='ocrx_word' id='word_1_529' title='bbox 1030 4804 1093 4882; x_wconf 87' lang='lat' dir='ltr'>else</span> <span class='ocrx_word' id='word_1_530' title='bbox 1110 4837 1190 4882; x_wconf 86' lang='lat' dir='ltr'>eoo·</span> <span class='ocrx_word' id='word_1_531' title='bbox 1215 4823 1242 4897; x_wconf 74' lang='grc' dir='ltr'>ς.</span> <span class='ocrx_word' id='word_1_532' title='bbox 1266 4834 1321 4900; x_wconf 79' lang='lat'>37.</span> <span class='ocrx_word' id='word_1_533' title='bbox 1375 4803 1443 4879; x_wconf 85' lang='lat' dir='ltr'>Sed</span> <span class='ocrx_word' id='word_1_534' title='bbox 1458 4809 1491 4907; x_wconf 79' lang='lat' dir='ltr'><em>fi</em></span> <span class='ocrx_word' id='word_1_535' title='bbox 1510 4805 1639 4902; x_wconf 81' lang='lat' dir='ltr'>nuptiis</span> <span class='ocrx_word' id='word_1_536' title='bbox 1666 4803 1708 4880; x_wconf 81' lang='lat'><em>&amp;</em></span> <span class='ocrx_word' id='word_1_537' title='bbox 1733 4807 1908 4883; x_wconf 84' lang='lat' dir='ltr'>concubitu</span> <span class='ocrx_word' id='word_1_538' title='bbox 1922 4806 2040 4905; x_wconf 84' lang='lat' dir='ltr'>subse·</span> <span class='ocrx_word' id='word_1_539' title='bbox 2109 4857 2114 4867; x_wconf 91' lang='lat'><strong>·</strong></span> 
     </span>
     <span class='ocr_line' id='line_1_45' title="bbox 369 4904 2039 5002; baseline -0.01 -8"><span class='ocrx_word' id='word_1_540' title='bbox 369 4921 535 5000; x_wconf 76' lang='lat' dir='ltr'>ueniens,</span> <span class='ocrx_word' id='word_1_541' title='bbox 576 4911 808 4986; x_wconf 81' lang='lat' dir='ltr'>statuendum,</span> <span class='ocrx_word' id='word_1_542' title='bbox 856 4914 946 4997; x_wconf 90' lang='lat' dir='ltr'>quod</span> <span class='ocrx_word' id='word_1_543' title='bbox 984 4906 1192 4984; x_wconf 78' lang='lat' dir='ltr'>lombardus</span> <span class='ocrx_word' id='word_1_544' title='bbox 1215 4917 1289 4978; x_wconf 87' lang='lat' dir='ltr'>cato</span> <span class='ocrx_word' id='word_1_545' title='bbox 1315 4904 1446 4977; x_wconf 83' lang='lat' dir='ltr'>domurn</span> <span class='ocrx_word' id='word_1_546' title='bbox 1477 4904 1655 4978; x_wconf 84' lang='lat' dir='ltr'>deduxerit</span> <span class='ocrx_word' id='word_1_547' title='bbox 1676 4928 1834 4996; x_wconf 79' lang='lat' dir='ltr'>uxorem,</span> <span class='ocrx_word' id='word_1_548' title='bbox 1859 4928 1958 5002; x_wconf 82' lang='lat' dir='ltr'>quam</span> <span class='ocrx_word' id='word_1_549' title='bbox 1979 4930 2039 4978; x_wconf 89' lang='lat' dir='ltr'>no·</span> 
     </span>
     <span class='ocr_line' id='line_1_46' title="bbox 367 5002 2037 5101; baseline -0.01 -9"><span class='ocrx_word' id='word_1_550' title='bbox 367 5044 434 5092; x_wconf 88' lang='lat' dir='ltr'>non</span> <span class='ocrx_word' id='word_1_551' title='bbox 457 5021 500 5089; x_wconf 89' lang='lat' dir='ltr'>de</span> <span class='ocrx_word' id='word_1_552' title='bbox 522 5034 642 5088; x_wconf 88' lang='lat' dir='ltr'>errore</span> <span class='ocrx_word' id='word_1_553' title='bbox 662 5005 929 5096; x_wconf 88' lang='lat' dir='ltr'>qualitatiscirca</span> <span class='ocrx_word' id='word_1_554' title='bbox 948 5009 1080 5099; x_wconf 79' lang='lat' dir='ltr'>generis</span> <span class='ocrx_word' id='word_1_555' title='bbox 1099 5005 1194 5078; x_wconf 85' lang='lat' dir='ltr'>nobi·</span> <span class='ocrx_word' id='word_1_556' title='bbox 1215 5003 1314 5078; x_wconf 83' lang='lat' dir='ltr'>bilem</span> <span class='ocrx_word' id='word_1_557' title='bbox 1334 5002 1551 5100; x_wconf 73' lang='lat' dir='ltr'>cristinealrat</span> <span class='ocrx_word' id='word_1_558' title='bbox 1582 5002 1759 5099; x_wconf 83' lang='lat' dir='ltr'>deeeptus,</span> <span class='ocrx_word' id='word_1_559' title='bbox 1781 5003 2037 5101; x_wconf 69' lang='lat' dir='ltr'>vrepudiandam</span> 
     </span>
     <span class='ocr_line' id='line_1_47' title="bbox 348 5101 2042 5205; baseline -0.011 -14"><span class='ocrx_word' id='word_1_560' title='bbox 348 5117 519 5196; x_wconf 82' lang='lat' dir='ltr'>litatem,</span> <span class='ocrx_word' id='word_1_561' title='bbox 554 5107 609 5180; x_wconf 89' lang='lat' dir='ltr'>sed</span> <span class='ocrx_word' id='word_1_562' title='bbox 634 5107 812 5181; x_wconf 81' lang='lat' dir='ltr'>deerrare</span> <span class='ocrx_word' id='word_1_563' title='bbox 844 5107 931 5178; x_wconf 85' lang='lat' dir='ltr'>eirea</span> <span class='ocrx_word' id='word_1_564' title='bbox 956 5101 1060 5197; x_wconf 83' lang='lat' dir='ltr'>ipsam</span> <span class='ocrx_word' id='word_1_565' title='bbox 1082 5102 1192 5196; x_wconf 88' lang='lat' dir='ltr'>perso·</span> <span class='ocrx_word' id='word_1_566' title='bbox 1216 5123 1289 5176; x_wconf 85' lang='lat' dir='ltr'>earn</span> <span class='ocrx_word' id='word_1_567' title='bbox 1309 5102 1733 5205; x_wconf 74' lang='lat' dir='ltr'>tuirrimeexifliruauerien,</span> <span class='ocrx_word' id='word_1_568' title='bbox 1756 5128 1829 5180; x_wconf 82' lang='lat' dir='ltr'>cunr</span> <span class='ocrx_word' id='word_1_569' title='bbox 1843 5105 2042 5196; x_wconf 81' lang='lat' dir='ltr'>reeintegra</span> 
     </span>
    </p>
   </div>
   <div class='ocr_carea' id='block_1_10' title="bbox 421 5200 2201 5300">
    <p class='ocr_par' dir='ltr' id='par_1_12' title="bbox 421 5200 2201 5300">
     <span class='ocr_line' id='line_1_48' title="bbox 421 5200 2201 5300; baseline -0.008 -11"><span class='ocrx_word' id='word_1_570' title='bbox 421 5211 515 5291; x_wconf 81' lang='grc' dir='ltr'><em>Τοιιι.</em></span> <span class='ocrx_word' id='word_1_571' title='bbox 544 5205 658 5283; x_wconf 55' lang='lat' dir='ltr'>XV(</span> <span class='ocrx_word' id='word_1_572' title='bbox 1268 5205 1292 5277; x_wconf 82' lang='grc' dir='ltr'><strong>Ρ</strong></span> <span class='ocrx_word' id='word_1_573' title='bbox 1715 5261 1736 5294; x_wconf 36' lang='grc'>,.</span> <span class='ocrx_word' id='word_1_574' title='bbox 1898 5200 2047 5300; x_wconf 76' lang='lat' dir='ltr'>amplius</span> <span class='ocrx_word' id='word_1_575' title='bbox 2199 5273 2201 5284; x_wconf 84' lang='grc'>,</span> 
     </span>
    </p>
   </div>
   <div class='ocr_carea' id='block_1_11' title="bbox 0 0 2446 5984">
    <p class='ocr_par' dir='ltr' id='par_1_13' title="bbox 0 0 2446 5984">
     <span class='ocr_line' id='line_1_49' title="bbox 0 0 2446 5984; baseline 0 4"><span class='ocrx_word' id='word_1_576' title='bbox 0 0 2446 5984; x_wconf 95' lang='lat' dir='ltr'> </span> 
     </span>
    </p>
   </div>
   <div class='ocr_carea' id='block_1_12' title="bbox 1922 4627 2141 4708">
    <p class='ocr_par' dir='ltr' id='par_1_14' title="bbox 1922 4627 2141 4708">
     <span class='ocr_line' id='line_1_50' title="bbox 1922 4627 2141 4708; baseline 0 -22"><span class='ocrx_word' id='word_1_577' title='bbox 1922 4627 2063 4708; x_wconf 56' lang='lat' dir='ltr'>apros</span> <span class='ocrx_word' id='word_1_578' title='bbox 2136 4671 2141 4686; x_wconf 86' lang='lat'>.</span> 
     </span>
    </p>
   </div>
  </div>
 </body>
</html>
