4884 5984
445 511 496 598 ,ι
869 486 1026 568 10ch
1050 491 1179 564 xxvi.
1226 483 1388 578 ctevT
1409 493 1457 582 x.
1507 487 1629 563 stet.
1653 494 1680 566 1·

353 725 356 730 ·
446 687 652 790 debeteeffe
672 683 831 772 liberum.
880 690 914 760 Si
937 689 1071 768 dicunt,
1091 695 1171 760 aote
1192 707 1251 760 oo·
1273 692 1361 771 tem,
1405 704 1476 782 quc
1500 685 1627 758 detinet
1657 682 1829 764 inuitum,
1868 697 1938 754 mom
1965 685 2077 752 ιιιιι

443 803 519 886 ιιιι
544 789 674 890 quidem
701 782 843 860 liberum
864 781 923 884 ςβι
942 783 1156 866 caiibatum,
1184 808 1251 858 mort
1274 781 1457 880 quamlibet
1471 782 1694 882 oeceffltaeem.
1747 778 1898 856 Proinde
1915 787 1999 850 vota
2016 771 2076 873 ιβ

445 901 557 992 quiem
572 892 647 988 posi
660 896 791 970 vatum,
812 880 854 960 ci
870 885 901 962 it
917 881 1014 988 a’qxi
1028 877 1251 976 λαμέἅνιισι,
1275 882 1409 980 iaqe'eeos
1425 881 1511 970 itis,
1537 881 1596 978 qui
1611 893 1727 962 temere
1743 888 1921 964 voverunt,
1945 875 2003 978 aei
2016 873 2073 972 qui

445 995 491 1078 de
517 1013 558 1064 co
579 992 669 1061 enim
692 987 872 1074 queritur,
903 1009 946 1054 an
973 983 1186 1076 probandum
1212 981 1252 1054 stt
1273 979 1479 1152 eoodilurtt
1503 979 1548 1056 ab
1573 981 1656 1054 aiiir
1677 1001 1811 1064 vovere,
1840 1001 1914 1050 rum
1935 975 2000 1074 ipſs
2022 997 2075 1048 m·

443 1069 531 1176 iliud
553 1084 726 1162 coeiibotus
753 1103 896 1162 votum,
932 1085 1196 1171 quadraturam
1216 1089 1253 1156 dc
1274 1081 1328 1156 bit
1346 1091 1417 1154 tae
1441 1090 1612 1176 cuperent,
1637 1089 1675 1152 ιιι
1693 1078 1747 1150 bic
1763 1080 1805 1170 βι
1820 1071 1938 1173 sensus
1962 1071 2075 1148 verbo·

444 1185 643 1280 qualitatem
662 1181 760 1254 huius
780 1180 881 1258 doni,
904 1177 1097 1266 libertatem
1117 1173 1252 1266 scilieet.
1276 1205 1350 1256 rum
1365 1179 1640 1280 apostolicorum.-
1665 1175 1922 1251 Exbortoruos
1936 1173 1987 1248 ad
1998 1193 2073 1246 core

444 1283 554 1364 mutet
573 1287 609 1354 in
630 1273 866 1354 ncceffitocem.
926 1275 1092 1350 Lutheruc
1114 1277 1150 1348 in
1172 1275 1253 1352 libr.
1276 1280 1470 1363 timentium,
1489 1275 1553 1374 sed
1570 1277 1624 1351 ita
1648 1286 1778 1363 tamm,
1802 1286 1841 1350 ut
1865 1296 1934 1348 mort
1955 1291 2073 1367 cogare

445 1385 490 1480 dc
508 1383 593 1456 votis
608 1379 744 1452 monost.
757 1373 951 1469 grevifftme
972 1371 1103 1449 scribit:
1132 1369 1254 1450 Liber·
1276 1379 1419 1466 ioaitas,
1442 1401 1498 1450 mec
1508 1374 1672 1473 suadeam
1697 1387 1814 1450 umen
1833 1395 1907 1449 eam
1928 1373 2071 1468 accipere

445 1481 502 1574 ibe
526 1477 708 1578 ebrifliaoa
716 1471 777 1572 [ιιι
796 1471 1050 1574 evangelicaeji
1070 1473 1185 1547 dirimi
1201 1475 1254 1548 iu·
1280 1475 1321 1552 it
1342 1499 1480 1556 vovere,
1504 1474 1593 1570 quod
1615 1471 1691 1572 ιβιι
1712 1476 1848 1570 laqueus
1868 1472 2070 1556 animarum,

444 1577 517 1668 ris,
539 1600 638 1674 quam
656 1571 752 1650 Deus
765 1595 832 1645 ooo
850 1570 1045 1668 revocabit,
1072 1597 1171 1668 oeque
1184 1573 1247 1646 ad·
1262 1574 1327 1675 sed
1344 1587 1382 1650 ut
1405 1599 1424 1646 o
1452 1573 1571 1648 endam
1595 1573 1651 1659 ide
1676 1575 1764 1670 qood
1783 1575 1827 1672 ιβ
1844 1569 1955 1668 perse
1976 1569 2069 1644 bam·

444 1673 559 1776 persus
573 1697 651 1791 eam
665 1671 844 1785 quidquam
861 1681 1032 1784 acceptare
1044 1673 1171 1770 potest,
1192 1695 1248 1744 rte·
1264 1679 1354 1775 stum
1431 1671 1666 1788 οιιιιίιβιιιιιιιι,
1685 1682 1734 1786 Ιιιι
1751 1669 1882 1787 quibus·
1901 1667 2068 1786 Dominus

444 1775 762 1954 tibitibi„
776 1769 1036 1966 bite-iti„
1052 1767 1249 1968 {ibib
1271 1771 1655 1970 ititt‘d‘iit'tt
1678 1769 1920 1944 'iiiiii
1940 1767 2068 1958 ‘eiii

403 1997 406 2002 ·
444 1957 651 2076 ¹coflsoieotia
674 1990 837 2066 regnam,
872 1990 938 2062 qua
963 1967 1064 2042 mullis
1095 1965 1248 2064 operibus
1271 1971 1384 2069 laquei
1402 1957 1616 2060 metaphott3
1644 1968 1779 2064 iaqueus
1796 1969 1887 2042 mim
1907 1989 1976 2042 mort
1989 1966 2068 2040 dici·

445 2084 508 2148 aut
525 2069 801 2167 adcusamuraut
819 2063 1049 2160 defendimur,
1067 2064 1247 2162 sedetiam
1271 2082 1327 2144 tur
1343 2071 1446 2164 sumis
1474 2067 1591 2166 ligares
1618 2066 1660 2142 (5
1681 2067 2003 2152 emersionem,
2030 2089 2066 2140 oe

445 2192 508 2262 ea,
544 2193 609 2264 qua
627 2167 771 2265 sublata
793 2163 878 2262 suot
898 2163 1054 2263 uoioersa
1076 2163 1247 2238 bominum
1263 2170 1360 2265 sorte
1375 2168 1495 2248 eadat,
1519 2165 1581 2262 sed
1593 2167 1695 2262 sumis
1710 2168 1746 2240 vi
1765 2166 1936 2254 detineas,
1966 2161 2007 2240 fii
2024 2163 2066 2238 ad

445 2269 633 2351 mandata,
665 2263 829 2360 [respebiu
843 2260 978 2358 scilicet
1001 2267 1111 2336 ruitur
1131 2287 1172 2338 ac
1193 2286 1248 2336 rre-
1270 2266 1464 2365 rapiendum
1481 2263 1522 2340 it
1538 2265 1738 2364 perdendum
1754 2270 1934 2364 expositus.
1973 2268 2064 2339 Pcor.

445 2365 619 2468 reffltatir,
650 2387 716 2436 mom
743 2372 853 2434 autem
879 2371 1027 2451 exterma
1054 2360 1247 2459 disciplima
1271 2376 1346 2442 XX.
1366 2367 1468 2442 ruina
1486 2367 1529 2465 ιβ
1548 2365 1678 2439 bomini
1698 2363 1858 2440 devorare
1873 2363 2012 2464 sacrdos
2027 2359 2065 2436 8

445 2485 487 2558 qe
507 2461 743 2560 pedagogia]
781 2455 822 2532 Β
847 2457 1012 2556 quidquid
1035 2461 1071 2532 ire
1097 2462 1247 2535 extermis
1269 2469 1342 2564 post
1355 2475 1435 2538 uota
1449 2464 1641 2550 retrabi'are,
1654 2463 1713 2538 ubi
1725 2457 2065 2569 eeHebeaeoepartn

444 2557 638 2656 ceremoniis
655 2555 792 2656 servari
813 2559 938 2656 potest,
976 2567 1014 2628 ut
1028 2555 1113 2654 suot
1137 2582 1247 2634 ammes
1270 2559 1358 2660 qued
1372 2559 1493 2640 LXX
1500 2563 1692 2659 interpreter
1701 2561 1919 2640 reddiderunt
1927 2593 2066 2666 peren·

443 2655 534 2750 eibi,
567 2681 677 2732 ammes
704 2657 822 2756 υιβιι,
853 2677 963 2727 ommr
983 2654 1154 2752 persona,
1178 2683 1247 2730 om·
1269 2654 1364 2760 pido.
1414 2655 1516 2750 Resp.
1550 2669 1595 2746 1.)
1618 2665 1650 2734 Si
1674 2687 1735 2753 per
1761 2684 1877 2738 votum
1896 2667 2065 2748 eoetibmu

443 2781 501 2848 per
520 2759 645 2856 gestus,
671 2755 785 2828 omnia
804 2751 899 2839 ioca,
919 2755 1033 2826 omnia
1053 2753 1156 2850 vasa,
1175 2780 1245 2830 om·
1270 2762 1404 2847 loqueos
1426 2757 1493 2832 illio
1511 2761 1676 2840 iniieitur,
1702 2762 1759 2848 qui
1782 2783 1908 2837 temere
1933 2793 2062 2862 vome,

443 2882 502 2957 per
518 2855 589 2932 dier
613 2849 681 2928 &c
709 2865 748 2950 ut
772 2875 812 2924 ea
834 2851 941 2946 liceat¹
957 2850 1159 2944 obseruare,
1192 2855 1247 2929 oei
1270 2854 1323 2929 vel
1339 2859 1397 2944 qui
1420 2858 1525 2929 coeat
1543 2855 1586 2928 eb
1608 2855 1680 2929 eliis
1699 2882 1840 2945 vovent,
1868 2859 2061 2957 negarieiofi

302 2964 304 2968 ’
442 2979 511 3052 mom
534 2951 723 3050 observate.
747 2945 924 3045 quamdiu,
949 2950 1026 3028 ubi.
1058 2951 1243 3047 quomodo,
1268 2959 1416 3042 poterit,
1459 2952 1573 3026 uiuitis
1599 2955 1705 3044 modis
1732 2982 1849 3032 contra
1878 2961 1968 3038 hanc
1991 2991 2063 3058 pro-

457 3048 595 3148 'uamdo‚
629 3049 754 3146 quoties
775 3045 960 3143 placuerit,
993 3061 1055 3122 aut
1080 3073 1131 3123 res
1148 3048 1245 3124 obtu-
1270 3053 1464 3130 bibitionem
1485 3051 1697 3141 apostolicam
1716 3059 1757 3130 in.
1770 3055 1895 3148 pipotu
1914 3067 2061 3152 peccori,

443 3075 534 3242 berit.
586 3145 644 3224 At
666 3145 809 3220 voamdi
827 3145 1013 3244 institutum
1033 3147 1070 3218 im
1089 3171 1175 3232 rrooo
1196 3159 1245 3223 te·
1268 3173 1305 3220 ut
1327 3175 1366 3234 ιι
1387 3139 1611 3238 superioribus
1630 3155 1764 3226 constet.
1813 3159 1871 3248 t.)
1888 3163 2062 3250 Aperi-tue

434 3251 602 3352 flumenta
621 3270 705 3320 mere
719 3243 897 3317 brumarum
919 3245 972 3340 ιβ.
1025 3241 1243 3342 Liberasumt
1267 3274 1335 3317 non
1357 3245 1460 3320 solum
1484 3253 1651 3322 neminem
1675 3255 1766 3344 cogit
1789 3259 1830 3326 td
1849 3259 2061 3346 coelibatum,

442 3348 631 3444 divinitus,
663 3365 735 3442 quae
759 3354 796 3414 tu
817 3337 995 3437 neceffam'a
1006 3343 1101 3436 facie
1124 3344 1243 3418 bruma·
1266 3341 1443 3416 sedetiam
1468 3350 1593 3417 nemini
1620 3352 1712 3436 cupit
1738 3351 1927 3428 libertatem
1942 3363 2061 3434 ,mutti-

441 3447 558 3540 qieus,
601 3440 642 3517 Β
665 3452 768 3538 pertas
800 3435 910 3512 Deum
938 3438 1017 3534 pius
1046 3455 1241 3538 acceptare,
1265 3445 1368 3516 monii
1389 3445 1460 3516 iure
1481 3447 1596 3517 divino
1617 3447 1771 3520 omnibus
1797 3477 2058 3545 competentem,

441 3547 530 3642 quod
546 3556 583 3616 m
598 3547 712 3623 erras,
734 3561 832 3633 quam
850 3539 938 3632 quad
954 3536 1021 3633 ipse
1041 3540 1242 3614 ordinavit?
1266 3567 1303 3613 ac
1322 3540 1537 3628 quibusdam,
1570 3543 1634 3614 illis
1655 3546 1793 3630 scilicet,
1819 3555 1876 3638 qui
1898 3535 2059 3637 uruntur)

440 3640 519 3740 Ipse
539 3663 603 3714 nom
640 3640 718 3735 οιιβ
728 3634 907 3736 stepinere,
930 3646 970 3708 ut
979 3638 1051 3733 fiat
1066 3651 1239 3728 peccatum
1264 3636 1488 3720 ciceastriam,
1522 3640 1640 3729 laqueo
1657 3646 1779 3717 inieteo
1803 3651 1945 3738 eripere.
1998 3662 2058 3728 ve·

440 3739 480 3828 iet
496 3736 558 3833 usu
577 3664 664 3821 cibe,
694 3745 815 3830 potus,
851 3731 999 3816 dierum,
1023 3737 1103 3834 quia
1128 3737 1241 3812 notuit
1263 3737 1422 3824 erigitur
1444 3740 1490 3808 est
1511 3738 1565 3810 illo
1591 3739 1778 3814 Bellarmini
1802 3749 2058 3838 interpretatio,

439 3835 491 3926 ibi
507 3833 643 3936 peccari
659 3828 767 3930 poste,
806 3827 1105 3908 &cementarii
1123 3862 1236 3930 pecca·
1262 3859 1362 3919 quom
1385 3835 1482 3914 etiam
1511 3841 1644 3924 quidem
1676 3861 1826 3915 veterum
1855 3850 2060 3938 conplectun-

440 3945 512 4010 tum
531 3926 787 4029 adserisfieri?
836 3927 898 4002 Ita
916 3930 1030 4004 uoluit
1046 3932 1237 4014 caiibatum
1261 3953 1335 4014 tur,
1369 3930 1422 4004 sed
1443 3957 1510 4006 non
1530 3933 1638 4021 plena.
1694 3941 1747 4029 3·)
1774 3948 1809 4012 tn
1829 3961 1923 4017 textu
1944 3956 2058 4022 cmo

437 4029 649 4132 mecqffitrium
668 4031 766 4127 fieri,
793 4024 857 4121 sed
873 4026 1000 4122 saaxit
1026 4029 1238 4128 liberumues·
1263 4055 1331 4102 non
1360 4033 1406 4103 est
1432 4031 1568 4126 impie.
1606 4029 1660 4106 sed
1686 4032 1828 4141 βρόχος.
1889 4044 2058 4137 Signifim

429 4131 487 4230 se,
525 4127 566 4204 &
585 4127 697 4202 maluit
718 4136 887 4223 peccatum
900 4127 1002 4222 fieri,
1026 4130 1062 4223 st
1082 4133 1158 4224 quis
1176 4155 1238 4204 mu·
1263 4148 1371 4197 eutem
1397 4124 1525 4223 βρόχος
1546 4132 1626 4204 teste
1644 4136 1741 4206 Suidu
1763 4141 1804 4214 cb
1826 4140 1888 4226 cic
1907 4139 2058 4240 ἀγχόνης

433 4227 558 4329 pseeit,
583 4226 714 4322 quaudo
740 4221 902 4302 uoluerit,
932 4219 973 4296 δ’
986 4236 1023 4298 tu
1042 4241 1237 4321 perpetuum
1262 4223 1403 4317 zeirice,
1425 4227 1518 4296 iiiam
1529 4241 1661 4321 partem
1681 4231 1810 4327 laquei,
1834 4262 1907 4333 quae
1926 4243 1979 4314 ita
1996 4265 2056 4339 pa-

428 4326 528 4423 sacir
564 4336 652 4422 voto·
674 4335 731 4400 tao
761 4345 803 4395 ac
826 4316 1036 4416 oeceffaee'um
1056 4324 1123 4418 sub
1153 4326 1233 4423 iege.
1261 4334 1340 4392 rata
1361 4326 1431 4419 ιβ,
1470 4335 1509 4394 ut
1531 4329 1754 4424 conflridiome
1770 4330 1838 4426 sua
1856 4340 2056 4436 strangulet.

437 4419 520 4502 Non
544 4423 654 4498 miuus
679 4431 763 4494 certe
782 4430 952 4516 peccatum
974 4424 1017 4520 ιβ
1037 4423 1167 4497 violare
1189 4427 1234 4501 ii·
1263 4418 1376 4490 Pollux
1408 4423 1489 4491 dicit
1516 4425 1646 4524 βρόχοι
1679 4426 1863 4519 fignifiotte
1893 4438 1927 4506 in
1958 4465 2057 4512 cucu-

435 4521 1235 4618 bertatemdioinitusssatutam,quaminquod·
1261 4541 1341 4603 punt
1377 4513 1432 4588 scu
1468 4544 1663 4596 venetorum
1696 4527 1821 4600 retibus
1846 4531 2053 4624 foramina,

434 4625 489 4701 ais
503 4618 602 4696 aliud
621 4616 691 4692 Dei
706 4628 902 4714 praecpitem
918 4641 1069 4710 peccare,
1094 4646 1151 4692 mec
1168 4621 1235 4698 tibi
1260 4637 1330 4708 qua
1346 4628 1578 4712 quaternorum
1591 4621 1825 4714 sommiorum
1843 4633 1986 4710 nexibus
2005 4636 2055 4730 ef·

433 4721 518 4796 licet
547 4741 620 4791 eom
650 4713 838 4791 libertatem
867 4712 1024 4806 auferre,
1070 4742 1127 4790 mec
1154 4721 1234 4792 iicet
1250 4715 1444 4809 ficiuntur,
1481 4742 1542 4805 pet
1571 4745 1643 4806 quet
1673 4726 1921 4804 utdmclcultst
1956 4756 2052 4827 eaput

428 4828 602 4919 peccatum
610 4819 774 4917 statuere,
800 4811 860 4890 ubi
881 4810 976 4888 Deus
986 4827 1158 4910 peccatum
1173 4815 1232 4915 effe
1256 4808 1422 4891 exierunt,
1454 4814 1541 4900 quob
1560 4816 1730 4905 elapsum,
1754 4822 1874 4899 fortius
1895 4837 2052 4908 conarere,

434 4916 556 5000 notuit,
1254 4912 1492 4998 guntttr&ita
1511 4918 1696 5002 capiuntur.
1747 4927 1836 5016 Ergo
1853 4929 2051 5007 Paulusnffl

516 5022 545 5106 ς,
577 5015 697 5086 DXU.
737 5007 870 5096 E'xcipit
906 5009 1122 5083 oetier-minue
1155 5035 1228 5102 cop.
1256 5005 1326 5076 vult
1346 5007 1537 5082 crelibatum
1553 5012 1650 5084 elicui
1668 5019 1910 5107 imponendum
1930 5030 1983 5103 vel
2004 5036 2049 5103 io·

427 5115 556 5204 XXIX.
577 5119 612 5206 ς.
635 5130 690 5206 ιᾳ.
712 5107 865 5205 laqueum
884 5105 1051 5208 adpeiiari
1065 5109 1227 5212 neceffita·
1250 5105 1432 5182 iciendum
1452 5107 1543 5182 velut
1563 5110 1738 5203 taqueum,
1762 5145 1828 5212 quo
1845 5122 1893 5197 iu
1915 5132 2049 5201 gonstfq,

1789 5255 1796 5269 ·
1875 5271 1877 5276 ·
1981 5231 2047 5301 &tu
