4884 5984
552 453 616 530 nt
667 403 899 528 ansuinus
944 442 1225 572 ononimus
1256 447 1323 524 ur.
1355 445 1472 542 Jrna
1518 448 1709 528 niuno.
1878 453 1957 548 ης
2072 427 2078 440 ’

348 656 447 738 itam,
472 675 559 746 ergo
577 673 643 728 nea
664 645 767 722 sorori
784 675 867 724 rneae
887 646 968 720 licet
982 647 1109 722 nubere
1133 613 1249 721 monii·
1273 650 1307 719 in
1340 646 1499 742 gradibus
1522 645 1599 737 jure
1625 649 1785 720 duntaxat
1804 645 1949 739 positivo

348 779 424 825 ruo.
479 750 619 823 Duobus
638 746 796 820 fratribus
816 775 885 822 non
907 747 986 821 licet
1008 774 1109 820 unam
1133 746 1312 838 prohibitis
1343 751 1517 821 conuadli.
1581 746 1667 820 lllud
1689 750 1779 819 enim
1808 770 1951 837 propter

348 876 429 925 trem
450 855 592 934 ducere,
615 873 698 939 ergo
713 846 839 920 duabus
858 844 1027 920 sororibus
1041 873 1108 918 non
1130 843 1424 940 transgressionem
1461 848 1715 936 municipalium
1746 847 1950 936 prohibitio-
2050 871 2053 878 ’
2138 837 2144 850 ’

351 971 365 1022 t
392 951 450 1022 uni
474 950 599 1021 marito
628 942 821 1022 consociati.
865 942 1010 1037 ‘xvt.)
1041 942 1109 1017 Co·
1131 971 1213 1020 num
1235 970 1303 1017 non
1332 948 1513 1019 dirimitur.
1565 944 1664 1033 XX.)
1689 942 1732 1018 In
1751 945 1844 1018 linea
1860 944 1949 1020 reiis

348 1048 469 1122 stianit
480 1049 573 1120 ratio
594 1043 786 1146 estendam,
810 1050 884 1146 stae
904 1068 949 1118 ex
960 1056 1106 1143 paterna
1124 1042 1338 1144 prohibitum
1356 1047 1399 1145 ιβ
1421 1046 1674 1119 matrimonium
1692 1046 1729 1119 in
1744 1045 1947 1145 infinitum,

348 1173 416 1223 ἰιι
431 1157 585 1221 materna
607 1143 697 1218 linea
714 1142 911 1242 descendat,
933 1167 1015 1224 cum,
1028 1169 1107 1238 pro·
1120 1146 1194 1245 sue
1209 1156 1292 1217 natu
1304 1145 1353 1245 st
1367 1143 1574 1219 intermediae
1592 1144 1819 1240 generationis
1830 1143 1946 1241 series,

348 1248 418 1319 titas
437 1247 644 1337 cognationis
667 1244 847 1327 naturalis,
865 1271 933 1318 non
953 1268 1035 1317 vero
1055 1247 1104 1317 ci·
1121 1246 1194 1344 βυι
1215 1246 1348 1340 ignota.
1402 1246 1455 1318 Sic
1473 1247 1625 1333 quamvis
1642 1269 1709 1318 non
1726 1248 1851 1318 constet
1870 1271 1953 1318 exa·.

348 1371 362 1416 s
387 1356 424 1420 &
456 1345 591 1433 politica
614 1341 723 1435 aliqua
745 1347 832 1416 ratio
852 1348 942 1418 inter
964 1364 1103 1435 agnatos
1127 1349 1203 1425 ue,
1226 1366 1311 1433 quot
1334 1346 1567 1436 generationes
1595 1344 1682 1413 inter
1704 1342 1882 1415 Noachum
1907 1353 1945 1418 dt
2034 1363 2040 1380 '

348 1441 501 1537 :agnatos
528 1444 582 1514 hic
610 1467 673 1534 pro
700 1440 919 1514 fundamento
946 1463 1102 1532 ponatur.
1126 1445 1259 1528 quasvis
1279 1450 1349 1531 ejus
1377 1445 1523 1533 postcras
1541 1437 1809 1523 intercesserint,
1834 1464 1945 1515 tamen

366 1568 437 1615 non
458 1544 567 1614 minus
597 1541 782 1630 prohibeor
804 1566 823 1613 a
848 1544 1010 1634 conjugio
1032 1567 1103 1612 ma·
1126 1538 1289 1613 Noachus
1312 1544 1464 1630 quanrsis
1494 1566 1534 1613 ex
1559 1542 1697 1628 posteris
1720 1546 1843 1615 ducere
1861 1564 1945 1633 pro·

349 1666 444 1721 ιιι,
468 1665 603 1730 quanta
624 1641 782 1731 coniugio
798 1641 926 1728 amite,
949 1641 1102 1730 quamvis
1123 1638 1274 1712 hibetur.
1335 1637 1450 1730 XXl.)
1489 1636 1681 1736 Canjugum
1703 1641 1944 1738 propinquitas

361 1738 402 1812 fit
420 1742 543 1830 patris,
569 1737 638 1811 ltaec
663 1764 744 1812 vero
767 1739 881 1811 matris
901 1739 1016 1823 soror3
1041 1763 1101 1812 ne·
1121 1738 1263 1834 proprie
1286 1733 1330 1811 ii
1350 1737 1517 1812 adcurate
1535 1736 1699 1833 loqueeldo
1720 1737 1965 1836 ιιιιιοιιβιιι·1

367 1864 437 1913 noo
457 1842 565 1911 minus
592 1837 794 1926 prohibetur
818 1864 838 1909 a
864 1841 1023 1930 conjugio
1043 1841 1101 1912 avi
1124 1838 1281 1931 guinitas
1304 1839 1348 1937 ιβ
1371 1863 1430 1910 nec
1452 1836 1636 1937 adfinitas,
1653 1835 1719 1934 sed
1735 1838 1942 1932 sundomen·

348 1941 445 2022 erni,
470 1963 570 2026 quarn
585 1938 739 2027 paterni,
764 1938 916 2024 quamvis
934 1941 1025 2009 enim
1040 1962 1101 2028 pa·
1123 1947 1196 2008 tum
1210 1934 1522 2033 consanguinitatis
1535 1961 1598 2033 per
1610 1938 1781 2012 carnalem
1799 1959 1951 2034 genera·-

348 2064 383 2111 tae
403 2039 610 2128 cognationis
631 2038 717 2107 linea
739 2034 779 2106 srt
802 2036 958 2126 dignior,
986 2057 1100 2109 tamen
1122 2037 1273 2123 tionem,
1309 2059 1353 2108 at
1369 2037 1635 2131 fundamentum
1663 2036 1859 2136 adfinitatis
1878 2057 1941 2136 per

348 2132 573 2229 sanguinitatis
589 2131 753 2223 'respectu
778 2158 846 2204 non
876 2136 924 2204 est
947 2157 1100 2208 materna
1120 2133 1295 2209 carnalem
1320 2135 1596 2233 copulationem
1633 2142 1721 2209 unde
1743 2140 1844 2210 etiam
1871 2162 1942 2210 ma·

347 2236 533 2325 pinguior,
570 2240 658 2305 unde
690 2231 827 2323 vulgata
857 2228 970 2303 versio.
990 2238 1097 2308 Lerit.
1120 2236 1205 2306 ritus
1228 2244 1447 2308 &uxornec
1469 2238 1706 2327 consanguinei
1726 2261 1789 2310 nec
1815 2235 1941 2310 adfines
2017 2278 2028 2288 ,
2156 2257 2159 2266 ·

349 2356 435 2411 ,um
457 2353 577 2423 patruo
605 2334 726 2420 adjecit
752 2330 976 2416 auunculum,
1003 2342 1098 2420 cujus
1121 2335 1443 2425 propriedicuntur.
1480 2338 1574 2407 Sicut
1590 2335 1700 2408 unitas
1713 2337 1853 2425 proprie
1870 2359 1940 2408 noa
1985 2402 1994 2422 ,

348 2433 433 2507 :extu
457 2430 602 2504 Hebraeo
623 2454 690 2503 non
717 2427 755 2499 fit
775 2426 923 2520 expressa
947 2435 1098 2514 mentio,
1121 2436 1169 2505 est
1187 2458 1366 2518 numerus,
1391 2427 1448 2504 sed
1459 2435 1665 2523 principium
1685 2436 1938 2523 numeti,pun·

348 2558 360 2606 s
385 2534 506 2604 eodem
534 2532 644 2621 gradu
669 2529 852 2602 avunculus
881 2526 1001 2600 sororis
1027 2529 1096 2603 filio
1119 2536 1214 2606 dum
1229 2534 1369 2621 propria
1383 2556 1451 2603 non
1471 2536 1518 2604 est
1532 2533 1749 2623 magnitudo,
1772 2527 1828 2604 scd
1842 2536 1938 2621 prin·

348 2634 500 2719 jundius,
524 2653 593 2715 quo
609 2651 747 2719 patruus
769 2626 837 2699 filio
858 2626 990 2715 fratris,
1016 2626 1097 2701 licet
1119 2633 1248 2721 cipium
1273 2633 1539 2722 magnitudinist
1570 2629 1614 2701 fic
1641 2632 1838 2722 conjugium
1866 2628 1937 2714 sive

359 2730 593 2819 propinquitas
614 2753 655 2798 cx
682 2727 769 2802 linea
793 2727 1001 2818 cognationis
1028 2752 1096 2798 ma·
1120 2738 1304 2820 conjugum
1317 2730 1549 2819 propinquitas
1561 2731 1700 2818 proprie
1717 2753 1784 2799 non
1797 2731 1844 2800 est
1856 2752 1936 2804 corn
2016 2785 2018 2790 -

348 2853 404 2912 ιτ,
432 2826 504 2899 ltaec
520 2850 654 2899 ueroex
671 2823 758 2897 linea
774 2826 958 2915 agnationis
983 2847 1096 2912 pater.
1120 2824 1322 2919 sanguinitas
1355 2851 1419 2902 net
1446 2823 1625 2916 adfinitas,
1668 2824 1723 2899 sed
1758 2830 1863 2918 utrius
1891 2852 1934 2903 ue

354 2927 524 3017 originem
546 2921 668 2997 trahat.
726 2920 866 3014 XVll.)
887 2919 1097 3018 Propinqui·
1120 2923 1659 3017 principium&fundamentum.
1708 2924 1839 3011 XXll.)
1893 2923 1933 2998 d.

363 3047 432 3097 nan
453 3021 626 3120 exspsirat,
646 3024 678 3122 β
698 3019 752 3095 uei
775 3022 924 3094 maxiem
946 3025 982 3096 in
1005 3023 1096 3096 uiuis
1110 3024 1239 3122 suitur
1257 3024 1347 3098 inter
1368 3048 1509 3099 uxorem
1531 3024 1715 3110 &mariti
1730 3022 1932 3121 consangui-

357 3123 488 3224 desnot
506 3120 667 3219 persiano,
692 3145 753 3218 per
774 3143 872 3215 qaam
888 3120 942 3193 uel
961 3122 1096 3195 carnali
1120 3146 1218 3208 near,
1256 3126 1396 3219 itemque
1423 3124 1512 3198 inter
1543 3126 1703 3197 maritum
1737 3120 1778 3196 ii
1810 3124 1932 3199 uxoris

348 3224 530 3326 sagariam
557 3219 854 3317 consanguinitas,
888 3217 941 3293 uei
959 3220 1096 3295 carnali
1119 3219 1384 3318 consanguineos
1400 3221 1931 3318 matrimoniumimpedieurcon·

348 3322 498 3420 ulatione
525 3321 689 3419 adfinitas
702 3320 780 3413 suit
810 3318 991 3394 constratis.
1041 3322 1095 3395 Sic
1119 3321 1285 3408 traditur,
1305 3324 1377 3422 βυι
1400 3347 1444 3396 ιιι
1465 3324 1623 3418 cunjugio
1639 3322 1715 3394 nati
1730 3322 1868 3416 suerint
1884 3324 1930 3397 li·
2023 3389 2027 3406 .

348 3422 471 3494 hibent
486 3423 614 3492 ducere
635 3418 917 3504 maurianensi
943 3418 996 3491 vel
1021 3446 1094 3491 mo·
1116 3419 1206 3507 beri,
1223 3422 1296 3521 βυι
1319 3423 1440 3496 minus.
1490 3427 1610 3509 Neque
1629 3423 1718 3493 enim
1732 3417 1929 3496 fundamen·

350 3547 370 3594 e
388 3513 573 3607 exspiravit
592 3540 724 3599 mater,
750 3543 812 3606 per
832 3543 934 3605 quam
956 3514 1094 3589 consan-
1116 3541 1191 3591 tum
1210 3515 1388 3593 adfinitatis
1412 3519 1556 3592 consistit
1582 3521 1616 3589 in
1636 3519 1819 3591 liberorum
1850 3545 1929 3610 pro·

348 3623 425 3690 sitas
446 3623 536 3690 inter
562 3642 616 3690 me
640 3628 678 3690 δι
701 3638 915 3689 materteram
938 3616 1062 3690 coaluit
1080 3643 1091 3697 t
1116 3622 1302 3707 creatione,
1321 3614 1427 3691 sedin
1443 3616 1679 3690 matrimoniali
1694 3619 1834 3689 duarum
1849 3642 1928 3708 per-

348 3715 463 3790 ltibeor
488 3719 611 3788 ducere
640 3739 780 3788 uxorem
814 3713 1011 3810 patrui,'sr
1038 3714 1092 3788 vel
1116 3713 1269 3788 sonarum
1289 3716 1512 3806 copulatione.
1564 3720 1616 3789 Sic
1632 3716 1928 3820 neniopotestdu·

348 3819 423 3888 ime
441 3819 479 3886 in
506 3817 588 3888 nivis
608 3813 741 3886 desierit
762 3811 825 3885 else
851 3836 1009 3903 patruus,
1033 3838 1093 3886 cu·
1115 3841 1192 3888 cere
1207 3817 1317 3887 uxoris
1331 3812 1496 3894 uetantia
1510 3810 1679 3901 sororem,
1700 3812 1766 3906 sive
1780 3840 1821 3888 ex
1836 3818 1934 3905 prim·

350 3918 545 3988 interuentu
567 3910 716 3985 adfinitas
739 3917 827 3983 inter
850 3938 902 3983 me
924 3921 957 3986 δι
981 3915 1091 4000 patrui
1115 3939 1151 3986 re
1168 3916 1330 4006 ¹conjugia
1354 3909 1532 4003 susceperit
1552 3912 1694 3996 liberos,
1717 3914 1783 3988 save
1805 3920 1926 3991 minus.

348 4040 419 4087 rem
439 4014 555 4102 erepit.
594 4009 745 4101 XVlll.)
763 4009 807 4082 In
824 4008 1091 4107 gradiburdiai·
1115 4010 1271 4105 XXllI.)
1284 4010 1497 4110 Adfinitatis
1509 4012 1779 4110 impedimentum
1795 4017 1838 4113 ιβ
1850 4039 1926 4112 per-

348 4112 413 4210 'ege
426 4109 615 4209 prohibitis
636 4109 727 4183 nulla
749 4108 954 4207 dispensatio
981 4109 1089 4183 lacurn
1110 4121 1258 4206 petunm.
1318 4116 1483 4205 Quamvis
1506 4136 1589 4204 ergo
1615 4116 1750 4183 maritus
1773 4136 1927 4202 tempore

348 4224 387 4287 et.
421 4236 452 4283 c.
477 4215 601 4284 [iteras
618 4233 700 4283 extr.
727 4213 770 4281 de
797 4214 935 4283 restitut.
957 4205 1088 4297 spoliat.
1113 4212 1312 4282 intermedio
1331 4220 1511 4301 conjngem
1532 4237 1573 4280 ex
1591 4209 1653 4282 alia
1667 4208 1791 4281 familia
1812 4215 1926 4283 oriun-

347 4315 379 4383 io
409 4314 534 4401 pendet
561 4336 601 4382 ex
633 4335 700 4392 co,
733 4311 821 4395 quod
854 4308 998 4401 inferior
1021 4332 1088 4381 non
1112 4312 1190 4379 dam
1213 4308 1386 4395 habuerit,
1410 4334 1448 4379 ea
1467 4310 1854 4379 tamenimmo&tertia
1870 4307 1925 4381 rel
1988 4325 1992 4331 '

348 4413 381 4581 »β
413 4408 524 4482 tallere
561 4410 666 4502 legem
686 4404 897 4502 superioris,
931 4410 1087 4495 quodque
1112 4428 1229 4493 quarta
1245 4403 1480 4496 defuncta-ipsi
1503 4429 1570 4476 non
1589 4407 1802 4490 conceditur,
1825 4417 1866 4477 'ut
1882 4408 1924 4480 ad
2040 4420 2045 4464 '-

365 4535 445 4603 eges
464 4504 525 4580 fint
544 4512 625 4598 juris
640 4533 707 4578 non
728 4505 864 4579 sorensis
880 4533 917 4577 ac
935 4508 1087 4585 levitici,
1112 4508 1229 4593 primae
1243 4500 1499 4593 consanguineas
1518 4506 1651 4583 redeat,
1676 4527 1774 4590 atque
1797 4530 1837 4577 ex
1858 4504 1923 4580 illis

348 4606 482 4682 moralis
496 4617 530 4680 δι
546 4610 725 4697 perpetui,
751 4630 786 4676 ut
807 4605 907 4694 paulo
930 4608 1004 4694 potr
1028 4608 1083 4676 de·
1112 4600 1261 4691 sponsam
1279 4602 1338 4675 sibi
1356 4602 1493 4694 deligat.
1533 4599 1684 4685 XXlV.)
1701 4600 1744 4674 In
1758 4603 1923 4702 adfinita-

348 4704 526 4780 sstcabitur.
575 4705 694 4798 XlX.)
717 4702 760 4778 Iu
781 4704 948 4800 gradihus
967 4706 1087 4776 diuina
1113 4713 1142 4774 te
1154 4700 1315 4798 perinde,
1340 4712 1378 4773 nt
1398 4704 1434 4774 in
1452 4697 1746 4806 capsanguiuitate
1766 4703 1856 4777 nilis
1868 4705 1922 4777 irs·

348 4837 349 4849 ¹
378 4802 566 4903 prohibitis
588 4805 840 4878 matrimonium
874 4802 915 4876 ii
932 4802 1088 4901 prohibe·
1112 4806 1224 4903 teres,
1244 4805 1313 4900 fiae
1333 4827 1377 4873 ex
1398 4825 1463 4873 una
1484 4810 1638 4884 tautum,
1662 4802 1734 4897 stue
1760 4825 1804 4875 est
1828 4814 1922 4878 utra·

357 4904 645 4985 contrahendum,
683 4900 723 4975 ii
748 4905 924 4978 dirimitur
956 4916 1090 4977 cantra·
1112 4927 1171 4998 que
1202 4912 1338 4996 parente
1364 4903 1461 4995 origo
1491 4899 1704 4993 cogitationis
1731 4900 1918 4996 descendat.

348 5031 388 5087 n,-
414 5008 584 5086 retiarii,
610 5007 685 5091 quia
705 5003 784 5077 tales
806 5007 930 5091 nuptiae
947 4999 1019 5075 sunt
1039 5007 1088 5075 in·
1112 5005 1163 5074 Sic
1183 5026 1283 5071 nenio
1298 5002 1407 5086 potest
1421 5005 1541 5070 ducere
1557 4999 1845 5091 prioris-conjugis
1858 4998 1921 5073 suae

348 5131 425 5180 eac
441 5102 596 5192 nefarie,
619 5105 687 5183 alia
703 5128 783 5180 vero
806 5106 890 5180 tatio
908 5106 954 5177 cll
974 5104 1089 5178 matti-
1112 5096 1389 5190 consanguineam
1418 5098 1632 5190 proximam,
1668 5100 1819 5190 quamuis
1840 5098 1923 5170 alre.
2022 5117 2025 5122 ’

1162 5204 1292 5272 Mms
1846 5220 1926 5272 rum
