4884 5984
537 576 539 582 .
641 516 714 593 uu
762 516 833 599 sur
882 511 1157 624 utvourtvn
1207 512 1263 586 tu
1315 513 1431 589 uov.
1480 514 1601 614 rust,
1807 490 1833 631 ᾗ
1876 537 1948 623 14,

356 727 384 778 ut
403 706 546 782 crudelis
563 710 609 781 cst
632 717 665 783 δι
685 713 833 801 iniquus,
861 714 918 802 qui
936 712 1055 782 castum
1069 708 1123 782 oi:
1142 704 1232 778 tione
1251 706 1460 781 matrimonii
1477 704 1535 791 iux
1551 706 1712 803 precepit
1728 719 1865 803 propter
1880 702 1953 786 een'
2127 792 2131 799 Ι

356 807 470 886 mittit,
500 806 543 878 tic
565 805 676 879 iutuut
697 820 731 882 δι
751 812 903 892 iniustus,
935 810 991 895 qui
1011 833 1118 881 mere·
1141 804 1213 887 dem
1237 801 1448 888 Iudaeorum,
1481 828 1541 900 rgo
1563 809 1609 876 od
1625 806 1825 976 perpetiiora
1849 833 1943 882 exer·
2073 818 2075 829 ’

356 907 464 974 ricem
487 907 628 988 retinet,
663 932 738 977 ιιιιιι
762 930 921 996 patrunus
940 907 1117 995 turpitudi·
1140 925 1214 975 cens
1231 903 1422 985 auditores,
1455 905 1626 1000 repudium
1650 928 1671 976 o
1686 906 1768 1000 spur
1789 909 1943 979 rotiana-
2009 929 2012 937 ’

356 1002 401 1070 uie·
419 1003 500 1073 eius.
514 1006 584 1084 est,
601 1005 677 1090 equi
698 1005 825 1076 crimen
851 1008 936 1078 celet
963 1007 1116 1087 uxorin„
1140 999 1206 1072 bili
1224 1000 1326 1098 causa
1338 1002 1517 1099 prohibeo,
1545 1003 1676 1077 manilii
1696 1008 1869 1077 contrario
1882 1005 1942 1077 do·

356 1119 421 1166 ttuu
441 1102 564 1187 repetit
584 1097 673 1172 suum
695 1107 942 1195 exceptionem,
976 1105 1050 1183 „de
1066 1105 1117 1174 di·
1139 1122 1232 1180 cens,
1256 1097 1313 1189 sed
1330 1101 1440 1197 magis
1457 1101 1662 1175 uoluntatem
1675 1102 1745 1177 eius
1755 1105 1939 1201 perficiens.

356 1192 495 1284 niflioue
521 1220 650 1273 tuntum
672 1205 782 1284 quoad
808 1201 943 1274 thorum
962 1196 1026 1270 eise
1048 1194 1113 1271 set·
1144 1195 1230 1295 ιο.)
1252 1195 1509 1285 Chromatiutn,
1548 1198 1789 1288 Aquileienscm
1811 1199 1939 1292 episco-

356 1317 532 1398 ttonemt„
564 1320 624 1367 nos
644 1298 747 1386 igitur
767 1302 949 1386 repetimus
969 1298 1112 1370 nostrum
1136 1318 1242 1381 pum,
1277 1301 1312 1368 in
1338 1318 1516 1370 comment.
1545 1299 1667 1370 Muttb.
1684 1306 1724 1371 V.
1747 1352 1753 1358 -
1777 1297 1938 1396 Excepta

356 1390 573 1477 munionem,
597 1420 695 1481 quern
713 1419 751 1464 ex
775 1395 884 1466 uerbis
904 1391 1111 1484 sequentibus
1139 1389 1240 1489 causo
1252 1393 1498 1488 fornicationis
1522 1393 1633 1468 dicens
1651 1420 1789 1469 uxorem
1804 1421 1870 1471 non
1893 1400 1939 1473 ii·

356 1492 598 1583 monstremur„
623 1490 666 1562 fic
687 1495 776 1563 enim
799 1517 895 1565 eutor
916 1494 973 1567 iile
995 1496 1109 1565 uddit:
1133 1513 1202 1563 cere
1216 1492 1364 1577 dimitti,
1384 1514 1495 1590 operte
1509 1489 1729 1592 demonstrat,
1743 1518 1841 1590 quam
1853 1520 1937 1591 gra·

357 1589 525 1660 miratores
540 1614 624 1679 ergo
639 1589 797 1661 debemus
811 1589 873 1664 rss'e
887 1595 973 1678 Dei,
998 1611 1036 1664 ut
1051 1589 1109 1664 fic·
1133 1610 1173 1660 ue
1191 1592 1284 1688 apud
1300 1588 1409 1664 Deum
1431 1591 1661 1664 damnationis
1684 1594 1809 1666 crimen
1826 1596 1937 1669 inetur·

356 1706 376 1755 ιι
397 1684 454 1758 ille
468 1688 539 1777 ugit
553 1712 631 1758 cum
642 1687 802 1772 ecclesie,
837 1688 881 1761 iic
896 1715 955 1761 not
972 1677 1108 1781 egeuiuc
1133 1700 1232 1778 rant,
1265 1691 1324 1784 qui
1342 1715 1403 1785 per
1421 1687 1617 1784 effrenatam
1640 1687 1797 1764 libidinis
1815 1693 1935 1768 uolun-

359 1808 417 1857 ιιιιι
441 1787 603 1874 coniuge:
635 1784 692 1857 illc
715 1788 804 1858 cuim
823 1813 991 1878 nunquam
1010 1790 1107 1860 dere·
1131 1795 1235 1859 turen
1258 1786 1377 1884 absque
1392 1788 1644 1880 ¹fornicationis
1668 1788 1769 1885 eausa
1793 1791 1933 1889 dimiffls

356 1904 488 1968 nquet,
521 1881 580 1954 niu
599 1887 642 1954 ud
669 1883 889 1974 gentilitatem
915 1897 949 1958 ae
969 1885 1105 1957 iuterefin
1129 1883 1295 1957 uxoribus
1315 1888 1350 1959 in
1369 1887 1443 1959 alia
1460 1885 1579 1960 uolunt
1597 1887 1736 1982 transtro
1754 1889 1928 1983 coniugio,

359 1979 526 2054 otunneie
537 1979 717 2061 tinnierit:
734 1981 818 2061 fic&
830 1986 880 2055 uir
893 1987 1102 2056 meretricem
1120 1978 1186 2077 sed
1196 1985 1283 2079 ficut
1300 2009 1437 2058 uxorem
1455 1987 1537 2082 caste
1550 2007 1590 2055 ac
1602 1983 1682 2078 puri
1698 1988 1861 2058 uiuentem
1877 1988 1931 2060 di«
1964 2042 1969 2054 ,

357 2079 469 2149 uidem
485 2080 649 2161 dimittet,
674 2080 752 2150 clius
771 2103 880 2153 nutem
897 2081 983 2154 mule
998 2082 1103 2153 mori·
1127 2081 1258 2153 mittere
1272 2081 1337 2174 sus
1354 2107 1419 2154 non
1440 2106 1455 2152 e
1490 2131 1500 2161 ,
1527 2084 1577 2153 ita
1594 2106 1716 2177 quoque
1738 2084 1929 2159 adulteram

356 2198 480 2247 erutum
497 2179 631 2267 castiget
648 2185 685 2255 be
698 2182 868 2259 emendet:
882 2228 904 2264 „
927 2178 1103 2267 exquibus
1126 2178 1295 2251 dimittere
1313 2086 1501 2278 permistim
1517 2183 1583 2279 est,
1616 2183 1694 2274 puio
1716 2179 1790 2276 ipso
1798 2179 1838 2275 se
1857 2206 1928 2255 ma·
1978 2258 1983 2266 ,
2012 2244 2016 2253 .

356 2278 492 2344 :modo
522 2274 772 2346 concludimus:
816 2280 907 2348 Deus
932 2275 1101 2350 ecclefinn
1126 2278 1190 2349 riti
1202 2273 1368 2371 consortio
1380 2279 1470 2372 fecit
1488 2278 1683 2369 indignam,
1705 2280 1832 2372 quain
1851 2302 1926 2355 cor·
1993 2355 1995 2358 ,
2125 2352 2129 2357 .

357 2370 448 2442 nsum
469 2371 751 2468 udxgentiiitutem
769 2384 803 2447 δι
826 2373 962 2447 haerestn
983 2374 1100 2446 volun*
1121 2398 1185 2471 pus
1201 2372 1300 2468 suum
1319 2377 1486 2472 peccando
1509 2372 1580 2449 Dei
1596 2375 1753 2473 ternplum
1775 2375 1860 2470 ausa
1876 2382 1921 2475 est

357 2493 380 2538 e
408 2466 630 2542 transeuntem
658 2494 697 2543 cu
721 2475 848 2565 cutione
873 2475 1029 2561 dimittit,
1062 2494 1099 2543 ut
1122 2471 1267 2547 uiolare..
1315 2477 1422 2546 Sirtus
1451 2475 1592 2545 recurrit
1617 2479 1658 2546 ud
1681 2481 1836 2547 eumdem
1859 2476 1926 2560 cln-

362 2564 430 2637 clio
459 2567 586 2657 populo
610 2567 780 2641 ecclesium
801 2568 862 2640 ubi
888 2572 922 2640 in
950 2564 1097 2660 sponsum
1121 2595 1241 2658 peum,
1268 2567 1328 2644 sub
1350 2596 1415 2659 quo
1431 2570 1491 2642 fibi
1509 2573 1639 2657 putavit
1654 2572 1788 2660 aliquod
1805 2572 1924 2646 latibu.

356 2687 410 2752 tut.
469 2671 557 2756 Ergo
577 2667 713 2736 meritus
738 2670 784 2737 itu
803 2669 910 2754 potest
929 2671 1097 2740 dimittere
1121 2667 1208 2752 lum,
1236 2669 1390 2743 videlicet
1404 2673 1447 2741 dc
1461 2663 1644 2739 dimiffioue
1658 2673 1763 2755 quoad
1778 2668 1923 2751 thorum,
2063 2676 2078 2709 ‘

356 2762 702 2853 ingeneratum,
728 2785 766 2836 ut
787 2769 885 2836 ducet
900 2765 1009 2838 ulium.
1046 2770 1097 2855 ι.)
1120 2788 1188 2835 nou
1209 2787 1319 2839 tutem
1342 2769 1449 2853 quaed
1474 2764 1643 2836 uinculum
1663 2764 1733 2836 hoec
1757 2762 1820 2838 ess'e
1838 2769 1924 2838 ecci.

357 2859 541 2955 thymium,
566 2855 791 2943 chrysostomi
807 2859 1094 2945 adbreviutorem,
1118 2862 1259 2949 piendut
1280 2885 1385 2935 utres
1409 2860 1478 2950 ipsu
1498 2864 1651 2941 testatur,
1676 2862 1795 2933 denti
1810 2859 1920 2935 dimis-

373 2961 409 3031 iu
428 2960 550 3033 Mutth.
566 2966 607 3029 V.
633 2954 676 3028 suc
692 2981 955 3033 commentetur:
988 2965 1095 3042 „Mo-
1118 2956 1207 3029 fionc
1224 2952 1408 3032 sermonem
1423 2954 1506 3035 etse,
1532 2982 1572 3029 ex
1590 2958 1763 3047 quatient
1779 2962 1814 3029 in
1830 2961 1921 3035 uliud

356 3083 369 3129 ι
388 3053 574 3131 intutum
593 3053 744 3130 libellum
766 3061 915 3144 repudii,
942 3085 985 3133 uc
1005 3059 1089 3148 posi·
1117 3052 1253 3129 munstre
1273 3059 1488 3143 coniugium,
1520 3058 1553 3126 id
1576 3059 1664 3127 cuim
1680 3055 1846 3147 oppofitio
1866 3083 1920 3130 rc·

356 3154 477 3228 .ulteri
496 3161 562 3227 ium
588 3174 726 3243 nuptum
754 3156 828 3228 viro
852 3153 957 3242 posset
983 3151 1093 3227 rursus
1118 3155 1230 3241 quirit.
1288 3162 1358 3241 ιι.)
1374 3150 1627 3232 iiteodoretum,
1647 3157 1705 3244 qui
1719 3152 1794 3225 libr.
1805 3162 1862 3227 lx.
1877 3161 1924 3230 de'

356 3251 595 3342 inuehentem,
626 3253 715 3340 quufi
738 3255 930 3347 proprium,
961 3262 996 3326 be
1016 3253 1093 3322 binc
1111 3275 1186 3322 cur.
1206 3257 1351 3350 Graeror.
1369 3250 1544 3322 udfestion.
1567 3272 1648 3322 tom.
1661 3277 1693 3321 2.
1713 3275 1799 3338 pugo
1816 3275 1919 3327 1120.

356 3353 490 3423 tuentur
505 3350 708 3423 turbationes
723 3376 760 3421 uc
778 3346 967 3430 seditiones;
991 3351 1092 3422 Chri·
1117 3346 1159 3418 tie
1180 3344 1315 3418 scribit:
1357 3346 1525 3419 Humonae
1543 3358 1672 3418 naturae
1693 3347 1829 3440 opifex,
1860 3351 1918 3440 qut

356 3474 388 3519 ιι
418 3474 497 3520 vcro
520 3446 794 3541 mansuetiuceoe
815 3449 1004 3529 instituent,
1041 3449 1092 3516 iu·
1116 3466 1189 3514 eom
1202 3440 1270 3539 ipse
1286 3444 1437 3539 effinxit,
1462 3467 1620 3537 unumque
1633 3442 1676 3514 ab
1692 3445 1792 3516 initio
1808 3445 1921 3516 virum

356 3570 395 3628 ιι,
420 3571 463 3618 ne
480 3569 615 3617 uxorem
629 3540 822 3634 repudient,
847 3543 905 3616 nist
920 3541 1013 3616 ceusu
1028 3547 1093 3615 stu·
1117 3541 1346 3638 mulieremque
1363 3566 1463 3615 unam
1481 3540 1685 3638 plasmavit,
1720 3540 1781 3613 tus
1800 3538 1917 3638 diffini,
1996 3581 2001 3585 ·
2052 3587 2069 3609 ι

356 3651 393 3728 ι’,
417 3646 565 3730 stuprum
581 3664 692 3715 nutem
709 3664 804 3715 vocat
816 3636 875 3714 ¹hic
891 3645 1092 3714 adulterium
1116 3641 1152 3711 oi
1168 3642 1304 3734 nuptias
1322 3644 1436 3713 vetuit.
1496 3639 1607 3714 Vnam
1625 3663 1702 3713 otro
1717 3641 1841 3734 copula
1854 3639 1914 3714 tu·

357 3768 421 3824 c.,‚
469 3745 576 3812 Sixtus
597 3743 715 3812 eodem
740 3744 840 3812 modo
861 3743 1004 3830 excipit,
1032 3764 1091 3810 uos
1116 3738 1169 3810 ius
1187 3733 1401 3834 diffitloendae
1419 3740 1616 3835 oeeafionem
1633 3736 1826 3833 proposuit,
1849 3761 1920 3833 qua

356 3843 513 3912 neodem
535 3841 635 3908 medo
649 3833 906 3925 respondemus,
931 3842 1021 3925 quod
1042 3838 1091 3907 di·
1111 3838 1247 3930 penitus
1271 3835 1437 3932 nuptialis
1463 3836 1697 3934 distraheretur
1719 3838 1919 3912 coniuniiio.

356 3941 435 4009 tium
452 3935 563 4032 quood
582 3935 714 4008 titorum
728 3956 856 4021 tuntum
873 3956 1001 4025 pugnet
1015 3944 1091 4003 cum
1115 3930 1234 4028 Inquit
1252 3935 1359 4006 enim:
1396 3938 1516 4011 Omnis
1538 3936 1594 4021 qui
1619 3936 1755 4004 dimittit
1778 3959 1918 4007 uxorem

356 4039 399 4106 uis
426 4028 622 4123 scripture,
659 4058 736 4105 cum
764 4030 925 4122 exemplis
948 4029 1090 4103 ecclefiae
1115 4025 1230 4116 suum,
1265 4054 1402 4127 exceptu
1429 4029 1653 4102 fornicationis
1682 4029 1815 4112 ceusu,
1838 4029 1916 4103 fucit

357 4132 491 4213 eluite,
517 4142 552 4205 de
568 4158 645 4203 cum
662 4137 752 4203 ιεᾶι
771 4134 917 4210 ratione,
941 4149 978 4198 ut
994 4125 1088 4214 supe·
1114 4129 1396 4211 eammoechrui,
1436 4138 1470 4202 &
1493 4134 1548 4215 qui
1575 4124 1733 4198 dimissum
1757 4131 1916 4214 duxerit,

367 4235 528 4303 eudimus.
560 4237 611 4321 9.)
628 4226 905 4325 neophytarum
919 4229 953 4296 in
968 4223 1089 4297 Mutth.
1113 4221 1288 4300 adulteret.
1345 4219 1474 4323 Quibus
1478 4224 1683 4320 saneurrbis
1695 4238 1812 4301 cetero
1824 4251 1921 4300 uxoe

356 4332 466 4410 „Non
485 4323 580 4399 solvit
600 4329 751 4401 Christus
763 4324 920 4408 mosaice,
942 4320 996 4395 sed
1016 4324 1088 4394 c'or·
1113 4322 1164 4394 ris
1181 4324 1270 4395 uitia
1291 4345 1383 4417 aequo
1401 4325 1515 4395 animo
1531 4322 1623 4417 ferri
1644 4320 1754 4406 iubet,
1781 4322 1842 4420 seu
1864 4326 1917 4397 io·

356 4431 402 4518 git
430 4448 598 4499 exterrent
621 4429 757 4503 uirum,
794 4445 830 4494 ut
857 4447 899 4493 ne
922 4420 1090 4516 ὀλίγως,
1114 4442 1207 4514 quau
1224 4422 1264 4509 fit
1282 4419 1364 4508 iiia,
1382 4419 1443 4516 seu
1463 4422 1660 4506 temulento,
1676 4419 1736 4516 seu
1751 4425 1918 4495 conuitio-

357 4525 438 4611 rsque
458 4518 569 4609 cause,
599 4526 676 4594 odio
694 4519 813 4592 habeut
831 4545 985 4596 uxorem,
1012 4543 1088 4598 ιιιιιι
1105 4516 1161 4612 sa.
1208 4516 1275 4592 Sin
1302 4543 1380 4592 vero
1400 4521 1592 4614 nuptiarum
1613 4519 1701 4613 iuges
1722 4523 1912 4616 tranfiiiat,
1997 4522 2004 4539 '

356 4617 522 4718 inminere,
541 4623 621 4691 iustu
636 4624 676 4692 de
689 4614 800 4696 ceusu,
823 4611 981 4688 dimiserit
997 4639 1088 4694 eum,
1114 4617 1149 4690 in
1172 4617 1341 4712 aliumque
1360 4617 1469 4691 uirum
1485 4640 1616 4712 procax
1634 4619 1805 4703 intendat,
1831 4631 1917 4691 tunr
2030 4620 2039 4639 ‘

357 4745 439 4809 mpe
461 4719 703 4806 fornicantem,
738 4716 821 4786 nulli
842 4716 1089 4784 condemnatio·
1112 4713 1249 4810 denique
1276 4716 1428 4811 copniom
1462 4714 1551 4806 solui
1576 4712 1676 4788 iubet.
1741 4722 1819 4802 ιι.)
1845 4722 1915 4790 De·

365 4820 412 4890 est
431 4816 611 4896 obnoxius,
632 4812 746 4904 quoru
760 4809 880 4900 ubique
898 4809 1087 4882 fornicatio·
1111 4816 1211 4901 nique
1227 4837 1358 4903 patrum
1372 4810 1461 4890 ctaffi
1474 4814 1708 4900 coniungimur
1720 4806 1913 4886 consensum

356 4910 501 4997 ιειιιΐι,
534 4914 855 4992 condemnetueett,
889 4911 980 4999 cogit
998 4909 1086 4980 enim
1111 4911 1249 5009 ecciestae
1273 4906 1420 4992 (itura,
1453 4937 1523 4999 quae
1549 4910 1657 4982 adhuc
1681 4909 1780 4984 hodie
1803 4908 1916 4983 nobis*

357 5040 390 5085 ιιι
408 5012 610 5096 muchart„
627 5054 633 5065 ·
651 5019 690 5081 ln
705 5013 784 5082 Luc.
799 5015 891 5081 XVI.
917 5004 1086 5080 Christum
1111 5030 1187 5081 cnm
1209 5015 1325 5090 docet,
1357 5010 1484 5081 licitum
1505 5008 1568 5080 'effe
1593 5031 1717 5097 novum
1739 5011 1915 5097 ,macrino-

356 5133 538 5208 uqueutem
559 5112 768 5190 introducit:
814 5103 905 5188 Ecce
929 5105 969 5181 de
987 5100 1087 5202 suiu-
1109 5110 1204 5282 uiu÷n
1226 5103 1315 5205 iustu
1336 5106 1381 5185 ub
1401 5103 1529 5207 crustu:
1549 5102 1775 5184 ineuntium
1797 5108 1913 5225 diroee

563 5264 565 5271 ·
1220 5225 1238 5299 3
1842 5223 1914 5297 ιιοι

1647 5294 1655 5339 i
