4884 5984
711 475 774 549 DE
823 474 1099 550 uoluuntur
1154 473 1471 558 SlMVL'l'ANEA.
1534 543 1536 548 .
1848 493 1921 568 217

266 663 414 759 plaetieie
440 670 602 756 iliullrea,
631 669 924 755 uo'llbrahamus,
948 675 1088 757 David,
1111 669 1512 765 foropoiicommiffum,
1535 695 1598 749 nec
1613 695 1677 765 per
1692 673 1927 766 prenitenticm

261 773 339 841 dre.
349 789 437 854 quos
452 769 537 863 legis
558 793 672 844 contra
690 772 915 866 polygamiam
935 771 1009 847 latae
1029 800 1086 864 pe·
1111 775 1275 848 deletum:
1303 768 1495 863 sequeretur
1507 776 1657 864 quadam
1672 797 1825 865 peccata,
1851 799 1924 865 que

269 867 360 940 nitur
373 867 510 958 ignaros
524 865 618 942 fuisse
630 874 770 963 cogitari
784 876 839 946 vix
851 874 972 963 poteli.
1013 877 1088 947 Nee
1110 897 1223 946 coram
1238 878 1314 947 Deo
1328 897 1408 948 vere
1426 871 1523 955 talia,
1550 898 1618 946 non
1635 871 1728 949 fuiffe
1744 898 1763 947 ι
1778 873 1926 968 prophe·

270 967 366 1058 priua
376 972 556 1043 commode
570 965 742 1046 adseritur.
790 971 852 1070 (a)
865 975 900 1046 Si
918 974 1009 1046 enim
1027 969 1088 1046 sci-
1111 974 1153 1045 tis
1172 966 1391 1063 reprehensa,
1413 976 1494 1061 quin
1511 983 1546 1050 δι
1562 975 1792 1056 menducium,
1818 974 1927 1048 ebrie·

271 1083 398 1137 rerunt
417 1068 642 1162 polygamiam
661 1068 726 1143 else
753 1093 951 1160 peccatum,
979 1096 1018 1143 ac
1037 1074 1087 1144 ni·
1111 1093 1234 1152 tatem,
1268 1066 1688 1163 subbati‘profanrtionem
1714 1094 1815 1164 atque
1841 1070 1926 1153 alic,

271 1161 457 1244 nilominut
468 1172 499 1242 ei
514 1166 736 1256 indulserunt,
755 1166 957 1260 consequens
966 1167 1087 1252 fuerit,
1110 1196 1183 1262 que
1196 1169 1344 1243 civiliter
1359 1195 1426 1243 non
1439 1174 1644 1261 puniuntur,
1665 1196 1684 1245 ι
1701 1177 1778 1248 Deo
1794 1179 1831 1247 &
1844 1169 1927 1246 oliin

271 1266 366 1352 quod
387 1291 430 1341 ex
443 1268 615 1364 proposito
634 1280 671 1344 dc
687 1270 844 1343 destinata
865 1270 990 1343 malitia
1007 1295 1089 1361 pec·
1111 1272 1346 1345 &etiamnum
1367 1267 1432 1345 esse
1450 1268 1615 1361 permissa.
1663 1277 1716 1362 6.)
1734 1267 1929 1346 absurdum

273 1367 445 1450 uverint,
464 1393 504 1442 ac
516 1372 658 1460 proinde
670 1372 706 1442 in
718 1392 855 1459 peccato
866 1367 999 1443 mortali
1010 1393 1086 1459 per·
1109 1371 1244 1441 ridetur
1272 1371 1440 1452 lietuere,
1482 1372 1574 1461 quod
1602 1367 1837 1454 Abrahnmut,
1875 1371 1930 1443 vir

272 1484 381 1553 petum
401 1467 561 1556 vixerint,
586 1493 648 1542 nec
663 1473 739 1541 Deo
755 1468 889 1560 placere
902 1471 1084 1560 potuerint.
1111 1463 1328 1543 smuiffimus
1342 1492 1382 1541 ae
1394 1465 1727 1560 pereussantiitotia,
1749 1465 1930 1564 rproplre·

270 1561 340 1656 (β)
357 1565 543 1641 Ubi-nulio
563 1569 693 1660 peccati
707 1565 933 1660 displicentia,
958 1566 1007 1640 ibi
1021 1592 1090 1643 non
1114 1569 1156 1640 tir
1172 1577 1208 1642 dc
1226 1565 1362 1663 Cluilio
1374 1563 1446 1658 ipso
1461 1593 1631 1659 nunquam
1646 1567 1713 1645 fine
1725 1568 1854 1645 honore
1867 1589 1930 1642 uo-

272 1665 384 1751 poten
399 1669 493 1740 llrtui
514 1669 819 1761 vera-punitentia.
873 1672 919 1741 At
935 1669 969 1739 in
987 1668 1091 1759 patri·
1114 1668 1283 1747 aritretus,
1313 1675 1385 1742 &r
1409 1669 1532 1756 justitia
1555 1678 1591 1746 t<
1613 1664 1782 1744 smdiute
1803 1667 1930 1759 ubique

273 1757 339 1835 buc
361 1764 507 1840 nonfuit
521 1766 719 1860 polygamiae
732 1765 958 1859 displicentia,
983 1789 1091 1856 neque
1114 1766 1384 1847 commendatur,
1401 1763 1456 1840 rel
1471 1768 1681 1860 ignoraverit
1703 1767 1929 1863 polygrmiaur

275 1867 368 1936 enirn
386 1863 582 1957 abjecerunt
601 1864 850 1958 superinductae
870 1891 1008 1954 uxores,
1035 1863 1090 1940 sed
1114 1861 1360 1954 effepeccatum
1368 1869 1515 1957 conjugii
1523 1869 1929 1961 inllitutionirepugnans,

275 1961 434 2040 adfinem
449 1968 639 2053 moueritae
654 1966 719 2039 illis
730 1965 971 2041 cohabitarent
1000 1969 1091 2059 Ergo
1115 1963 1171 2039 vel
1182 1958 1344 2045 scienter,
1360 1973 1396 2039 dr
1408 1987 1450 2037 ex
1461 1963 1635 2058 proposito
1647 1987 1821 2057 peccorum
1839 1988 1932 2039 mor·

275 2085 340 2136 trec
356 2083 475 2140 veram·
485 2069 529 2137 de
544 2063 608 2139 boe
621 2087 759 2156 peceato
770 2087 914 2159 egerunt
924 2065 1092 2159 preniten-
1115 2061 1181 2138 tale
1197 2059 1410 2136 commiserit
1465 2067 1522 2159 7.)
1538 2063 1611 2139 Nisr
1632 2061 1830 2155 dispensetio
1850 2087 1932 2138 eon·

277 2161 378 2248 uem,
400 2173 436 2242 dr
450 2160 743 2270 per'consequens,
769 2170 803 2240 in
820 2184 1093 2256 peccatomorte·
1117 2166 1273 2248 ceditur,
1303 2163 1481 2237 dicendum
1505 2167 1592 2252 erit,
1623 2165 1771 2257 plurima
1795 2185 1932 2257 patrona
2058 2241 2060 2246 ,

275 2261 301 2336 li
324 2267 369 2340 ad
385 2286 572 2339 extremum
590 2291 694 2356 usque
710 2269 786 2341 vitre
801 2262 952 2354 spirirum
976 2286 1094 2337 eontu-
1117 2260 1275 2351 conjugia
1293 2256 1387 2333 fuisse
1401 2260 1603 2361 illegitima,
1627 2260 1833 2338 secunderiar
1850 2285 1933 2335 uxo·

279 2365 420 2443 moriter
439 2359 706 2458 perseverarunt.
764 2374 818 2464 (γ)
836 2369 890 2438 Ut
909 2365 1095 2456 ignorantia
1118 2385 1173 2434 res
1186 2354 1283 2433 foisse
1307 2352 1434 2444 scorta,
1465 2362 1587 2438 liberor
1606 2386 1647 2435 ex
1674 2362 1740 2434 illis
1765 2357 1931 2452 susceptor

278 2466 362 2561 ioris
375 2487 445 2537 nun
462 2459 617 2545 excusat,
640 2463 684 2536 srr
708 2468 796 2535 nuda
810 2465 926 2554 opinio
944 2487 1011 2535 non
1029 2461 1093 2535 tol·
1118 2457 1182 2533 effe
1198 2455 1337 2548 spurios,
1370 2467 1406 2531 ἀ
1421 2484 1463 2533 ex
1479 2460 1699 2535 fornicatione
1715 2483 1819 2533 mcor.
1851 2459 1930 2553 Joh.

278 2566 498 2646 dictationem
516 2565 644 2654 peccati
660 2562 820 2638 mortalis.
869 2565 974 2656 Quod
998 2561 1020 2632 sr
1041 2586 1095 2635 er.
1119 2564 1281 2642 Vlll.4r.
1335 2565 1380 2650 8.)
1405 2563 1842 2652 Urgenrurdiciapatruur.
1873 2564 1935 2651 Ju-

282 2693 326 2764 gn
338 2659 508 2738 sciverunt
524 2659 721 2753 patriarche
736 2664 847 2755 legem
864 2664 1033 2751 conjugii,
1056 2685 1095 2731 ac
1118 2660 1219 2730 {linus
1240 2657 1276 2726 in
1294 2656 1370 2727 dial.
1390 2658 1611 2749 rum'sryph.
1628 2663 1715 2732 circa
1737 2658 1837 2732 finem
1853 2681 1933 2750 pag.

231 2785 234 2814 ³
279 2763 495 2845 nihilominus
512 2763 736 2856 polygamiam
754 2761 821 2855 legi
840 2762 889 2832 isti
908 2785 1096 2853 repugnatr-
1121 2781 1202 2846 29¹.
1263 2749 1346 2825 Non
1369 2767 1528 2855 tunquam
1544 2759 1760 2853 fornicantes
1779 2758 1934 2857 patriar*

281 2889 347 2946 nm
378 2861 517 2938 fuerunt
537 2862 707 2953 amplexi,
749 2883 924 2951 peccatum
954 2857 1096 2932 mortale
1119 2853 1188 2929 csrae
1211 2850 1398 2929 stabnernnt
1415 2860 1532 2956 plures
1551 2881 1693 2944 uxores,
1717 2855 1782 2955 sed
1807 2878 1935 2932 acono·

281 2959 536 3043 commiserunt,
550 2958 675 3034 etiamsi
685 2962 815 3050 opinati
827 2958 968 3040 fuerint,
985 2958 1095 3054 legem
1120 2957 1190 3027 mia
1204 2952 1355 3050 qnaedum
1376 2955 1415 3030 sd
1427 2969 1524 3054 atque
1539 2957 1713 3061 disposttr'o
1725 2956 1813 3051 fuit.
1866 2962 1936 3030 Au·

282 3067 374 3142 illam
385 3087 455 3136 non
470 3057 588 3134 uiolari
601 3085 662 3151 per
673 3059 910 3149 polygamiam.
951 3060 1003 3155 5.)
1018 3064 1094 3131 Per·
1120 3057 1270 3148 gullinus
1281 3052 1357 3128 libr.
1367 3063 1425 3128 lll.
1439 3063 1481 3130 de
1493 3061 1636 3130 dotlrin.
1649 3058 1760 3132 chrisi.
1776 3081 1847 3148 cap.
1857 3063 1934 3130 xli.

282 3159 390 3240 miffio
402 3161 481 3243 illa,
506 3184 571 3248 qua
589 3165 681 3232 Deus
696 3158 846 3249 patribus
859 3157 1098 3256 volup-unirer
1122 3150 1333 3250 Sufficiendae
1345 3155 1459 3253 prosis
1472 3156 1573 3253 conso
1593 3168 1668 3230 erat
1688 3179 1834 3232 uxorum
1856 3153 1936 3253 pstr-

286 3265 409 3341 dieitur
430 3255 628 3351 permisisse,
656 3283 722 3333 non
741 3260 848 3349 potest
870 3254 933 3329 else
956 3261 1043 3329 nudo
1061 3263 1098 3330 dr
1120 3254 1209 3328 ciunt
1220 3252 1326 3352 fimas
1342 3255 1403 3328 nni
1419 3254 1734 3332 uiroiubrndornrn
1748 3254 1938 3353 inculpabi-

231 3419 245 3438 .
287 3359 428 3454 impla
448 3358 654 3439 tolerantia,
682 3357 760 3429 olias
779 3383 847 3430 non
865 3351 974 3426 fuisset
995 3357 1098 3446 patri·
1121 3348 1388 3447 sirconlnetrtdo.
1440 3353 1532 3430 libr.
1551 3363 1642 3429 xvi.
1669 3360 1711 3430 de
1733 3357 1825 3429 civit.
1859 3357 1936 3431 Dei.

231 3491 236 3498 ·
286 3461 346 3538 lor
364 3457 573 3534 alienatione
593 3456 787 3549 polygamia
802 3449 973 3547 permissa,
997 3479 1097 3544 quom
1122 3477 1197 3543 cap.
1219 3455 1410 3527 xxxvru.
1458 3449 1516 3527 Eo
1539 3466 1683 3550 tempore
1705 3452 1940 3552 multiplican-

284 3585 350 3653 (μ
372 3555 475 3633 hodie
495 3558 615 3631 Turris
634 3566 667 3631 de
685 3555 866 3649 gentilibus
888 3550 997 3625 adhuc
1021 3579 1099 3645 per·
1122 3550 1176 3626 ἄιε
1189 3552 1400 3651 posteritatis
1416 3551 1517 3650 cunfo
1534 3555 1658 3628 nrnitns
1679 3578 1803 3629 uxorer
1820 3551 1940 3629 natm

231 3713 238 3724 ι
284 3653 761 3747 odilie'necpocellexplicari
778 3678 842 3746 per
856 3653 1099 3750 non-irnpntn-
1123 3648 1214 3724 nuto
1233 3649 1293 3722 sex
1301 3649 1515 3750 prohibebat.
1533 3653 1606 3727 lib.
1624 3660 1699 3728 ΧΗ.
1720 3675 1836 3727 contre
1858 3660 1940 3726 Fau·

231 3769 236 3788 '
270 3761 431 3843 'tionem
466 3757 544 3846 quia
565 3750 673 3826 fuisset
695 3755 729 3824 in
752 3749 902 3844 patribus
924 3773 1099 3841 peccatum
1124 3755 1208 3822 sium
1229 3774 1302 3839 cap.
1313 3756 1449 3825 XlVll.
1500 3750 1647 3826 Peccata
1667 3753 1741 3826 asia
1753 3750 1839 3850 sunt
1860 3773 1941 3827 con·

286 3847 450 3942 mortale,
471 3860 589 3945 utpote
605 3851 705 3944 plena
726 3852 896 3925 voluntate
915 3862 948 3925 dt
967 3848 1100 3923 scientia
1125 3858 1370 3936 tronotnrnm,
1390 3848 1467 3925 osia
1479 3865 1598 3929 eontra
1612 3878 1753 3937 morem,
1775 3852 1849 3927 osio
1862 3877 1942 3927 con·

285 3949 521 4036 commissum,
543 3945 611 4041 iem
639 3976 721 4024 vero
738 3972 867 4044 pugnat
891 3973 968 4022 rum
989 3954 1101 4022 divina
1125 3961 1181 4025 tra
1191 3961 1406 4048 praeceptnm.
1457 3947 1500 4025 Si
1514 3965 1672 4028 naturam
1686 3950 1859 4051 confusos,
1876 3973 1944 4052 pn⁴

231 4083 237 4096 ·
287 4055 410 4148 institia
438 4069 614 4144 peceatum
647 4050 788 4124 mortale
813 4073 881 4123 non
917 4052 1101 4138 imputarir
1127 4062 1193 4123 tres
1208 4071 1276 4122 non
1303 4046 1523 4147 lasciuiendi,
1547 4051 1613 4151 sed
1634 4054 1820 4151 generandi
1840 4051 1943 4153 causa

231 4219 233 4224 .
287 4151 483 4248 sequeretur
505 4147 639 4240 insuper
665 4173 801 4239 peccaro
829 4146 991 4236 venialia,
1030 4175 1102 4239 qur
1124 4148 1282 4247 plurilus
1306 4150 1502 4225 mulieribus
1525 4151 1725 4235 clehantem
1743 4155 1777 4254 fi
1799 4177 1941 4241 morem,

231 4267 234 4308 i
288 4259 385 4330 Deua
404 4253 530 4324 renatis
546 4275 615 4321 non
638 4251 805 4339 imputat,
840 4249 955 4319 itidem
981 4243 1103 4337 specia-
1128 4249 1186 4323 illo
1208 4257 1370 4346 tempore,
1400 4245 1442 4323 θ’
1465 4251 1501 4322 in
1522 4251 1591 4326 illic
1619 4251 1703 4325 iocis
1720 4251 1783 4326 icoc
1795 4251 1944 4346 saisita·

231 4357 234 4394 ²
288 4353 368 4428 liter
382 4355 489 4426 aDeo
501 4351 668 4440 permitti,
690 4371 864 4437 peccatum
879 4345 1017 4418 mortale
1031 4346 1104 4417 obs·
1129 4348 1248 4428 butum
1267 4349 1301 4448 fi
1310 4361 1530 4445 praecrptnrn,
1553 4350 1646 4428 nulla
1662 4351 1734 4447 lege
1743 4349 1946 4449 prohibeba.

285 4449 601 4546 nne'poenitentia,
634 4473 705 4535 quar
733 4445 945 4536 inpartibus
968 4445 1008 4516 de
1037 4447 1103 4516 lroc
1129 4460 1195 4523 tur.
1247 4453 1356 4519 ldem:
1380 4444 1525 4546 Quando
1543 4464 1717 4539 mosernt,
1739 4451 1863 4525 crimen
1879 4475 1945 4526 non

288 4570 431 4648 peccato
449 4572 518 4621 non
532 4550 698 4632 occurrit,
728 4549 874 4631 remitti,
896 4569 934 4616 ae
952 4541 1024 4617 solis
1042 4547 1105 4634 piis
1129 4557 1218 4634 erat,
1251 4543 1291 4645 ss
1312 4570 1402 4620 nnnc
1420 4561 1599 4648 propterea
1626 4555 1749 4626 crimen
1770 4554 1832 4655 efl,
1866 4551 1948 4651 qnia

291 4661 327 4730 dr
342 4647 487 4728 nodia,
508 4671 575 4719 uon
596 4649 630 4717 in
646 4671 769 4739 genere
785 4643 939 4717 omnibus
954 4642 1107 4718 israelitis
1133 4673 1202 4722 mos
1220 4671 1286 4721 non
1297 4650 1350 4750 est.
1372 4651 1597 4737 Hieronymus
1608 4653 1642 4724 in
1656 4655 1751 4742 episi.
1763 4657 1803 4727 ad
1818 4656 1948 4729 Ocean.

289 4748 524 4846 polygamiam
552 4740 647 4819 nine
674 4742 882 4835 permissam,
908 4768 980 4830 quae
999 4747 1110 4817 omnia
1135 4746 1273 4824 Stirint
1291 4746 1458 4851 aposlolus
1482 4749 1554 4847 iege
1575 4748 1769 4851 conceffirm,
1792 4751 1948 4850 exemplo

290 4845 368 4926 sunt
383 4843 534 4920 absurda.
587 4850 661 4918 Nec
675 4847 781 4934 poresl
795 4839 963 4934 permissio
981 4844 1035 4915 illa
1049 4868 1110 4933 per
1130 4845 1408 4952 potrinrclrornm
1429 4872 1470 4921 nc
1489 4846 1600 4951 Mosts
1615 4851 1799 4948 familiare
1820 4850 1950 4950 populo

290 4948 512 5030 remotionem
537 4965 644 5041 pnnae
666 4944 821 5041 politico
851 4942 1030 5031 explicari,
1065 4940 1110 5015 se·
1136 4958 1278 5024 nornrnt
1290 4947 1325 5020 in
1340 4948 1457 5023 multis
1467 4948 1632 5026 uxoribus
1645 4951 1770 5030 liberos
1773 4947 1949 5050 sporgere.

289 5071 460 5154 queretur
482 5048 604 5126 enim,
637 5066 747 5132 patrer
772 5067 886 5114 omnes
909 5037 1002 5113 frrilse
1023 5067 1116 5114 cntra
1212 5057 1240 5141 ς,
1270 5050 1458 5122 ccxxw,
1488 5049 1551 5121 Alii
1579 5075 1695 5125 contr,

337 5173 415 5224 tum
435 5147 553 5240 gratie
568 5166 709 5236 propter
730 5166 904 5237 peccatum
920 5143 1063 5217 mortale
1084 5144 1119 5213 in
1142 5168 1270 5238 negant
1304 5143 1579 5240 dispensationem
1607 5154 1696 5225 cirea
1745 5117 1953 5206 R'stffl‘fim
2025 5226 2033 5234 1

335 5249 440 5330 tom.
459 5241 552 5321 XV.
1196 5250 1257 5322 Ee
1582 5248 1696 5358 legem
