4884 5984
599 489 611 504 ’
665 485 745 560 'nrt
793 489 861 560 srr
908 487 1185 567 ntvortrtvtt
1231 489 1283 561 nt
1332 491 1458 606 rtov..
1496 494 1657 572 rnsr..
1700 459 1705 494 ⁵
1908 518 1976 594 151
2114 485 2118 496 '

338 670 417 764 ..ie't
438 673 526 750 ti'fic
541 680 780 767 permaneret,
813 700 849 751 nt
869 673 1070 756 abstinentiae
1091 703 1147 751 aa·
1174 675 1405 759 Conciliomm
1433 681 1564 759 decreta
1582 691 1617 760 in
1640 689 1712 762 iure
1735 692 1894 767 canonico
1916 696 1974 767 od·

338 795 479 874 ferret,
508 771 563 850 sed
582 781 658 864 quia
682 777 746 849 hon
766 804 970 870 magnorum
991 781 1058 862 eii,
1090 774 1145 851 ille
1169 779 1312 867 probata
1335 792 1370 857 de
1389 781 1584 858 canonisata.
1636 790 1811 860 Gratianus
1830 791 1864 862 in
1886 788 1971 868 caus.

338 874 520 976 „quinon
539 878 665 964 poterit
685 872 716 949 se
737 880 935 976 continere,¹
956 874 1059 948 nubat
1074 898 1145 947 ma·
1168 884 1204 950 δι
1233 882 1343 966 quan.
1371 877 1485 953 iisdem
1511 886 1671 957 adducit:
1715 892 1769 975 1.)
1800 890 1973 964 decretum

338 972 443 1064 ‚gin
475 995 542 1044 non
564 992 675 1045 tamen
691 977 722 1046 ei
745 971 877 1045 substdii
896 999 995 1062 opem
1018 971 1143 1045 subtra-
1166 974 1299 1049 concilii
1322 975 1515 1052 Eliberlirri
1536 985 1734 1072 permittens
1760 987 1907 1069 marito,
1935 1009 1975 1060 ut

338 1065 442 1162 ,ltjam
472 1072 571 1159 quam
595 1068 769 1143 infirmitas
793 1075 975 1160 prepedit,
1003 1098 1070 1145 non
1093 1091 1142 1142 ta·
1165 1068 1293 1147 abie'dia
1313 1099 1415 1148 uxore
1427 1124 1441 1158 ,
1477 1096 1550 1172 qu‘ae
1579 1104 1656 1153 cum
1678 1078 1783 1155 fratre
1805 1086 1916 1156 mariti
1938 1082 1972 1160 se

338 1189 451 1255 ‚men
479 1167 678 1242 detestabilis
704 1168 1018 1256 culpaturum„
1068 1165 1141 1241 Ubi
1162 1166 1392 1258 commiscuit,
1430 1172 1567 1249 alterurn
1592 1179 1702 1251 dunat.
1724 1203 1755 1251 c.
1804 1176 1970 1276 Quaedam

338 1285 432 1346 tota,
457 1289 516 1336 nos
532 1289 738 1354 nequaquam
756 1268 841 1338 itanc
854 1271 992 1357 Georgii
1005 1266 1140 1339 decifin-
1167 1262 1237 1344 &n
1287 1278 1337 1355 2.)
1358 1275 1547 1346 Decretum
1566 1275 1698 1348 concilii
1726 1272 1992 1379 Triburiertsts,=

338 1381 416 1438 tent
443 1363 610 1458 probare,
645 1370 725 1451 quin
749 1369 860 1454 potius
882 1390 961 1438 cum
982 1371 1140 1436 Gratiano
1164 1365 1244 1447 rel,
1278 1391 1315 1440 ut
1337 1369 1393 1440 alii
1417 1366 1561 1463 legunt,
1607 1369 1820 1461 Tribuelirri,
1854 1380 1971 1451 itidem
2080 1377 2082 1382 ’

338 1462 498 1546 linimur,
523 1458 725 1560 illudsucris
745 1460 926 1535 canonibus
945 1486 1138 1557 oeeuonge·
1163 1467 1360 1553 permittens
1388 1468 1486 1551 viro,
1526 1471 1583 1558 qui
1611 1495 1788 1545 uxorema
1811 1476 1970 1567 privigno

338 1559 413 1634 ica
434 1554 479 1634 Θ
503 1560 691 1660 apostolice
716 1560 873 1636 ronrinae
893 1562 1028 1658 penius
1048 1563 1138 1635 irrve·
1162 1559 1382 1652 compressam
1402 1560 1588 1653 dimiserat,
1614 1592 1650 1639 ut
1670 1570 1808 1643 alteram
1828 1575 1985 1661 accipiat,

338 1656 611 1756 tiri-adversum,
638 1654 691 1731 sed
711 1660 794 1731 illud
814 1680 941 1732 tantum
957 1685 996 1760 ex
1013 1659 1137 1733 enrol-
1161 1664 1357 1754 coniugem,
1395 1686 1424 1736 c.
1461 1655 1506 1736 Si
1526 1663 1683 1760 quir&
1720 1670 1831 1741 Verba
1847 1671 1969 1743 utrius·

338 1761 461 1851 igere,
487 1761 582 1850 quod
607 1761 790 1849 Gregorius
815 1758 1028 1838 iudicaverit,
1058 1783 1136 1829 con·
1159 1781 1226 1846 que
1248 1762 1382 1832 canonis
1405 1769 1439 1840 ἀ
1462 1761 1652 1836 Bellarmini
1682 1763 1843 1838 elusiones
1866 1770 1970 1839 addu-

338 1855 417 1946 ngii
445 1853 613 1926 vinctiluna
643 1857 678 1926 in
700 1852 897 1943 quibusdam
927 1854 1050 1927 casibus
1072 1852 1135 1926 dii·
1160 1857 1265 1928 ximus
1280 1852 1438 1945 superius.
1476 1866 1524 1949 ι.)
1539 1866 1725 1935 Decretum
1739 1862 1871 1936 concilii
1883 1861 1978 1936 Mo-.
2062 1945 2064 1949 ,

338 1953 412 2038 alni
429 1937 542 2042 prist,
569 1956 613 2024 ita
637 1972 673 2022 ut
693 1954 779 2040 parti
797 1957 984 2030 innocenti,
1009 1976 1079 2040 quae
1101 1949 1133 2023 se
1184 1953 1362 2052 urriinerrsts
1375 1980 1403 2026 c.
1426 1952 1558 2050 Siquis
1576 1954 1646 2031 &m
1665 1962 1811 2032 eiusdem
1829 1951 1977 2034 omnino

338 2053 500 2138 ontinere
519 2053 653 2137 nequit,
675 2051 763 2123 aliud
788 2054 1034 2123 matrimonium
1055 2074 1132 2122 con·
1157 1980 1321 2123 {mentiz
1346 2049 1409 2125 effe
1433 2055 1701 2143 comptioribus
1728 2060 1837 2130 statuit
1858 2062 1966 2130 Sirtus

338 2147 465 2224 rubere
481 2146 526 2219 'fit
547 2147 686 2220 licitum.
757 2146 972 2220 Bellarminus
990 2146 1131 2239 exeipit,
1157 2148 1314 2224 Senensis.
1364 2148 1707 2239 inoperantem
1725 2155 1760 2223 in
1775 2157 1848 2228 iure
1864 2178 1964 2228 cano·

338 2243 478 2322 'offeres
493 2245 577 2318 liunt
598 2266 756 2317 cunonem
773 2245 956 2340 intelligere
973 2242 1014 2316 de
1028 2247 1130 2342 aegri·
1155 2247 1231 2317 nico
1244 2245 1435 2336 adprobata.
1450 2271 1481 2321 c.
1511 2245 1961 2340 meermannianam

338 2327 464 2423 arliae,
499 2365 571 2440 qreae
591 2343 702 2416 reddit
723 2343 891 2416 mulierem
914 2344 1060 2437 ineptum
1084 2340 1131 2414 ad
1155 2345 1270 2417 iisdem
1285 2345 1459 2432 adducitur
1479 2345 1823 2445 distunrAmbrostr',
1847 2351 1881 2420 in
1894 2373 1963 2438 qao

338 2441 539 2538 mingitur,
573 2437 614 2515 f!
635 2440 775 2539 proinde
788 2443 836 2539 fit
862 2442 1129 2537 impedimentum
1153 2442 1228 2511 viro
1259 2442 1466 2529 permittitur
1496 2447 1571 2535 poli
1599 2447 1781 2519 divortium
1813 2444 1965 2538 legitime

338 2541 492 2620 'erinnem
518 2540 721 2616 contradam
749 2540 1011 2613 matrimonium.
1069 2545 1129 2609 At·
1154 2536 1279 2609 fotium
1309 2537 1447 2612 alteram
1472 2542 1611 2616 ducere.
1679 2545 1786 2615 Sixtns
1815 2541 1963 2616 Seneniis

338 2638 559 2732 ¹rti'cliudeli
578 2637 792 2731 frigiditas&
809 2637 1015 2720 inhabilitas,
1039 2636 1128 2708 aliud
1153 2635 1352 2708 Tertulliani
1381 2644 1417 2710 de
1440 2636 1604 2712 Ambrosii
1637 2635 1833 2730 suffragium
1865 2639 1961 2711 nobis

338 2762 411 2816 cru
434 2735 623 2819 infirmitast
648 2740 808 2827 quidquid
826 2736 885 2824 sat,
912 2756 1023 2808 manet
1046 2738 1129 2806 inte·
1153 2732 1295 2822 largitur
1313 2758 1351 2805 ac
1370 2734 1489 2808 diserte
1503 2739 1613 2822 addit:
1648 2733 1775 2808 Ire-itur
1789 2732 1961 2832 sententia
2085 2779 2087 2781 v

338 2841 397 2914 im
421 2833 525 2916 illud,
554 2837 759 2928 Gregorium
780 2830 950 2913 iudicalie,
980 2834 1071 2921 quod
1094 2833 1129 2901 in
1148 2827 1299 2924 plerique
1316 2841 1461 2903 velerum
1474 2830 1578 2929 fuiffe
1597 2843 1774 2931 putantur.
1827 2837 1960 2908 Coras·

338 2930 563 3028 pandcmcalia
575 2931 746 3006 vinculum
757 2933 903 3024 coniugii
914 2927 1043 3005 diffolri
1055 2923 1130 3019 pns-
1152 2931 1264 3000 turias
1283 2927 1405 3000 multos
1426 2953 1618 3018 enumerat,
1644 2934 1702 3021 qui
1725 2932 1870 3004 nostram
1889 2956 1961 3005 am·
1993 2989 1996 3000 .

338 3033 381 3110 lt.
435 3031 528 3107 libr.
546 3035 607 3104 1v.
631 3034 674 3103 de
694 3035 793 3104 Rom.
816 3025 935 3118 pontif.
959 3052 1030 3117 cap.
1053 3033 1129 3100 Xll.
1151 3025 1342 3115 plectantur
1365 3022 1571 3103 sententiam.
1630 3027 1658 3101 I
1660 3027 1722 3117 V.)
1745 3025 1824 3103 Sera·
1847 3039 1958 3103 lorum

338 3129 741 3217 mnan-exceptionem
762 3126 977 3201 Bellarminus
990 3125 1374 3214 reperim-recentiorum
1394 3120 1583 3219 fitffrogiu.
1647 3126 1706 3224 r.)
1731 3054 1897 3223 Ernssrrus
1924 3130 1961 3202 in

338 3229 425 3325 nand
449 3224 571 3300 scilieet
593 3227 776 3319 Gregorius
800 3247 877 3318 agat
895 3248 963 3296 non
987 3225 1029 3296 de
1049 3247 1130 3311 qur·
1155 3223 1331 3296 adnotati
1354 3221 1475 3294 Martia.
1492 3229 1583 3294 ΧΙΧ.
1601 3230 1636 3295 de
1661 3228 1856 3300 mamilli.
1872 3224 1961 3296 mul·

338 3347 462 3415 neaque
487 3319 737 3404 imbecillitate,
783 3320 837 3396 sed
863 3321 1130 3417 deimpotmtio
1155 3321 1196 3391 tis
1216 3324 1422 3412 argumentis
1444 3316 1636 3405 confirmat,
1658 3343 1801 3411 propter
1816 3319 1961 3394 fornica·

338 3433 489 3523 metuo
513 3419 555 3496 ti
576 3420 750 3502 naturali,
786 3445 849 3513 per
870 3445 970 3509 quam
992 3421 1040 3492 eli
1058 3419 1129 3491 ine·
1155 3418 1281 3490 tionem
1296 3418 1397 3490 licere
1412 3420 1546 3507 coniugi
1561 3420 1732 3490 innocenti
1748 3420 1789 3489 ad
1803 3416 1880 3489 alias
1898 3441 1962 3490 nu·

338 3543 384 3612 aa
404 3523 450 3596 ad
467 3523 662 3612 coniugium
680 3518 812 3593 mulier.
875 3520 999 3591 videns
1018 3538 1130 3589 antem
1153 3518 1241 3605 ptics
1258 3511 1407 3588 munstre.
1425 3529 1427 3534 ·
1459 3519 1508 3603 a.)
1537 3510 1681 3590 Thamar
1703 3515 1743 3597 de
1770 3514 1839 3590 Vio
1862 3511 1962 3612 Cniey

338 3626 427 3696 ttius
443 3613 586 3707 responsa
602 3615 650 3689 sui
666 3616 911 3702 infirmitatem,
936 3616 1042 3687 statim
1058 3612 1132 3686 sub·
1158 3623 1259 3687 ianus
1269 3611 1443 3685 cardinalis
1455 3613 1489 3684 in
1499 3627 1624 3689 comm.
1634 3611 1756 3696 Martia,
1766 3620 1857 3689 xtx.
1872 3661 1896 3695 „
1907 3621 1961 3686 ln·

338 3719 419 3795 icit:
451 3711 521 3790 Sed
540 3725 657 3789 comm
675 3713 738 3786 lroe
751 3718 814 3812 esi,
836 3713 938 3810 quod·
948 3710 1135 3808 Gregorius
1158 3712 1305 3803 „telligo
1324 3734 1364 3783 ex
1387 3709 1449 3782 hac
1470 3713 1610 3783 Domini
1628 3708 1700 3784 lesu
1722 3710 1847 3785 Christi
1865 3712 1962 3805 lege,

338 3813 644 3904 'iditurirtdicurm
663 3808 923 3911 primumsuiste
936 3831 1132 3886 aerumma·
1158 3809 1318 3894 „licitum
1340 3803 1404 3880 elie
1423 3807 1611 3881 Christiano
1630 3810 1798 3880 dimittere
1823 3832 1962 3904 uxorem

338 3914 546 3995 simoniam,
573 3908 615 3987 Θ
628 3910 693 3983 riorr
708 3919 779 3983 lum
788 3908 1007 4007 solvendum,
1032 3929 1132 4004 quom
1156 3905 1231 3992 „nb
1251 3902 1503 3978 fornicationem
1526 3903 1690 3978 carnalem
1708 3902 1810 3994 ipsius
1833 3906 1962 3988 uxoris,
2033 3988 2038 3998 ¹

338 4017 359 4092 ι’
370 4011 560 4113 seeundum
570 4007 879 4107 strperaddmdrtm,
903 4005 1029 4105 scribit
1045 4005 1132 4079 enim
1159 4052 1182 4091 „
1193 4011 1230 4077 dt
1243 3999 1334 4094 poise
1350 4006 1472 4076 ducere
1487 4003 1583 4074 aliam
1599 4026 1759 4083 uxorem,
1778 3997 1865 4073 salva
1878 3996 1963 4074 sem·

338 4107 531 4188 tondehere
546 4111 658 4184 trierem
672 4132 695 4181 a
709 4110 823 4205 priore
837 4102 1134 4207 uxoresubfidium
1158 4123 1251 4191 „per
1278 4097 1420 4175 ecciesiae
1449 4098 1668 4179 definitione,
1705 4123 1778 4188 quae
1803 4097 1961 4172 nouenos

338 4209 485 4308 auferre,
510 4208 548 4281 id
568 4211 633 4309 esi,
652 4207 764 4282 debere
779 4230 852 4280 eom
871 4203 980 4279 adisse
994 4215 1034 4278 ati
1046 4228 1134 4277 uxo·
1159 4222 1257 4286 „non
1275 4203 1424 4288 adparet.
1477 4202 1566 4269 Nam
1582 4196 1764 4269 decretales
1784 4192 1961 4284 pontificiae
2098 4243 2100 4248 -

338 4337 403 4388 »em
421 4307 514 4384 alere
531 4304 782 4406 &freſsentum
812 4304 886 4379 ideo
905 4301 1009 4401 paffet
1032 4305 1133 4375 etium
1158 4301 1232 4378 „de
1253 4295 1314 4368 hac
1333 4296 1471 4368 materia
1499 4320 1566 4367 non
1587 4296 1661 4367 sunt
1687 4292 1863 4366 definitive
1886 4289 1965 4367 fidei
2092 4324 2094 4328 ’
2179 4367 2196 4380 ,

338 4409 409 4494 dici
425 4432 499 4481 erem
515 4403 624 4504 'glofflt
643 4407 679 4480 ire
692 4426 750 4494 32.
766 4405 875 4504 quast.
892 4427 927 4496 7.
941 4402 1134 4500 pontificem
1158 4392 1242 4481 „sed
1254 4393 1421 4466 iudiciales
1436 4390 1536 4474 farm
1559 4389 1760 4481 profitentur
1779 4411 1889 4468 antem
1910 4393 1963 4480 ip·

338 4509 414 4586 lare
435 4506 629 4604 confilium,
656 4526 722 4576 noer
744 4511 961 4597 preceptum,
991 4511 1030 4574 ret
1043 4520 1135 4585 enm,
1157 4489 1282 4578 „limet
1300 4488 1495 4580 pontifices,
1528 4511 1565 4562 ut
1584 4509 1676 4582 patet
1697 4489 1732 4558 in
1752 4512 1824 4575 cap.
1840 4493 1898 4558 lV.
1919 4492 1965 4559 de

338 4600 706 4708 gatavidebatursrtiffe
720 4625 828 4681 uxor,
852 4594 1135 4696 odlucfitsleniet,
1158 4590 1340 4692 ,sdiaortiia
1359 4599 1392 4661 δι
1417 4588 1451 4658 ἱιι
1470 4611 1543 4678 cap.
1618 4588 1735 4696 Licet,
1768 4587 1812 4697 de
1846 4580 1961 4698 sponm
1995 4615 2001 4621 ·

338 4701 712 4804 iprovideaeiaipfius
731 4700 896 4795 indigeat.
959 4704 996 4767 ln
1015 4696 1137 4788 priori·¹
1159 4689 1334 4775 „duorum
1363 4679 1431 4759 &n
1510 4678 1878 4797 Romanosuponttfices
1901 4679 1965 4753 alr·
2077 4717 2080 4722 ·

338 4829 395 4880 aua
422 4799 626 4878 editionibus
658 4799 813 4882 additur,
864 4793 1068 4890 Gregorium
1090 4816 1138 4866 em
1159 4785 1367 4875 22quandoin
1385 4782 1580 4864 hisiudiciis
1600 4802 1963 4894 matrimomorumer·
2031 4871 2033 4875 Ι

338 4893 533 5004 &noemia
555 4896 613 4972 lric
632 4891 767 5068 errasse,
800 4892 854 4968 sed
879 4898 914 4966 in
937 4890 1137 4966 editionibus
1160 4879 1269 4972 „tali'e
1291 4892 1357 4956 dec.
1384 4903 1447 4954 nec
1471 4904 1536 4971 ego
1556 4876 1627 4952 snm
1654 4901 1802 4968 ptrnrus,
1840 4901 1898 4965 qur
1918 4876 1966 4954 fic,

718 5022 737 5067 u

338 4989 572 5095 namneum
594 4978 702 5069 illut'
740 4996 766 5065 it
792 4989 969 5072 omilium,
1004 5016 1045 5065 ex
1069 5016 1137 5081 qno
1160 4979 1338 5075 „intellexi
1356 4979 1521 5070 evangelii
1542 5001 1686 5062 textum,
1710 4973 1866 5063 queniam
1887 4993 1965 5046 ante

338 5094 867 5196 unutt,.nu1nninaaqoan
891 5084 1025 5166 uentre
1071 5095 1138 5196 11.)
1161 5102 1295 5196 „annot
1316 5075 1413 5158 mille
1440 5074 1477 5154 b.
1500 5073 1695 5152 tutunus
1715 5069 1970 5257 ficintelssiffi
2111 5078 2124 5088 ..
