4884 5984
905 524 966 599 DE
1015 523 1286 600 conmonuit.
1404 578 1412 591 .
1740 609 1742 612 ¹
1840 540 1907 606 ΣΗ

284 727 418 818 pliciter
434 727 602 818 improbat
619 728 698 805 talea
719 735 870 825 nuptias,
891 726 945 804 sel
963 725 1087 804 melion
1101 710 1194 813 apin.
1221 726 1359 839 vau'
1382 724 1424 796 de
1451 721 1586 794 vitando
1608 716 1756 816 sospeiito
1781 750 1904 803 contu-

283 822 351 899 else
367 829 447 897 dicit
462 826 724 933 habereapi'yea,
748 857 787 904 at
804 827 929 923 lapsum
948 857 966 901 a
983 824 1079 900 curso
1103 824 1243 894 bernio:
1281 817 1322 893 Si
1347 822 1444 916 uirgo
1466 843 1516 902 er,
1538 821 1621 915 quid
1641 826 1736 899 timer
1753 825 1901 924 diligen·

283 923 395 1011 palam
418 920 477 997 sbi
504 950 640 997 uxorem
660 933 810 1020 decipere
838 933 925 999 iuxta
951 930 1079 1022 legem,
1104 931 1167 994 tem
1188 914 1396 1017 custodian?
1420 919 1452 1014 st
1473 931 1646 1014 corrupto,
1673 949 1731 997 cur
1750 949 1816 997 non
1839 950 1902 1017 pu·

284 1040 386 1108 qum
403 1018 629 1125 mpqmoe,
654 1035 689 1096 ἃ
711 1028 857 1113 quotidie
878 1021 1014 1093 occultis
1034 1024 1079 1093 iq.
1104 1017 1174 1092 iam
1197 1013 1323 1090 nubis?
1372 1019 1529 1110 (Excipit
1549 1018 1782 1107 Bellarminus,
1817 1023 1903 1099 Hie·

285 1115 371 1188 eolis
393 1110 527 1188 sauciari
554 1129 618 1192 &e
689 1125 816 1211 Excipit
841 1122 1055 1192 Bellarminur
1070 1140 1279 1212 ‚roupinum
1301 1116 1395 1210 loqui
1418 1117 1459 1185 de
1484 1115 1641 1208 uirgine,
1673 1143 1744 1215 que
1771 1145 1837 1196 ivon
1865 1126 1905 1199 in

289 1219 346 1302 r.)
368 1212 589 1303 Epiphaniam
613 1216 761 1305 expresse
782 1213 957 1297 adserere,
993 1220 1081 1304 quod
1106 1216 1302 1312 monasterio
1318 1212 1455 1309 publice·
1469 1209 1615 1307 prostffii
1636 1229 1725 1303 erui,
1749 1217 1812 1315 sni
1831 1242 1904 1319 quae

284 1304 327 1380 lit
358 1308 480 1382 malum
520 1313 645 1386 nubere
681 1321 753 1404 post
788 1339 914 1386 votum.
980 1311 1081 1401 Resp.
1105 1316 1270 1409 priuatim
1302 1324 1441 1385 uouerat
1473 1313 1725 1389 continentiam.
1798 1318 1900 1410 Resp.

285 1408 421 1480 interim
449 1406 567 1483 diserte
588 1416 697 1490 addit,
727 1413 845 1485 melius
864 1408 922 1507 effe
942 1414 1082 1501 panno·
1107 1435 1223 1482 votutn
1251 1410 1381 1483 solenne
1410 1437 1428 1481 a
1460 1407 1599 1498 simplici
1632 1441 1701 1485 non
1732 1416 1904 1509 distingui-

285 1514 357 1577 tum
379 1503 514 1586 nubere,
540 1529 639 1603 quam
656 1511 804 1604 quotidie
826 1509 964 1583 occulus
988 1510 1084 1582 iocu-
1106 1531 1160 1577 tur
1180 1505 1421 1604 effintiuliter,¹
1454 1503 1508 1578 sel
1531 1529 1659 1582 tentum
1686 1513 1906 1588 accidentali*

283 1600 333 1676 lis
345 1599 511 1699 sauciari.
570 1609 674 1698 Quod
700 1630 812 1680 autem
835 1609 961 1680 nubere
984 1629 1082 1678 vorat
1107 1617 1176 1695 ter;
1209 1605 1251 1677 fic
1270 1607 1360 1677 enim
1374 1600 1558 1677 Bonifatius
1572 1604 1648 1681 llX.
1662 1613 1696 1680 in
1710 1634 1737 1681 t.
1756 1616 1843 1687 unic.
1863 1619 1906 1690 da

284 1724 480 1790 peceatum,
508 1705 542 1775 id
565 1729 606 1775 ex
623 1706 802 1796 apostolica
824 1708 1000 1777 traditione
1024 1709 1082 1776 de·
1108 1725 1175 1775 vat.
1198 1714 1233 1776 dr
1256 1726 1322 1775 vot.
1347 1709 1486 1796 redeunt.
1546 1702 1631 1776 Voti
1646 1704 1836 1800 solennitas
1861 1738 1906 1788 ex

261 1793 669 1888 immaniinmanu,
688 1812 723 1874 dt
739 1807 780 1874 ad
798 1802 1009 1874 violationem
1024 1824 1081 1874 vo.
1099 1798 1179 1897 solo
1192 1803 1421 1901 constitutione
1432 1797 1569 1897 eccleſsae
1581 1805 1624 1901 esi
1635 1806 1781 1879 inuenio.
1796 1811 1904 1903 Quod

283 1897 312 1969 ti
339 1920 417 1968 eum
447 1893 596 1970 seandalo
627 1897 769 1973 eeclesia
795 1903 1005 1972 conionum
1030 1923 1082 1972 re·
1107 1898 1231 1988 stergo
1250 1902 1322 1987 post
1340 1920 1455 1970 votum
1475 1893 1612 1988 simplex
1627 1900 1754 1977 licitum
1770 1909 1818 1978 tn
1833 1934 1905 1983 ota·

283 1988 578 2089 spediurnltabuit.
631 1994 685 2093 2.)
702 1995 883 2068 Probabile
897 1993 973 2093 effe,
994 1997 1083 2091 quod
1107 1999 1300 2067 trimonitnn
1321 1999 1432 2074 inire,
1467 2018 1528 2066 cur
1553 2021 1620 2073 non
1640 2010 1676 2074 de
1696 2007 1768 2093 poli
1789 2028 1905 2082 votum

285 2089 506 2189 Epiphanius
528 2116 594 2164 non
624 2094 771 2169 uoluerit
801 2093 931 2175 dicere,
972 2097 1082 2167 minus
1106 2087 1256 2175 solenne,
1283 2092 1444 2165 sicilicet
1463 2092 1631 2166 neceilitaa
1649 2121 1789 2189 propter
1807 2105 1905 2175 ustio·

286 2189 416 2263 malunt
432 2189 492 2283 effe
506 2191 624 2263 nubere
640 2196 712 2290 posi
726 2204 855 2278 uotum,
881 2192 1080 2287 quomscar.
1106 2213 1162 2260 nes
1186 2200 1220 2261 ee
1244 2189 1430 2274 perieulum
1459 2187 1661 2264 scortationis
1687 2200 1732 2268 ita
1756 2200 1867 2289 exigat
1881 2199 1905 2276 ,ἶ
1914 2237 1923 2254 ·

265 2288 359 2363 ,mi
372 2342 382 2372 ‚
412 2285 469 2377 sed
491 2288 660 2361 horratum
679 2287 745 2385 'effe
774 2290 821 2362 ud
842 2293 978 2387 nuptias
1007 2313 1079 2372 eor,
1107 2282 1150 2358 Si
1177 2298 1289 2358 uotum
1316 2287 1466 2380 perpetui
1492 2289 1668 2363 relidatur
1697 2305 1768 2366 tum
1791 2295 1903 2390 stride

284 2389 345 2485 qni
368 2388 431 2473 fine
457 2397 534 2458 voto
562 2385 813 2482 pirseoeeobont
839 2390 874 2460 in
902 2386 1079 2470 caelibatu,
1099 2385 1169 2479 ¹sun
1196 2383 1265 2455 ulio
1287 2383 1532 2479 dispensatione
1560 2412 1604 2461 eu
1634 2393 1795 2464 mundato
1831 2390 1902 2470 Dei

287 2481 333 2559 8
356 2496 465 2558 tamen
478 2482 656 2578 flagitiose
674 2485 841 2558 vinebunt.
894 2480 992 2571 Relp.
1014 2488 1081 2556 imo
1106 2480 1265 2575 obligat,
1295 2486 1424 2570 (inquit
1448 2485 1661 2557 Chetnnitiut
1686 2490 1766 2562 loco
1787 2496 1903 2584 diuo)

285 2606 370 2657 vero
389 2583 473 2653 hanc
491 2585 800 2673 interpretationem
817 2584 918 2656 verba
937 2583 1081 2671 Epipha·
1105 2580 1246 2673 impium
1262 2576 1346 2672 sune
1363 2580 1489 2671 essin
1512 2595 1591 2654 uoto
1603 2584 1755 2681 fimpiici
1769 2588 1833 2682 dis
1846 2615 1903 2663 en·

277 2682 335 2754 arii
354 2678 531 2768 respuunt,
558 2676 713 2771 quorsum
730 2686 821 2754 enim
839 2686 986 2759 diceret,
1009 2678 1082 2750 illos
1098 2675 1187 2775 sare„
1204 2686 1321 2749 contra
1352 2666 1422 2748 Des
1446 2680 1667 2765 mandalum,
1706 2686 1743 2757 ln
1768 2614 1905 2780 sosani

279 2777 410 2851 habete
436 2779 574 2873 κρῖμα,
609 2783 667 2867 qui
694 2781 825 2863 nuptias
858 2776 1082 2853 comminuor,
1106 2798 1183 2848 uero
1208 2786 1285 2847 noro
1311 2785 1441 2848 ennean
1466 2789 1604 2871 propter
1630 2791 1788 2856 externos
1806 2783 1906 2881 quos·

283 2873 346 2947 nisi
383 2873 589 2964 propostam
616 2901 655 2947 ac
688 2873 846 2965 profeffio
883 2875 1082 2963 virginitatis
1106 2872 1185 2944 darn
1209 2869 1430 2965 solennitates
1459 2873 1503 2944 ab
1534 2877 1724 2953 dominibus
1757 2878 1905 2959 alienas

283 2968 507 3062 praessisset,
539 2982 576 3046 &
595 2975 673 3062 qnid
696 2975 742 3044 est
763 2971 888 3053 dunin
902 2972 977 3046 Otii
991 2996 1083 3071 naq·
1106 2970 1191 3042 nole
1212 2966 1413 3065 dispensare.
1478 2969 1538 3044 Ira
1563 2977 1651 3048 enim
1673 2976 1828 3056 iumnnae
1848 2980 1907 3074 so·

279 3066 423 3151 Setiae,
449 3070 675 3162 narnexu'nu
695 3069 752 3144 τὸν
770 3067 911 3164 dyona,
932 3067 1083 3143 nimae
1106 3069 1283 3141 lenniioter
1298 3067 1398 3163 longe
1408 3069 1636 3164 preferuntur
1647 3078 1808 3152 mundato
1823 3078 1903 3157 Dii.

281 3164 365 3243 ’ἐπὸ
386 3160 496 3263 opino
522 3165 638 3249 aliud,
675 3191 774 3256 quam
793 3161 996 3237 diseederea
1017 3166 1083 3235 vir·
1110 3170 1207 3238 Adde
1231 3170 1320 3255 quod
1345 3192 1383 3239 er
1405 3192 1463 3247 eo,
1500 3176 1588 3255 quod
1615 3176 1712 3265 virgo
1733 3177 1790 3249 illa
1816 3183 1909 3255 domi

284 3265 435 3355 ginitatia
454 3260 685 3351 profeffiones
734 3269 799 3336 Per
815 3259 947 3334 eorsum
962 3266 996 3332 in
1016 3282 1086 3333 toto
1111 3260 1173 3335 sua
1194 3268 1351 3350 privatior
1380 3267 1521 3344 vixerit,
1557 3294 1626 3339 non
1648 3260 1748 3357 pollit
1772 3272 1905 3362 inferri,

284 3361 347 3437 illu
375 3364 517 3435 trailatu
548 3359 706 3451 intelligit
738 3363 857 3433 statum
891 3360 1088 3450 virginitatit
1110 3387 1183 3433 eam
1199 3387 1269 3431 noo
1283 3357 1375 3432 soille
1389 3363 1620 3454 virginitatem·
1636 3362 1813 3443 solenniter
1828 3396 1909 3459 pro·

285 3453 475 3529 adsumtum
501 3468 537 3531 δι
569 3456 795 3550 professum.)
865 3460 1088 3540 Hieronymus
1112 3455 1251 3535 selsamr
1292 3463 1414 3531 constat
1442 3462 1556 3541 enim,
1597 3463 1631 3531 in
1649 3470 1753 3536 veteri
1775 3466 1910 3543 ecelefia

285 3560 324 3628 ia
340 3558 434 3646 epist.
447 3557 489 3627 ad
501 3558 708 3628 Demetriad.
723 3579 804 3628 tom.
817 3562 842 3627 1.
856 3580 890 3642 p.
907 3580 964 3644 7¹·
1000 3548 1088 3626 San·
1112 3556 1338 3646 virginitatem
1368 3555 1544 3629 solenniter
1567 3558 1779 3646 professoria
1804 3570 1912 3639 domi·

289 3652 380 3729 Ham
397 3653 571 3747 uirginum
589 3656 794 3753 proposttum
819 3648 1006 3752 &toriellis
1027 3674 1088 3723 on·
1113 3653 1174 3724 bos
1206 3656 1350 3740 propriis
1377 3654 1531 3726 maniosa.
1583 3661 1769 3747 Cyprianus
1798 3662 1855 3740 lib.
1882 3672 1909 3759 l.

289 3750 503 3850 gelnramque
519 3749 675 3844 sumiliae
693 3751 844 3847 glorium
865 3749 1088 3845 quorumdum
1112 3753 1205 3839 epist.
1229 3750 1287 3822 Xl.
1309 3774 1338 3823 r.
1357 3754 1391 3823 d.
1408 3756 1513 3824 viduis
1532 3776 1587 3827 27.
1609 3781 1641 3843 q.
1660 3785 1687 3828 ι.
1710 3783 1749 3830 ex
1766 3765 1909 3838 concilio

290 3858 365 3927 ron
388 3849 465 3927 bene
488 3846 528 3944 se
559 3849 730 3944 agentium
763 3872 879 3922 nomen
912 3847 1087 3942 insomni,
1113 3849 1287 3920 Toletano.
1338 3853 1438 3922 Videt
1461 3849 1694 3940 Bellarminua,
1719 3856 1803 3930 honr
1825 3859 1912 3933 solo.

288 3946 410 4048 quibus
426 3958 538 4044 aperie
553 3947 725 4021 dicendum
742 3951 800 4047 est,
822 3959 861 4020 ut
876 3959 937 4020 aut
951 3945 1089 4032 nubunt,
1114 3947 1239 4016 tionem
1253 3950 1401 4018 nondum
1416 3943 1583 4033 sufficere,
1605 3952 1680 4022 ideo
1694 3957 1785 4025 addit
1796 3959 1913 4043 aliem,

280 4050 317 4153 st
332 4044 373 4142 se
394 4070 461 4119 nan
480 4041 612 4143 polliani
635 4047 823 4130 continere,
864 4057 924 4119 oue
945 4047 1091 4118 contine·
1114 4040 1358 4137 Hieronymum
1382 4044 1443 4117 ioc
1468 4070 1535 4117 non
1560 4047 1611 4118 ila
1636 4073 1787 4132 monere,
1820 4059 1912 4151 quus

288 4157 373 4233 ane,
390 4144 556 4246 stnolunt
571 4144 699 4224 nubere.
751 4144 907 4242 (Excipit
924 4144 1093 4215 Bellarnti·
1111 4155 1281 4239 peecatum
1306 4168 1370 4215 non
1390 4145 1450 4236 fit,
1470 4147 1544 4242 past
1565 4158 1676 4220 uotum
1697 4148 1835 4235 nubere,
1851 4144 1914 4250 sed

288 4269 375 4331 nne,
399 4242 491 4339 loqui
504 4241 744 4337 Hieronymum
759 4266 825 4314 non
846 4242 886 4314 de
908 4241 991 4325 illis,
1021 4262 1093 4338 que
1115 4242 1194 4336 quia
1222 4243 1331 4313 miuus
1359 4254 1528 4337 peccorum
1550 4247 1624 4339 stt,
1666 4270 1706 4317 nc
1731 4251 1911 4344 prudentio

292 4352 411 4419 nolum
428 4340 612 4420 iubebant.
628 4340 691 4436 sed
708 4339 748 4413 de
766 4341 900 4413 ancillis
909 4338 1092 4434 sacrorum
1115 4338 1261 4423 doceat,
1295 4365 1340 4413 ex
1362 4338 1490 4413 duobus
1514 4343 1614 4416 mulis
1638 4348 1748 4419 minus
1770 4346 1830 4446 effe
1852 4351 1914 4427 nia

291 4442 467 4538 uirginum
483 4439 658 4514 nobilium.
700 4436 801 4527 Resp.
816 4437 897 4509 nihil
913 4441 1092 4524 quidquam
1117 4438 1273 4533 gendum.
1325 4435 1424 4527 Resp.
1440 4435 1561 4511 suffieit
1579 4440 1691 4527 nobit,
1715 4433 1805 4532 quod
1824 4452 1914 4526 iuxta

291 4542 418 4626 obstat,
441 4564 509 4630 quo
527 4542 635 4611 minor
651 4542 693 4610 de
714 4538 788 4627 ipsis
810 4535 976 4606 nobilibus
992 4538 1095 4625 virgi·
1120 4540 1361 4621 Hieronymum
1390 4534 1485 4609 sauna
1509 4536 1547 4609 lit
1571 4542 1643 4627 pon
1669 4564 1782 4614 votum
1812 4547 1917 4623 nube·-

290 4639 393 4715 pibttr
426 4640 634 4728 accipiatur,
678 4638 753 4722 quia
778 4637 905 4705 dietum
932 4633 1093 4722 aposloli,
1119 4659 1172 4716 re,
1199 4658 1298 4721 quam
1313 4637 1481 4726 impudice
1495 4638 1617 4735 vivere.
1670 4646 1915 4735 Atquotaquae.

290 4742 388 4830 quod
415 4738 637 4819 Hieronymus
663 4735 816 4816 adducit,
850 4733 895 4802 est
919 4731 1093 4820 generale,
1118 4756 1183 4820 que
1209 4757 1248 4804 er
1273 4731 1472 4804 monialibus
1495 4737 1631 4805 votariis
1650 4740 1720 4824 eil,
1754 4764 1827 4834 que
1844 4768 1917 4822 cur·

291 4860 334 4917 a:
355 4834 419 4905 ill:
439 4830 516 4922 ipsae
535 4831 678 4916 aneilla,
706 4828 726 4902 ti
747 4855 813 4902 non
835 4828 968 4915 publice
989 4841 1023 4903 δι
1044 4825 1093 4900 so·
1120 4830 1214 4926 poris
1240 4826 1281 4903 li
1295 4828 1442 4925 spiritur
1462 4827 1702 4923 militatem,
1736 4848 1773 4911 dr
1800 4865 1919 4927 puram

294 4933 458 5015 lennioer,
494 4952 604 5002 tamen
622 4931 779 5017 privatim
798 4928 1025 5019 virginitatem
1050 4929 1106 5001 vi·'
1124 4930 1348 5020 virginitatem
1368 4927 1489 5016 absque
1506 4925 1639 5018 spiritur
1659 4935 1783 5007 uilione
1797 4947 1832 5010 dr
1844 4964 1920 5015 eor·

295 5038 421 5105 dentur
439 5024 533 5101 fuiffe
552 5025 724 5116 profetia,
760 5030 838 5125 quia
861 5027 952 5096 addit
976 5030 1098 5099 Hiero-
1123 5029 1213 5118 poris
1238 5028 1429 5117 pollutione
1442 5046 1594 5100 tueatur?
1621 5027 1690 5101 illia
1708 5058 1790 5123 ergo
1807 5038 1919 5113 dicen.
1949 5038 1952 5045 ’

293 5151 442 5220 ayunt:
489 5125 614 5203 Prodit
642 5126 767 5204 ancilia
794 5121 938 5224 uirgo.)
1005 5131 1099 5204 idam
1122 5127 1224 5215 dom,
1249 5147 1286 5199 ut
1301 5128 1374 5216 pou
1389 5148 1504 5205 votum
1519 5128 1921 5223 pannoniamque„

1725 5263 1728 5267 .
1853 5259 1925 5314 m
