4884 5984
543 495 595 588 ιε
934 492 1085 567 totos
1112 494 1240 570 xxvi.
1292 493 1447 571 ctrvr
1473 499 1520 570 x.
1570 492 1695 572 stc-*n
1725 499 1755 570 ι.

544 689 586 762 ni
599 705 679 761 toto
693 707 770 759 turn
786 684 991 762 abiuratione
1006 687 1155 779 coniugii
1167 687 1350 764 coniuret
1373 693 1496 766 Lvlli.
1523 688 1729 765 Velefiorunt
1751 711 1796 766 ne
1815 691 1922 768 verbo
1951 689 2092 784 quidem
2111 695 2182 770 toti

542 789 589 860 nd
607 811 686 860 eunt
705 783 771 860 sese
789 785 888 858 multi
904 789 1146 860 adstrinxerint.
1208 784 1350 885 Israeli·
1373 791 1552 869 meminit,
1574 793 1656 878 quin
1674 801 1709 864 dt
1728 791 1896 891 apostolos
1910 794 1997 880 inter
2016 819 2074 866 eor
2085 839 2099 876 ,
2122 795 2198 882 qui.

549 895 662 960 iorum
682 907 810 968 errores,
834 888 943 973 inquit
961 887 1163 978 Augustinus
1180 883 1240 959 iib.
1256 893 1299 961 de
1315 891 1347 960 S.
1373 883 1407 962 se
1428 908 1569 978 propter
1587 913 1733 980 regnunt
1752 887 1917 966 roelotooi
1933 893 2182 970 winemunt.

548 988 636 1074 virg.
656 1009 686 1058 c.
702 984 766 1055 lV.
785 994 898 1058 votttm
916 985 1134 1080 virginitatit
1151 984 1279 1071 adnue,
1294 995 1349 1072 (eo
1372 1007 1547 1067 numeret,
1569 1010 1652 1075 quot
1679 987 1875 1062 toeiibttunt
1896 985 2021 1063 vovisse
2048 987 2181 1068 fecilior

543 1079 670 1155 seilicet
694 1106 866 1171 tempore,
890 1109 957 1172 quo
979 1086 1087 1158 Merit
1108 1081 1265 1158 ditebot:
1296 1083 1349 1157 vi·
1373 1086 1517 1169 dicitur,
1533 1108 1634 1173 quom
1650 1084 1832 1178 probot'ut;
1857 1112 1896 1161 tc
1915 1089 2064 1179 virginet
2079 1086 2124 1158 eb
2139 1085 2181 1156 il.

280 1251 316 1268 ,,
400 1241 449 1274 ·.
548 1207 625 1258 ruite
657 1206 725 1254 non
754 1179 928 1278 cognosco)
954 1179 1161 1278 recusabunt.
1228 1181 1349 1256 Prima
1374 1182 1434 1267 iit,
1459 1186 1516 1272 qui
1531 1183 1745 1258 mouesiietrn
1760 1188 1862 1259 vitent
1884 1189 2040 1277 degunt,
2064 1185 2206 1258 dion.

542 1279 788 1376 seminarum,
814 1285 859 1352 tit
873 1286 959 1353 Bedo
973 1285 1008 1354 in
1028 1286 1109 1353 Luc.
1128 1281 1154 1352 Ι.
1176 1283 1220 1355 de
1241 1285 1350 1356 Merit
1373 1285 1472 1372 guit,
1500 1305 1568 1372 quo
1588 1277 1661 1371 ipso
1684 1285 1851 1370 ostendit,
1884 1286 2033 1377 virginet
2059 1277 2179 1366 fuisse.

548 1384 637 1471 virg.
658 1391 762 1454 tante
778 1377 818 1476 fr
834 1381 958 1453 virtuti
975 1381 1169 1548 monct'gture
1191 1380 1347 1455 decreuit.
1372 1382 1432 1468 qui
1456 1376 1490 1452 se
1513 1383 1698 1452 montstite
1721 1383 1796 1453 vire
1814 1407 1877 1472 per
1899 1405 1979 1455 tort
2001 1379 2179 1455 eoelibotus

547 1483 652 1552 Unde
672 1483 807 1570 quidun
826 1503 867 1551 ex
885 1477 963 1569 ipsis
976 1479 1071 1570 ponti
1096 1479 1155 1550 tiit
1174 1481 1348 1560 statuunt,
1371 1501 1441 1552 non
1458 1480 1669 1565 addixerunt,
1689 1482 1733 1553 de
1752 1481 1873 1569 quibus
1890 1477 2109 1554 nihilominus
2127 1480 2179 1554 di-

546 1590 660 1652 uorum
690 1575 865 1652 resistatur
887 1579 924 1650 in
957 1601 1042 1650 nou·
1065 1577 1195 1650 mm
1224 1581 1292 1681 test.
1325 1599 1348 1648 o
1372 1577 1404 1648 ei
1428 1573 1553 1667 poffit,
1584 1581 1675 1666 quod
1693 1589 1835 1677 propter
1855 1601 1995 1674 regnum
2013 1575 2179 1654 cotonei

549 1675 682 1794 Christo
701 1675 743 1752 Εἴ
757 1675 917 1777 apostolis
928 1673 1035 1774 stifft
1048 1675 1246 1778 institutum.
1275 1675 1348 1750 Bei-
1371 1697 1436 1764 per
1460 1678 1660 1767 virginiutis
1684 1674 1892 1769 propositum
1922 1673 1987 1753 sese
2013 1679 2178 1758 niunte-

542 1779 703 1850 inrnnnut
732 1781 765 1849 iu
801 1779 938 1867 propriu
966 1776 1063 1848 unior
1088 1779 1247 1848 oronnae
1272 1772 1451 1849 sederint.
1499 1777 1723 1861 Hieronymus
1755 1781 1791 1848 in
1819 1801 1943 1851 comm.
1974 1777 2178 1870 virginiutis

543 1878 674 1950 nullum
693 1901 732 1948 tn
756 1899 821 1949 vet.
842 1877 913 1948 tesi.
935 1873 1189 1948 fundumentum
1206 1900 1272 1964 pto
1288 1876 1346 1947 td·
1371 1894 1617 1964 preceptorum
1634 1878 1808 1960 meminit,
1831 1885 1866 1950 de
1885 1873 1945 1949 lib.
1960 1871 1988 1948 Ι.
2005 1877 2041 1948 in
2059 1875 2175 1968 Jovin.

544 1981 699 2048 struendo
713 1975 888 2048 coelibotus
904 1997 983 2046 voro
998 1975 1152 2054 adducitt
1174 1975 1255 2063 quin
1275 1977 1343 2045 imo
1370 1995 1427 2043 eor
1447 1970 1574 2068 dieitse
1594 1970 1686 2069 ipsos
1701 1977 1868 2074 castrare,
1896 1974 1955 2070 qui
1967 1974 2128 2071 tempium
2135 1971 2177 2070 se

542 2079 577 2146 in
597 2073 654 2146 iii.
673 2079 716 2145 de
730 2099 826 2145 matr.
844 2095 917 2162 cop.
934 2067 1050 2150 XVII.
1068 2067 1155 2159 resp.
1172 2075 1213 2144 td
1235 2072 1344 2159 eob-
1370 2065 1448 2141 Deo
1461 2069 1667 2168 puriffimnm
1690 2069 1732 2146 8
1750 2073 1975 2173 holocaustum
1993 2074 2124 2171 arrepti
2158 2112 2175 2131 ·
2200 2091 2203 2096 '

546 2179 624 2260 jeci.
645 2169 764 2244 diserte
783 2168 915 2258 scribit,
940 2181 1131 2268 perpetuum
1152 2168 1344 2244 coelibatum
1369 2193 1458 2242 mum
1475 2167 1645 2264 offirnn23
1676 2166 1730 2244 sed
1752 2172 1822 2242 hec
1841 2177 1953 2245 omnio
1973 2173 2007 2244 in
2024 2171 2083 2246 sien
2125 2176 2176 2248 ite

545 2295 612 2344 nott
635 2265 739 2366 striffe
765 2272 801 2342 iu
829 2270 933 2343 ueteri
962 2271 1034 2364 iege
1058 2265 1253 2367 ostiorum*
1290 2269 1346 2362 ς.)
1368 2292 1407 2340 oe
1425 2265 1535 2340 libero
1549 2267 1725 2342 coelibotut
1744 2269 1917 2361 proposito
1936 2270 2177 2348 lotum-hobe-

543 2369 760 2457 Consequeut
777 2367 879 2442 suerit
897 2370 998 2440 etium
1015 2367 1098 2440 illud
1119 2393 1159 2440 ex
1176 2366 1346 2440 Beiitrmi·
1369 2390 1407 2438 re
1431 2363 1586 2455 possunt,
1610 2367 1647 2460 si·
1663 2368 1718 2440 vei
1744 2375 1887 2441 metiore
1914 2395 1982 2442 non
2005 2367 2195 2444 accederit

543 2471 641 2542 niano
663 2466 856 2556 hypothesi,
880 2472 969 2553 quod
989 2490 1089 2540 nemo
1110 2464 1210 2554 possit
1230 2468 1295 2538 dici
1305 2464 1346 2563 se
1369 2485 1496 2537 uotum.
1549 2461 1716 2556 Preceptt
1733 2469 1823 2540 enirn
1843 2465 1900 2539 ilio
1918 2466 2175 2562 danubiique,

406 2636 414 2656 ,
542 2564 652 2666 ipsum
674 2561 825 2667 ceflrnffe
847 2576 982 2663 propter
1001 2589 1139 2660 regnum
1161 2565 1343 2656 cesorum,
1368 2563 1428 2635 nist
1448 2564 1618 2651 volentes,
1644 2590 1683 2636 ec
1699 2565 1786 2638 velle
1801 2561 1934 2653 possunt
1946 2567 2047 2639 etiem
2059 2569 2097 2652 ii,
2115 2571 2175 2658 qui

544 2665 604 2738 nisi
627 2689 786 2738 votorum
806 2665 943 2738 nexibus
968 2663 1069 2738 suerit
1091 2663 1257 2755 illigetur,
1279 2691 1344 2753 quo
1367 2685 1435 2733 non
1450 2685 1615 2736 voverunt
1635 2663 1842 2736 eoelibttunt.
1894 2667 2098 2757 Augustinus
2113 2667 2176 2742 lib.

542 2767 673 2838 ratione
693 2788 761 2836 non
781 2759 885 2836 solum
908 2764 1005 2836 multi
1027 2786 1188 2849 martyres
1212 2772 1247 2837 dt
1276 2767 1343 2835 vit·
1366 2764 1409 2832 de
1427 2763 1551 2852 virgin.
1569 2786 1599 2835 e.
1619 2759 1728 2834 XXX.
1747 2762 1822 2835 uoti
1834 2787 1957 2837 nomen
1969 2763 2098 2847 hebet,
2118 2759 2177 2842 sed

540 2869 660 2955 giret,
687 2859 739 2933 sed
757 2861 816 2950 ipsi
837 2864 937 2935 etium
950 2862 1108 2951 apostoli,
1133 2859 1270 2949 quisine
1285 2886 1343 2934 vo·
1367 2861 1429 2948 p'er
1443 2883 1561 2932 votum
1582 2859 1666 2930 nihil
1680 2861 1770 2934 eliud
1792 2861 1975 2954 inteiligit,
1998 2887 2101 2952 quom
2116 2861 2180 2938 fir.

399 3013 408 3024 .
541 2984 578 3031 to
599 2962 736 3034 eoeliber
761 2959 915 3040 suerunt,
941 2963 1093 3031 restitutis
1114 2959 1211 3032 leude
1232 2965 1342 3049 privt-
1367 2982 1455 3030 ntem
1488 2968 1523 3032 dt
1549 2960 1751 3033 constantem
1774 2962 1877 3033 enimi
1910 2956 2110 3036 sententium
2134 2985 2176 3040 te

472 3091 478 3112 ¹
539 3081 668 3132 rentur.
720 3055 774 3154 6.)
798 3060 893 3152 Quin
918 3069 954 3134 t<
977 3058 1040 3131 hoc
1061 3055 1283 3144 sequeretur,
1304 3078 1343 3131 ut
1366 3056 1595 3144 propositum,
1625 3077 1663 3130 ut
1688 3060 1813 3132 constet
1837 3081 1878 3133 et
1904 3059 1977 3130 eius
2002 3059 2115 3134 verbis
2138 3064 2176 3134 itt

539 3155 646 3238 solos,
673 3161 718 3228 ito
738 3169 774 3230 dc
797 3181 912 3228 omnes
933 3155 1113 3228 monachos
1128 3182 1166 3226 oc
1180 3152 1342 3227 sacrificu-
1366 3177 1489 3225 comm.
1508 3151 1624 3228 Pseinr.
1643 3155 1788 3230 LXXV.
1839 3152 1949 3230 Asius
1969 3169 2070 3232 vovet
2095 3155 2175 3234 Deo
2192 3167 2214 3207 ·'

385 3273 396 3289 “
540 3256 609 3335 los,
635 3260 692 3344 qui
709 3279 824 3327 votum
844 3254 1017 3326 coelibotos
1033 3257 1273 3342 prestiterunt,
1291 3280 1344 3327 re·
1367 3253 1551 3352 castitatem
1574 3254 1806 3349 coniugalem,
1831 3267 1868 3330 ut
1886 3267 2013 3353 preter
2029 3281 2175 3332 uxorem

542 3361 596 3429 &e
622 3357 687 3428 diri
714 3365 852 3452 propter
873 3378 1010 3450 regnum
1044 3351 1198 3425 colorum
1212 3350 1252 3446 se
1286 3378 1343 3425 co·
1359 3349 1461 3446 suom
1484 3375 1550 3424 non
1567 3355 1698 3427 noverit
1720 3353 1841 3428 osiam.
1891 3352 1977 3429 Alii
1992 3358 2097 3430 etiam
2116 3383 2177 3431 uo·

534 3449 674 3556 stroffe,
698 3453 720 3524 st
741 3456 885 3544 genuina
907 3463 942 3526 de
968 3455 1078 3524 notive
1105 3451 1161 3524 ilio
1178 3451 1257 3525 esset
1282 3453 1341 3540 hu·
1367 3462 1463 3537 vent,
1489 3455 1546 3552 cist
1566 3454 1700 3549 experti
1722 3454 1937 3550 coniugium,
1962 3456 2058 3530 ultra
2083 3457 2177 3530 nisti!

540 3563 592 3642 jus
607 3548 761 3643 phraseos
779 3549 989 3642 significatio,
1012 3576 1111 3638 quom
1128 3551 1343 3624 Beliarminus
1368 3550 1437 3623 tale
1454 3553 1550 3645 pati,
1572 3552 1608 3623 in
1629 3553 1797 3625 viduitate
1808 3553 1948 3650 scilicet
1966 3580 2173 3652 permonere,

538 3675 648 3742 urget.
700 3653 761 3721 Sed
778 3670 933 3719 neutrum
947 3653 1012 3720 dici
1027 3651 1144 3738 potest,
1163 3654 1341 3738 nunptios,
1371 3646 1411 3722 ss
1443 3650 1506 3747 ipfi
1532 3661 1652 3722 vovent
1680 3651 1813 3747 aliquid
1843 3655 1953 3725 maius
1983 3678 2084 3750 quom
2108 3656 2172 3730 issi.

539 3771 577 3821 ut
591 3757 657 3835 jam
676 3768 751 3820 eote
768 3749 1052 3827 demonstratum,
1078 3773 1138 3820 nec
1154 3751 1340 3836 posterius,
1366 3744 1451 3820 Atii
1466 3749 1702 3846 virginitatem
1725 3749 1834 3848 ipsam
1857 3751 1901 3825 ab
1923 3753 2052 3827 incunte
2071 3767 2174 3830 aetote

461 3905 467 3916 .
538 3849 614 3935 quit
636 3869 674 3917 ut
697 3842 846 3917 Erosnus
866 3851 1100 3934 conqueritur,
1126 3845 1250 3918 nultos
1276 3847 1342 3920 cie·
1365 3860 1504 3931 vovent,
1538 3845 1579 3922 ΕΞ
1596 3851 1653 3949 ifli
1669 3863 1832 3923 voverunt
1846 3851 2044 3948 plurimum.
2098 3857 2175 3928 Ful·

539 3948 632 4022 eicos
661 3944 758 4016 stodie
786 3943 868 4016 eccle
882 3947 990 4047 tostici
1015 3943 1125 4040 census
1146 3948 1262 4041 potins
1285 3970 1340 4019 co·
1364 3953 1497 4040 gentius
1513 3953 1555 4020 de
1572 3946 1633 4024 fid
1647 3954 1689 4021 od
1710 3955 1796 4022 l‘etr.
1820 3949 1930 4024 0111.
1989 3949 2173 4050 Quisquis,

532 4052 647 4151 strunt
660 4067 758 4139 qnam
771 4045 901 4140 pieton
926 4070 964 4116 oc
980 4047 1076 4116 multi
1092 4044 1245 4115 monachi
1265 4049 1340 4121 ideo
1366 4050 1494 4133 inquit,
1509 4045 1549 4142 se
1572 4050 1769 4147 castraverit
1787 4061 1923 4146 propter
1945 4076 2086 4152 regnum
2111 4075 2174 4128 cte·

540 4145 572 4220 se
593 4148 751 4228 cessrunt,
776 4165 812 4212 ut
827 4146 861 4213 in
878 4145 1025 4215 claustris
1042 4141 1105 4215 suis
1124 4143 1295 4214 delicatius
1308 4150 1342 4217 in
1367 4144 1496 4230 sorum,
1531 4141 1572 4220 ὅ
1592 4149 1629 4219 in
1646 4147 1743 4220 corde
1757 4147 1822 4244 suo
1844 4152 2087 4226 continentiam
2112 4177 2173 4230 vo-

538 4245 656 4338 pingui
686 4245 756 4313 otio
776 4245 888 4314 virere
908 4243 1053 4334 possint,
1086 4239 1167 4312 srcut
1189 4241 1343 4336 Polinge·
1366 4245 1463 4317 uerit.
1515 4249 1562 4316 At
1583 4249 1685 4320 corde
1713 4243 1781 4320 solo
1807 4273 1874 4320 non
1901 4255 2007 4339 potest
2035 4249 2173 4328 solenne

540 4347 613 4417 nius
635 4345 676 4413 de
697 4340 760 4411 iliis
784 4343 893 4412 cunit:
1365 4344 1576 4415 continentie
1598 4369 1713 4438 votum
1736 4345 1832 4426 fieri,
1865 4368 1902 4419 ut
1924 4349 1983 4438 ipsr
2005 4352 2172 4439 pontificii

579 4439 685 4516 ‘Proin
698 4439 824 4538 prodor,
850 4439 910 4513 ior
925 4437 1069 4513 tolerare
1083 4441 1191 4539 >potest
1210 4441 1341 4542 ecclesto
1366 4443 1536 4522 statuunt,
1559 4438 1615 4516 sed
1641 4448 1822 4531 requiritur
1845 4471 1967 4535 preter
1985 4451 2100 4527 cordis
2120 4454 2174 4525 in·

1073 4560 1214 4635 porcos,
1365 4542 1543 4613 tentionem
1557 4547 1656 4616 etionr
1670 4545 1739 4617 orit
1751 4545 1904 4643 prosefflo
1916 4573 1929 4625 ,·
1953 4546 2103 4639 loquitur
2117 4579 2172 4624 et·

595 4639 787 4716 fluitaret
811 4637 943 4724 ventri,
982 4633 1133 4718 Veneri.
1165 4635 1342 4736 somnoque
1365 4665 1410 4731 go
1428 4641 1621 4734 Fulgentius
1648 4665 1777 4714 tontum
1804 4633 1847 4717 de
1871 4649 1972 4718 enimi
1992 4650 2171 4739 proposito

1065 4749 1231 4812 vacantes.
1364 4753 1400 4814 de
1421 4737 1484 4810 fixe
1499 4743 1609 4811 cordis
1629 4738 1796 4814 sententio.

542 4839 597 4936 7.)
615 4838 761 4912 Adducit
783 4840 916 4924 quidem
938 4835 1155 4908 Beiiotntinut
1173 4862 1239 4927 pro
1262 4859 1341 4908 eon·
1438 4845 1467 4928 §.
1498 4844 1574 4910 DX.
1624 4838 1903 4940 11.)Luc.1.34.
1955 4887 2018 4968 fl)
2043 4889 2110 4954 Lm
2139 4894 2161 4957 J

541 4940 702 5012 sirmondo
730 4934 783 5008 sut
816 4939 1087 5026 interpretatione
1114 4960 1251 5022 patres,
1285 4932 1339 5007 sed
1365 4931 1476 5009 Beata
1496 4938 1620 5032 uirgo,
1645 4940 1908 5016 andienrconre·
1977 4937 2027 5050 3'4,
2054 4940 2170 5036 V,-,‡„„;

540 5036 591 5110 illi
606 5063 810 5126 nequaquam
828 5040 943 5107 dicunt
967 5038 1027 5113 id,
1057 5039 1147 5122 quod
1171 5034 1341 5117 lieilotmi·
1360 5046 1557 5132 pinsuntur
1577 5040 1771 5135 parituram
1788 5041 1906 5137 filium
1955 5051 2172 5137 nonroguosco.

538 5163 600 5211 nus
626 5163 682 5211 eos
711 5141 821 5209 dicere
849 5133 954 5227 fingit.
1025 5132 1229 5226 Epiphanius
1260 5132 1339 5207 haer.
1363 5133 1574 5234 respondet:
1625 5141 1808 5233 Quomodo
1853 5138 1911 5213 fiet

1804 5239 1908 5321 istud,
