4884 5984
311 429 320 458 ’
417 497 501 575 454·
944 469 1093 545 tocvs
1116 471 1240 542 xxvi.
1292 463 1444 544 carvr
1471 468 1530 539 rx.

682 661 755 738 suut
775 664 921 756 conjugii
944 662 1111 746 iuriooii,
1134 689 1224 755 quae·
1247 659 1375 740 landos
1389 661 1540 735 homines
1552 658 1586 728 in
1605 645 1756 744 paradiso
1774 645 1985 720 instituta-ed
2000 663 2052 718 ec·

426 762 636 844 1·)1¹¹⁶l¹011l1'·
688 769 765 835 dam
787 785 866 835 vero
896 760 1127 859 consummati.
1178 763 1224 853 1.)
1248 762 1350 839 clefie
1367 759 1645 856 propagationem
1662 749 2051 838 &promovendamco-

687 860 849 958 Conjogii
865 861 1010 935 inchoati
1025 888 1062 933 ac
1076 864 1224 934 nondum
1247 867 1364 952 jirsque
1387 855 1553 940 salntem,
1587 874 1624 921 ut
1645 859 1680 923 &
1702 852 1744 920 ad
1769 842 2052 960 prefigurandsm

429 954 647 1036 consummati
668 965 821 1046 adjuncta
841 957 913 1031 sunt
937 962 1024 1033 ritus
1045 959 1098 1033 illi
1118 952 1224 1042 sacri,
1249 961 1375 1035 Christi
1407 967 1442 1030 δι
1468 948 1609 1027 ecclestae
1637 949 1938 1034 conjonstaonema
1968 955 2051 1032 ergo

429 1052 579 1130 solennes
605 1084 643 1128 uc
667 1057 820 1146 publici,
864 1061 922 1145 qui
952 1081 1046 1130 more
1073 1058 1225 1131 omnium
1252 1083 1319 1131 non
1342 1075 1471 1128 tantum
1494 1049 1665 1140 politicis,
1697 1042 1874 1116 sedetiam
1899 1037 1998 1110 sacris
2019 1033 2080 1138 ἂιΙΙΙ

297 1225 300 1230 .
429 1159 583 1246 gentium
606 1158 638 1227 in
663 1161 811 1244 ejusdem
833 1151 1115 1228 consummatione
1135 1153 1229 1226 adbi·
1253 1153 1473 1229 ecclesiasticis
1487 1141 1784 1231 ritiboscopulatio
1799 1147 2073 1250 notorumcooj·

352 1279 355 1284 ·
432 1250 564 1324 beatur.
623 1256 787 1346 Quamvis
810 1255 899 1324 enim
924 1250 1096 1327 cousensus
1116 1253 1230 1323 matri·
1252 1264 1424 1345 jugumac
1442 1244 1647 1320 matrimonii
1667 1234 1912 1309 consummatio
1939 1253 2055 1324 peregi
2097 1241 2099 1246 ’

432 1351 582 1422 monialis
602 1355 643 1421 ad
659 1353 863 1422 individuam
882 1348 975 1424 illam
992 1355 1072 1438 ,uitae
1097 1347 1231 1422 societa·
1254 1353 1365 1426 debet.
1435 1356 1481 1439 ς.)
1518 1338 1689 1436 Dignitas
1719 1335 1873 1431 conjugii
1899 1332 2053 1432 augusta.

370 1423 406 1506 ι
433 1467 502 1519 tem
521 1451 740 1519 inducendam
755 1451 855 1536 etiarn
872 1446 996 1537 absque
1012 1451 1154 1523 externis
1166 1445 1232 1517 illis
1255 1448 1462 1541 conjugium
1488 1466 1556 1515 non
1583 1441 1629 1511 est
1653 1460 1737 1524 opus
1762 1432 2057 1544 tenebrarum-tit

434 1556 469 1620 dt
486 1541 672 1622 solennibus
687 1546 805 1617 ritibus
822 1544 895 1617 satis
908 1545 1024 1620 efficax
1041 1547 1092 1627 st,
1105 1541 1232 1633 sapiens
1256 1545 1509 1643 gamomalliges
1534 1536 1706 1613 haeretici,
1736 1533 1946 1604 Marcionitae
1974 1526 2058 1600 scalt·

433 1665 545 1715 tamen
561 1648 735 1730 antiquitas
755 1642 855 1714 caufis
868 1668 1021 1731 permota
1035 1642 1233 1737 gravissimis
1256 1669 1332 1725 cet,
1354 1644 1528 1717 Encratite
1544 1658 1647 1723 atque
1665 1634 1720 1703 alii
1738 1631 1835 1719 hujus
1857 1624 2001 1700 farsatris
2024 1633 2058 1700 dt

435 1741 670 1813 matrimoniali
685 1746 737 1813 iili
752 1738 920 1813 consensui
940 1752 975 1816 dt
992 1743 1140 1839 conjugii
1154 1731 1244 1814 con-¹
1257 1742 1424 1832 sulphuris
1450 1739 1603 1809 lromines
1625 1733 1808 1803 statuerunt
1825 1782 1834 1813 ,
1867 1721 1923 1799 sed
1950 1719 2058 1796 sanda

436 1836 648 1910 luminatiooi
667 1862 800 1922 certos,
824 1864 945 1926 eosque
971 1836 1103 1920 sacros,
1129 1836 1234 1911 solen·
1258 1844 1323 1915 Dei
1353 1839 1534 1914 ordinatim
1566 1853 1649 1921 ergo
1678 1851 1745 1900 non
1772 1832 1804 1898 in
1829 1825 1977 1897 tenebris
1999 1841 2059 1892 Μ

437 1963 496 2008 nes
516 1946 550 2010 δι
565 1934 717 2024 publicos
732 1939 813 2007 ritus
827 1937 979 2008 adbiberi
1000 1940 1117 2009 voluit.
1141 1936 1234 2008 Solus
1258 1938 1466 2013 clanculum,
1491 1930 1545 2004 sed
1561 1933 1595 1999 in
1611 1925 1695 1998 facie
1708 1922 1852 1996 ccclestae
1868 1934 1900 1996 δι
1918 1923 1954 1992 in
1970 1921 2058 2008 pub·

437 2034 705 2104 matrimonialis.
719 2030 901 2106 consensus
921 2038 1045 2123 (inquit
1074 2039 1234 2122 Cypraeos
1259 2039 1324 2108 lico
1345 2022 1720 2142 homiuumlconspetltu
1737 2017 1927 2094 solennibus
1944 2015 2059 2090 fltllffl

440 2136 482 2203 ale
499 2127 671 2216 sponsalib.
686 2155 760 2215 cap.
779 2138 819 2202 V.
844 2143 877 2221 §-
897 2159 930 2204 n.
956 2156 1012 2224 31·
1040 2135 1094 2222 8.)
1121 2133 1236 2203 matri·
1258 2139 1304 2207 ell
1324 2131 1573 2206 celebrandum.
1625 2129 1703 2195 Huc
1723 2125 1870 2208 pertinet
1887 2122 2059 2191 decretum

442 2230 592 2300 monium
624 2233 759 2315 quidem
798 2231 997 2316 constituit,
1048 2228 1105 2302 sed
1146 2232 1237 2319 apud
1260 2231 1393 2314 concilii
1411 2221 1607 2302 Arelatensis
1627 2245 1656 2293 c.
1676 2226 1734 2290 Vl.
1753 2221 1842 2307 quod
1864 2215 2011 2290 habetur
2028 2233 2058 2325 c.

442 2350 559 2398 omnes
578 2348 694 2418 gentes
711 2325 879 2408 obtinuit,
903 2337 938 2401 δι
960 2325 1068 2401 adbuc
1085 2326 1237 2411 obtinet,
1262 2330 1416 2403 Nullum.
1440 2349 1496 2416 30.
1517 2350 1550 2411 q.
1572 2341 1603 2407 ς.
1654 2314 1736 2392 Sine
1759 2314 1908 2414 publicis
1934 2310 2061 2410 ”sspllll

444 2420 636 2496 consensum
657 2421 752 2495 illum
775 2448 842 2496 non
863 2425 973 2497 verbis
1000 2447 1155 2508 tantum,
1181 2422 1237 2497 sed
1261 2451 1355 2502 nemo
1374 2422 1514 2508 nubere,
1542 2418 1598 2492 oei
1625 2440 1765 2489 uxorem
1796 2416 1911 2489 ducere
1936 2406 2061 2509 praestr-

408 2575 414 2584 .
442 2519 545 2593 rebus
563 2517 638 2609 ipss
653 2536 688 2594 δι
708 2519 803 2592 factis
820 2520 929 2609 palam
946 2525 1181 2598 declarandum
1203 2531 1238 2596 δι
1264 2537 1359 2605 urnis
1384 2533 1419 2598 dt
1441 2521 1523 2593 illud
1543 2511 1745 2589 Hormisdae:
1774 2539 1804 2586 c.
1828 2510 1955 2608 Nullus
1975 2499 2060 2582 caus

445 2619 701 2706 exprimendum
720 2616 803 2699 else,
828 2642 865 2689 ut
884 2621 927 2692 de
946 2645 986 2693 eo
1006 2646 1099 2695 certo
1113 2623 1238 2693 consta·
1264 2637 1298 2699 δι
1318 2624 1428 2713 quest.
1442 2617 1578 2690 iisdem:
1595 2611 1717 2687 Nullos
1728 2612 1862 2712 fidelis,
1888 2613 2060 2705 najascaa·

413 2734 416 2738 ·
439 2707 517 2795 ret,
539 2725 574 2787 dc
597 2712 619 2785 sa
642 2739 725 2803 opus
744 2715 805 2799 fit,
825 2719 937 2788 doceri
957 2744 994 2790 ac
1011 2720 1148 2810 probari
1165 2711 1239 2807 pos·
1263 2747 1323 2820 que
1339 2717 1543 2793 conditionis
1552 2716 1620 2813 fit,
1645 2714 1771 2784 occulte
1786 2710 1926 2805 nuptias
1932 2705 2057 2802 saciat

447 2808 513 2894 set',
536 2837 613 2885 eum
634 2813 862 2901 interpofitum
879 2812 982 2888 foisse.
1033 2815 1147 2891 Causa
1165 2815 1241 2886 illo·
1257 2821 1321 2918 sed
1340 2817 1472 2919 publice
1494 2815 1601 2888 arabat
1620 2812 1656 2883 in
1683 2807 1845 2883 Domino.
1897 2814 1954 2896 4.)
1983 2801 2084 2885 Uib.

331 2967 335 2972 .
448 2937 526 2984 rum
541 2913 667 2981 rituum
683 2907 756 2982 sont
771 2910 1062 3014 relecclestoslicae
1084 2914 1137 2986 vel
1149 2911 1242 3010 poli·
1266 2918 1350 2994 litos
1377 2918 1531 2994 corintio,
1561 2936 1634 3000 que
1659 2912 1700 2980 ad
1721 2933 1826 2982 novos
1848 2906 2009 2997 conjuges
2024 2923 2061 2974 ex

448 3011 534 3082 ticae.
570 3006 796 3079 Ecclesiastico
810 3015 960 3082 revocari
974 3007 1105 3100 poliunt
1119 3017 1160 3082 ad
1173 3009 1243 3080 bare
1266 3015 1392 3091 solenni
1414 3014 1469 3086 illa
1494 3016 1621 3085 rituum
1642 3004 1811 3080 sacrorum
1832 3000 2061 3076 observatione

449 3107 575 3195 capita:
603 3113 648 3188 1.)
663 3103 791 3178 Primae
806 3107 999 3204 conjugalis
1018 3108 1245 3205 copulaiiom's
1267 3119 1443 3188 redundat.
1493 3116 1585 3183 Deus
1603 3110 1667 3195 piis
1680 3104 1836 3194 precibus
1852 3098 1997 3174 ecclesiae
2016 3100 2063 3170 iae
2093 3149 2100 3170 .·

320 3299 323 3306 ξ
443 3202 574 3298 formo.
625 3209 717 3275 Inter
739 3209 865 3291 primos
882 3206 1055 3292 immines,
1077 3210 1243 3278 adamum
1269 3237 1403 3284 vocatus
1422 3207 1690 3281 benedidtionem
1713 3199 1804 3274 suam
1830 3203 1927 3273 novis
1954 3204 2063 3283 conju·

450 3311 485 3376 de
504 3307 627 3384 Evam,
650 3326 718 3373 non
741 3302 805 3372 fine
820 3296 915 3373 sacris
938 3301 1178 3377 &solennibus
1200 3307 1245 3373 ri·
1269 3312 1366 3402 gibos
1382 3310 1540 3398 largitur,
1568 3307 1668 3374 corda
1681 3299 1828 3391 ipsorum
1846 3297 2063 3370 finceriamo·

449 3398 538 3471 tibus
563 3398 736 3494 celebrata
764 3395 837 3469 sunt
868 3403 1018 3488 nuntlae»
1054 3409 1146 3473 Deus
1175 3397 1244 3489 ipse
1269 3415 1314 3480 ris
1330 3406 1465 3480 vinculo
1488 3401 1695 3489 conglutinat
1721 3410 1755 3473 δι
1780 3395 1993 3469 conscientias
2014 3414 2065 3465 eo·

449 3499 582 3570 Adsum
601 3492 691 3568 sum
706 3492 854 3584 si>⁰¹¹s⁸ffl
874 3501 1033 3578 adduxit,
1056 3523 1128 3571 eam
1149 3522 1186 3570 ot
1208 3497 1245 3569 fi·
1270 3532 1344 3578 rum
1366 3502 1560 3582 confirmat,
1587 3502 1678 3585 quod
1709 3498 1866 3569 divinitus
1904 3493 1967 3564 snt
1992 3489 2065 3562 con·

452 3595 528 3667 liam
546 3594 633 3667 suam
648 3594 832 3665 elocavit&
847 3592 957 3684 legem
968 3595 1245 3668 matrimonialem
1269 3606 1385 3693 juncti.
1436 3597 1595 3672 Politicae
1623 3592 1723 3667 causac
1753 3592 1827 3664 sunt
1849 3591 1903 3663 vel
1923 3589 2065 3687 publica

451 3691 573 3771 sanxit,
596 3694 676 3776 quin
690 3693 828 3765 &mltis
840 3697 951 3781 nuptis
967 3693 1146 3774 benedixit,
1159 3700 1244 3766 Gen.
1271 3703 1325 3774 vel
1338 3702 1496 3797 prioutae.
1547 3691 1699 3767 Patina
1721 3693 1908 3763 communis
1934 3690 2064 3761 societa-

452 3797 478 3864 Ι.
497 3800 554 3867 28·
581 3795 622 3856 ll·
642 3812 698 3861 22·
721 3797 755 3861 ἃ
779 3812 836 3869 24.
858 3787 965 3879 ficque
986 3794 1139 3887 parensis
1149 3848 1158 3877 ‚
1183 3814 1246 3888 pa·
1271 3803 1312 3871 tis
1335 3799 1494 3870 astutius
1517 3791 1711 3881 reipublice
1732 3786 1869 3861 salutem
1895 3784 2065 3877 spestant3

338 3957 343 3966 ,
451 3883 632 3980 rorrymplrt'
655 3882 696 3956 δ’
710 3883 899 3979 sucerdotis
915 3888 1025 3962 officio
1045 3891 1159 3963 inillis
1183 3917 1246 3963 nu·
1270 3899 1404 3970 interest
1419 3898 1507 3966 enim
1521 3889 1712 3978 reipublicae
1731 3884 1834 3970 scire,
1855 3910 1927 3973 quae
1942 3897 1977 3959 dt
1991 3907 2066 3972 que·

452 3987 531 4075 ptiis
545 3981 741 4073 perfunditis
757 3986 823 4066 est,
850 4010 889 4056 ex
908 4011 973 4074 quo
989 3991 1171 4076 primarum
1186 4016 1247 4060 nu·
1271 3997 1317 4068 les
1335 3989 1489 4083 persona¹
1498 3989 1711 4062 matrimonio
1725 3985 1945 4076 copulentur,
1962 4006 2010 4066 ¹ne
2024 3981 2065 4051 ci·

452 4085 600 4174 priorum
620 4083 774 4169 exemplo
797 4085 1037 4170 proculdubio
1058 4086 1249 4159 ecclesiasti·
1272 4090 1498 4167 vineaticis,
1521 4083 1703 4161 desidiosis,
1729 4083 1908 4159 inutilibus
1920 4105 1960 4153 ac
1978 4079 2066 4170 flagi·

452 4207 491 4258 ca
503 4204 671 4252 novorum
682 4188 864 4272 conjugum
880 4177 1079 4255 consecratio
1098 4194 1132 4256 &
1148 4185 1250 4264 bent-
1273 4191 1360 4263 tiosrs
1385 4186 1577 4260 hominibus
1602 4181 1792 4270 repleatur,
1814 4202 1916 4268 utque
1935 4201 2066 4251 conten·

453 4281 557 4352 dictio
578 4280 743 4368 originem
762 4281 870 4349 traxit.
924 4277 976 4377 2.)
1004 4278 1182 4355 Gettcralt‘s
1197 4308 1248 4356 re·
1273 4289 1471 4362 tionibus&
1490 4286 1593 4361 rixis,
1616 4305 1689 4368 quae
1715 4305 1755 4350 ex
1775 4279 1983 4351 clandestinis
2001 4299 2066 4349 ms·

454 4378 539 4472 gulo
562 4374 754 4468 apostolico.
788 4381 896 4450 tCor.
915 4384 1006 4453 xlv.
1037 4406 1095 4467 40.
1126 4379 1252 4458 πάντα
1274 4388 1422 4458 trimonii
1443 4378 1712 4474 promissionibus
1735 4381 1816 4448 oriri
1838 4374 1993 4465 poliunt,
2017 4396 2068 4445 oc·

456 4474 554 4551 eund
572 4473 747 4571 adinveni
767 4469 985 4567 ἐυχημόνως,
1016 4475 1140 4550 Omnia
1154 4482 1190 4553 iu
1203 4504 1252 4552 ec·
1276 4485 1359 4558 casto
1380 4483 1604 4572 praecidatur,
1630 4480 1717 4545 unde
1745 4478 1777 4544 in
1802 4474 2001 4562 quibusdam
2020 4495 2069 4544 re-

456 4573 554 4671 elafio
568 4572 714 4644 decenter
734 4569 774 4644 ss
793 4573 909 4645 ordine
918 4576 1000 4672 ficri
1016 4573 1142 4650 debent.
1161 4583 1253 4652 Con·
1276 4581 1479 4671 buspubiicis
1502 4577 1658 4646 laudabili
1683 4597 1779 4645 more
1805 4594 2006 4660 receptum,
2035 4589 2070 4640 ur

454 4672 588 4770 jugium
611 4674 742 4742 ananeli
763 4692 892 4743 tantum
916 4698 967 4743 res
988 4674 1131 4748 bumana
1153 4679 1253 4750 dcci·
1277 4682 1352 4769 ipsae
1394 4701 1526 4765 quoque
1563 4666 1826 4760 desponsationes
1869 4670 2098 4760 magistratui

458 4770 533 4840 nilis
554 4771 594 4839 ad
614 4771 746 4859 generis
769 4769 904 4840 humani
923 4778 1200 4864 propagationem
1217 4786 1253 4848 dc
1278 4776 1527 4871 significentur,
1556 4796 1594 4843 ac
1618 4768 1739 4840 tabulis
1760 4768 1902 4859 publicis
1930 4764 2073 4841 inseran-

457 4866 650 4956 politiarum
679 4860 961 4941 conseruationem
986 4875 1162 4954 instituta,
1199 4867 1253 4945 sed
1279 4901 1345 4949 tur.
1397 4872 1552 4946 Privatae
1579 4857 1741 4939 honorc‘m
1766 4879 1800 4939 δι’
1823 4864 1947 4938 famam
1971 4888 2075 4938 novo·

458 4966 561 5037 etiam
584 4989 635 5036 res
662 4965 774 5038 divina
799 4975 833 5037 δι
858 4960 1071 5053 spiritualisa
1095 4978 1168 5043 Deo
1184 4967 1254 5060 ipso
1280 5000 1355 5047 rom
1376 4981 1557 5060 conjugum
1573 4987 1802 5052 concernunt,
1823 4988 1906 5052 quos
1926 4967 2076 5058 conjugii

457 5064 666 5152 immediate,
702 5073 738 5137 δι
760 5064 895 5151 quidem
916 5087 991 5139 ante
1013 5064 1140 5160 lapsum
1167 5071 1255 5143 inter
1280 5070 1518 5148 consummatio
1531 5064 1674 5157 publicis
1696 5073 1730 5139 &
1750 5060 1939 5137 solennibus
1956 5062 2079 5138 ritibus

2031 5164 2083 5258 aa
