4884 5984
884 537 889 546 -
1007 505 1070 581 or
1121 502 1460 586 conruere,
1630 523 1635 528 ·
1722 471 1801 528 ·“
1967 527 2014 603 ⁷7
2135 615 2138 620 Ι

386 699 488 802 Deo,
513 705 605 786 otios
621 709 687 810 fic,
713 709 901 786 ntiur'vero
916 711 983 810 fier
1016 705 1186 783 manifeste
1210 704 1327 794 sentit,
1350 707 1492 783 irhnbet
1513 708 1710 799 potestatem
1732 701 1791 781 sue
1817 701 2009 790 voiuntntin,

389 815 532 896 dicent,
568 814 778 891 continentie
803 814 927 881 denunt
953 833 1020 894 non
1050 814 1096 881 ite
1122 805 1186 881 ess'e
1210 813 1318 898 potest
1340 834 1424 900 ergo
1448 807 1574 902 eligere
1591 811 1785 899 coniugium
1804 809 1858 880 vel
1873 807 2010 880 toelibr·

388 925 590 998 commune,
623 911 661 978 u't
682 933 701 978 r
722 909 864 979 cuiusvis
887 909 1030 982 hominis·
1052 909 1188 980 eletiio-
1211 904 1381 1000 tutnt-sed
1405 911 1460 995 qui
1479 912 1567 978 douo
1587 906 1646 978 illo
1667 910 1838 980 destitutus
1859 909 1925 991 eti,
1951 910 2009 997 qui
2109 923 2112 930 '
2146 917 2149 924 '

388 1031 434 1086 ne
456 1007 619 1098 pendere,
653 1001 706 1076 sed
726 1002 789 1078 este
815 1029 984 1090 tentorum
1011 1007 1186 1078 hominum
1211 985 1339 1090 uritui,
1356 1009 1394 1094 is
1420 1003 1497 1078 scint
1524 1004 1555 1077 se
1585 1009 1696 1078 vocn'ri
1727 1009 1767 1078 nd
1793 1010 2007 1097 coniugium,

387 1105 592 1198 proprium,
636 1103 773 1192 retiquis
813 1127 895 1176 nero
924 1107 1054 1188 ditium
1094 1100 1182 1176 ess'e:
1210 1131 1243 1180 r.
1254 1131 1288 1188 9.
1346 1101 1462 1202 Quise
1480 1125 1546 1179 non
1562 1108 1747 1189 continent,
1774 1101 2006 1182 nubuntlm.

396 1193 554 1300 Qui‘non
573 1201 760 1285 continent,
784 1201 930 1283 nubent,
960 1203 1078 1275 meiius
1098 1203 1185 1274 enim
1210 1201 1357 1299 Propter
1369 1204 1633 1299 fornicationem
1652 1203 1773 1277 iubent
1788 1206 2005 1302 unusquisqne
2064 1263 2067 1268 .

388 1306 435 1401 est
455 1299 573 1374 nubere
590 1323 690 1398 qnom
708 1302 772 1374 uri.
825 1305 886 1393 ι.)
905 1300 1019 1376 Verbo
1040 1296 1185 1401 Chresti.-
1207 1325 1347 1375 uxorem
1362 1300 1475 1399 sctum
1541 1305 1648 1377 Potest
1673 1305 1807 1392 quidem
1832 1307 1933 1376 etiam
1959 1308 2004 1391 ir,

387 1403 465 1496 Qut
484 1398 593 1490 potest
616 1424 750 1489 cupere,
774 1403 899 1488 cupiet,
922 1400 1184 1474 cohortationem
1206 1403 1264 1491 qui
1287 1405 1375 1473 dono
1400 1403 1613 1475 continentie
1642 1403 1819 1476 instruitur
1845 1427 1911 1475 non
1938 1405 2005 1483 eit,

386 1498 438 1580 ud
449 1497 689 1571 concinentiam
705 1496 838 1574 iubent.
886 1495 943 1573 At
960 1502 1035 1596 quis
1045 1496 1185 1596 sopiens
1207 1499 1399 1573 coelibetttnr
1413 1499 1558 1593 eligere,
1574 1497 1629 1572 sed
1643 1499 1730 1572 illius
1745 1499 1917 1573 eoelibntus
1933 1527 2002 1573 uon

386 1596 584 1674 torreretur
604 1597 820 1694 enqunnzot
841 1599 904 1684 it,
940 1602 1028 1694 qnod
1053 1623 1121 1671 non
1140 1600 1184 1698 est
1207 1603 1271 1671 erit
1295 1603 1367 1672 Deo
1387 1621 1517 1693 gratus,
1544 1611 1620 1672 cuni
1645 1622 1712 1682 non
1733 1597 1851 1672 hubent
1866 1602 2004 1674 conium
2131 1681 2133 1688 ,

385 1699 427 1774 in
444 1693 634 1796 perflaret
670 1721 748 1771 num
770 1698 844 1794 quis
863 1723 1007 1793 unquam
1029 1696 1184 1773 hortatus
1207 1699 1302 1770 &enr-
1325 1702 1475 1789 corporis
1505 1706 1544 1804 ¹&
1567 1685 1670 1770 'asinii
1701 1700 1907 1776 cntiitntetn,
1945 1694 2001 1771 sed

379 1821 407 1870 ·e
461 1794 632 1882 homines,
669 1808 708 1870 ut
723 1796 818 1894 finnt
834 1818 900 1895 pro
924 1795 1036 1871 iente?
1078 1794 1181 1886 Resp.
1205 1799 1379 1870 interiores
1409 1798 1550 1869 ustiones
1577 1821 1615 1868 ec
1646 1793 1794 1868 flammat
1809 1855 1811 1866 .
1828 1795 2000 1879 libidinis,

487 1891 683 1986 cobortutio·
704 1896 883 1980 ueleonce
923 1920 944 1969 o
963 1894 1088 1970 Christi
1114 1918 1181 1967 non
1204 1893 1326 1983 quibtut
1344 1896 1483 1967 remedii
1502 1893 1576 1967 loco
1595 1899 1686 1967 Deus
1702 1892 1773 1984 ipse,
1789 1918 1852 1986 per
1867 1898 2001 1985 aposto·
2107 1955 2115 1980 ,

383 1993 536 2088 pertinet
555 1993 743 2068 indistinete
767 1981 808 2066 id
831 2020 965 2080 omnes,
996 1991 1051 2067 sed
1074 1996 1116 2067 ed
1138 1992 1180 2064 il·
1204 1991 1275 2064 lurn
1291 1992 1472 2082 prescribit
1486 1994 1693 2087 coniugium,
1711 1995 1800 2082 quod
1814 1998 1871 2084 qui
1886 1989 1998 2088 esper-

383 2091 437 2168 lut
457 2113 604 2179 tentum,
628 2092 749 2180 quibus
771 2097 884 2172 tetum
903 2095 951 2165 est
971 2092 1180 2178 conunenuae
1202 2112 1345 2172 nentur,
1375 2095 1492 2174 Deum,
1510 2114 1662 2178 tentent,
1692 2117 1732 2166 ee
1750 2088 1867 2168 sotenae
1889 2113 1997 2167 tente-
2038 2119 2044 2128 ·

382 2187 532 2277 donum,
556 2215 594 2264 ut
614 2215 655 2264 ex
670 2187 768 2264 versu
788 2193 941 2279 proximo
959 2187 1178 2276 menifestum,
1202 2189 1347 2262 tionibus
1372 2212 1512 2282 propter
1539 2192 1811 2266 incontinentium
1837 2188 1870 2263 se
1892 2215 1996 2280 expo·

381 2289 522 2379 reliquit
535 2293 645 2375 eninr,
672 2292 729 2377 qui
744 2286 836 2361 dorio
852 2288 1076 2363 hoc-destituti
1093 2284 1179 2367 sunt,
1201 2309 1286 2360 nunt
1298 2316 1329 2361 r.
1349 2315 1378 2378 5.
1429 2294 1480 2382 4.)
1505 2282 1719 2374 Continentes
1742 2310 1788 2360 oo
1808 2286 1939 2364 colibet
1957 2293 1995 2369 in

382 2400 421 2466 tt
437 2411 598 2473 uruntur,
622 2387 720 2461 elium
734 2387 884 2480 regulum
901 2385 1081 2477 prescribit
1094 2410 1179 2474 epo«
1192 2382 1369 2482 scripturo
1398 2384 1606 2484 tonduntur,
1655 2383 1707 2461 tr·
1723 2388 1876 2486 premiis
1904 2388 1994 2487 mifi-

380 2485 485 2562 nolus
505 2514 525 2560 :s
570 2483 699 2586 Quise
721 2510 788 2560 non
812 2488 1009 2571 continent,
1048 2481 1333 2572 nubent-ciuntur
1364 2481 1444 2560 Esai.
1460 2492 1545 2558 Lvt.
1583 2493 1689 2578 Apoc.
1708 2493 1798 2561 xlv.
1836 2494 1911 2579 Sep.
1929 2494 1990 2584 lli.

380 2589 460 2660 Nee
479 2590 516 2658 in
532 2609 657 2682 genere
680 2593 876 2675 pronunciat
893 2587 1062 2659 Christro:
1106 2578 1176 2682 Qui
1199 2580 1255 2656 Ae
1274 2582 1398 2659 eninm
1414 2585 1606 2683 premium,
1630 2584 1756 2658 nutum
1774 2585 1907 2661 taudem
1926 2612 1991 2661 me·

378 2683 462 2759 uuit
477 2709 611 2782 capere,
631 2685 763 2781 capiat,
786 2682 839 2757 sed
854 2686 911 2781 qni
923 2686 1027 2783 potest
1041 2705 1173 2778 cupere,
1197 2693 1448 2782 terricrepum
1468 2706 1539 2779 quae
1558 2708 1625 2758 non
1642 2682 1726 2779 sunt
1749 2686 1786 2758 in
1804 2689 1915 2787 nostro
1930 2710 1992 2783 po*
2145 2779 2149 2786 ι

378 2806 421 2858 co
458 2795 516 2866 ot,-
552 2809 621 2858 non
649 2809 732 2876 ergo
760 2788 902 2857 cuiusvis
931 2785 1068 2855 arbitrio
1091 2779 1175 2856 iliud
1199 2785 1335 2881 testate,
1376 2783 1555 2854 necerim
1586 2784 1728 2878 premio
1756 2783 1803 2855 osi
1829 2786 1989 2879 ciuntur,

377 2809 555 2974 teiiitquit,
585 2907 623 2954 ut
646 2880 678 2955 se
700 2885 840 2955 cestrent
864 2905 1003 2972 propter
1030 2904 1173 2973 regnum
1197 2881 1256 2975 qui
1281 2880 1512 2977 prophetant,
1541 2883 1600 2978 qui
1628 2881 1757 2978 tinguis
1801 2896 1989 2982 oquuntur,

377 2983 566 3062 celorum,
597 2977 650 3051 sed
677 2982 775 3061 ilios,
807 2980 926 3068 quibus
955 2984 1071 3051 dutum
1095 2980 1171 3065 eu,
1197 2979 1256 3075 qui
1269 2977 1402 3053 morbos
1415 2989 1552 3067 curant,
1576 2982 1635 3076 qui
1651 2980 1815 3069 demones
1828 2979 1988 3072 eiioiunt,

375 3103 514 3164 monet,
549 3103 586 3150 ut
609 3080 676 3170 noc
705 3083 792 3178 douo
817 3083 857 3148 nd
880 3083 946 3149 Dei
968 3077 1111 3168 glorium
1136 3084 1171 3148 δι
1196 3101 1276 3173 ergo
1309 3079 1515 3152 continmtio
1549 3103 1615 3152 non
1640 3084 1692 3181 est·
1707 3078 1822 3177 solum
1862 3084 1986 3159 donum

374 3177 520 3255 eecletae
542 3179 758 3248 ministerium
781 3198 925 3250 utentur.
973 3176 1076 3267 Quod
1097 3172 1171 3244 oet-
1198 3173 1293 3262 Det,
1324 3175 1388 3271 sed
1411 3175 1519 3251 libera
1545 3178 1691 3254 hominis
1716 3180 1816 3254 attio.
1881 3180 1955 3256 Res
1974 3239 1985 3258 .

372 3269 666 3351 terminus'eddit:
699 3275 772 3370 quis
797 3299 941 3370 unquam
957 3273 1169 3370 tortomsest
1192 3277 1460 3366 distinguendum
1484 3273 1531 3347 eii
1553 3276 1808 3367 donumipsum
1831 3305 1849 3350 e
1874 3280 1985 3371 legiri-¹
2052 3339 2058 3348 .

370 3375 543 3469 immines,
575 3386 613 3446 ut
625 3374 720 3470 fiunt
735 3371 935 3470 prophetet?
956 3371 1004 3442 iiii
1026 3372 1169 3461 opponi·
1191 3397 1249 3444 mo
1271 3384 1307 3447 δι
1327 3368 1458 3445 selutnri
1485 3374 1632 3447 eiusdem
1653 3373 1721 3449 usu.
1783 3381 1880 3449 Dona
1902 3400 1988 3469 prot
2088 3415 2090 3420 ·
2223 3362 2224 3371 ¹

368 3501 459 3551 mut.
479 3477 606 3547 ditium
632 3472 847 3562 apostolieum
884 3497 896 3547 ι
918 3471 999 3543 Cor.
1016 3475 1091 3542 ΧΗ.
1109 3490 1166 3545 21.
1192 3472 1324 3558 prin&
1349 3472 1526 3560 peculiaria
1548 3498 1615 3546 non
1641 3472 1765 3547 hubent
1786 3478 1983 3564 premium,

355 3571 599 3653 ·AEmulemini
622 3568 837 3667 eiorssmotn
853 3567 994 3642 melioret
1022 3575 1113 3640 xtv.
1137 3593 1165 3640 ι.
1190 3567 1248 3641 nifi
1278 3572 1413 3641 recedet
1440 3566 1586 3644 sulutnris
1606 3598 1645 3644 ec
1665 3573 1833 3664 legitimus
1859 3567 1984 3647 eorun-

364 3671 598 3753 AEmuiemini
610 3667 837 3767 spiritualia,
863 3670 976 3763 mogis
996 3677 1105 3749 autem
1127 3669 1265 3740 ut-dem
1287 3663 1372 3745 usus.
1420 3670 1472 3740 Sic
1487 3675 1543 3758 qui
1560 3671 1763 3760 prophetie,
1789 3671 1982 3765 linguarum

358 3770 583 3878 prophetetis.
652 3751 946 3866 Quemeinrodum
978 3769 1081 3858 igitur
1108 3764 1164 3837 ille
1187 3775 1222 3852 te
1247 3761 1564 3840 sentuonumdono
1587 3766 1859 3855 intertisam,
1896 3797 1983 3863 pre·
2053 3761 2061 3778 ⁸

357 3873 561 3962 'eohortetitt
572 3866 749 3957 apostolice
769 3890 836 3938 non
860 3865 978 3937 nist-de
999 3862 1064 3934 illis
1079 3865 1164 3935 rcci-
1186 3863 1253 3940 nit
1265 3865 1450 3953 recipient,
1476 3863 1499 3935 fi
1515 3868 1606 3940 iuxta
1622 3871 1687 3941 Dei
1705 3867 1909 3952 voluntatem
1923 3874 1980 3944 iir-

360 3974 509 4065 piende,
540 3969 599 4058 qui
622 3969 712 4038 dono
744 3963 966 4055 prophetandi
984 3964 1161 4042 instruitit
1186 3964 1264 4032 dem
1292 3983 1439 4048 utentur¹
1463 3965 1504 4035 ad
1533 3963 1675 4038 ecclefiae
1703 3973 1916 4039 commodum
1945 3979 1983 4044 δι

359 4076 414 4146 ite
432 4089 566 4161 quoque
591 4064 779 4140 eohortntio
797 4060 920 4135 Christi
941 4063 982 4132 ert
1002 4084 1059 4133 eos
1076 4060 1162 4130 dun·
1185 4057 1327 4131 eliorum
1350 4058 1525 4133 hominum
1547 4059 1684 4138 salutent
1705 4068 1980 4154 promovendum.

359 4192 455 4244 ruet
473 4166 638 4258 pertinet,
663 4163 720 4251 qui
739 4166 864 4234 donum
886 4160 1094 4232 continentie
1111 4158 1160 4228 di·
1185 4159 1280 4229 idem
1304 4160 1463 4232 iudicium
1482 4162 1550 4233 esto
1574 4167 1616 4237 de
1638 4165 1848 4238 continentie
1871 4167 1960 4239 dono
1967 4221 1992 4255 „

360 4269 493 4343 vinitor
511 4282 724 4352 receperunt.
775 4260 830 4350 3.)
848 4255 914 4330 tta
928 4256 1029 4340 verbe
1050 4259 1158 4332 reor.
1184 4257 1245 4362 qui
1261 4280 1302 4327 eo
1320 4262 1411 4329 nette
1433 4261 1556 4342 utitur,
1582 4283 1619 4332 ut
1640 4264 1682 4334 ed
1700 4264 1834 4351 pietatis
1853 4267 1980 4340 exerci-

358 4373 443 4442 vn.
463 4373 529 4449 36:
546 4362 638 4450 quod
666 4358 738 4432 vult
763 4353 886 4436 iaciat,
922 4381 990 4434 non
1016 4375 1159 4446 perum,
1183 4354 1228 4424 tit
1258 4364 1293 4426 δι
1319 4353 1462 4428 ecclefise
1495 4358 1672 4440 ministerio¹
1705 4359 1743 4432 stt
1764 4364 1978 4452 expeditior,

360 4468 389 4543 ti
413 4461 540 4543 nubet,
570 4457 713 4532 liberam
736 4455 865 4528 {omnini
885 4456 1053 4550 optionem
1074 4451 1159 4526 dant
1182 4475 1249 4523 non
1280 4454 1476 4542 temporalia
1497 4451 1608 4542 ,solum
1639 4453 1694 4530 sed
1716 4461 1824 4531 etiem
1855 4482 1978 4535 aeterne

358 4559 516 4664 eligente·
536 4557 738 4654 coniugium·
755 4565 816 4627 out
841 4551 1049 4638 entitatem,
1079 4575 1157 4646 quo·
1180 4551 1344 4640 percipiet
1366 4553 1512 4643 premio.
1564 4558 1661 4627 Adde
1681 4559 1769 4643 quod
1790 4560 1916 4629 donum
1931 4557 1975 4630 il·

356 4665 465 4756 motio
488 4679 570 4757 ergo
596 4678 662 4730 non
690 4656 737 4750 est
766 4655 802 4728 in
833 4651 981 4728 arbitrio
1011 4651 1164 4727 inominis'
1179 4646 1238 4718 lud
1263 4648 1381 4724 debent
1404 4651 1461 4739 pio
1486 4654 1614 4734 studio,
1645 4655 1708 4743 piis
1732 4653 1909 4748 precibus,
1935 4657 2003 4730 αι’

348 4767 530 4870 positum,
562 4767 604 4832 nst
626 4755 815 4836 oontineot,
840 4753 1005 4851 stertit!
1055 4746 1156 4839 Resp.
1180 4746 1270 4819 tuen
1289 4744 1442 4822 adversus
1463 4753 1570 4821 cernis
1585 4750 1862 4844 concupiscentius
1878 4751 1991 4830 fove.
2028 4775 2030 4782 ·

349 4860 529 4960 apossolus
560 4850 657 4930 versu
688 4848 836 4943 sequenti
867 4850 1037 4942 distinguit
1069 4851 1157 4921 inter
1168 4847 1210 4915 *ri
1239 4855 1274 4919 te
1298 4842 1516 4934 conserturi,
1547 4874 1612 4937 qun
1639 4853 1681 4921 de
1706 4873 1743 4922 re
1774 4853 1819 4923 ite
1847 4849 1974 4929 disserit

355 4966 404 5048 *to*
425 4959 567 5053 ι’ξιισὶαι
583 4947 765 5050 ἷχοιιπιρῖ
783 4951 831 5023 nti
845 4943 1158 5045 timeantque&
1182 4943 1392 5021 Chemnitius
1420 4969 1507 5035 pert.
1534 4953 1591 5021 111.
1621 4970 1725 5020 exem.
1749 4950 1790 5019 de
1808 4949 1920 5046 eoeiib.
1936 4963 1974 5030 ει

355 5077 399 5143 ὰ
417 5051 564 5136 interni
586 5049 711 5147 terinos
732 5044 819 5138 ἕτως
840 5053 998 5146 pietaten.
1040 5047 1157 5146 Quen·
1182 5045 1330 5136 virginit.
1359 5070 1430 5133 cup.
1455 5051 1512 5116 tv,
1535 5069 1573 5138 p,
1600 5067 1655 5140 37.
1707 5039 1805 5120 Sicut
1830 5047 1865 5119 in
1891 5048 1973 5123 reii-

353 5167 409 5244 ὼ
436 5158 511 5260 quir
535 5151 757 5260 ruentiruentitt⁴
780 5157 870 5225 tono
897 5143 929 5226 se
959 5149 1154 5224 murteum
1178 5142 1263 5325 quiq
1277 5143 1375 5218 tonis
1398 5143 1543 5236 divinis,
1566 5142 1646 5244 quia
1669 5166 1747 5223 coeo
1772 5143 1975 5322 conctqqiscit

512 5283 515 5288 ·
549 5265 567 5296 ··“
1289 5264 1305 5341 3
1900 5268 1973 5324 ver·
