4884 5984
332 2793 336 2856 i

332 2877 336 3026 i

332 3041 335 3096 i

332 3101 336 3164 i

641 478 705 552 DE
757 465 999 552 ABSOLV'iiS
1049 463 1385 550 NVBENDORVM
1436 473 1796 580 Qvnmn'ssuvt
1963 489 2032 566 ης

364 695 405 748 eo
421 693 659 767 propagetur,
684 675 884 763 tundemque
901 668 1088 746 universnm
1105 671 1187 746 civi·
1213 676 1310 748 steros
1332 671 1488 763 libertas,
1515 682 1591 768 quia
1612 703 1632 751 e
1650 679 1740 764 justis
1765 671 1890 764 nuptiis
1913 665 2024 741 «eln-

364 792 473 846 tetem
495 777 718 854 contaminet,
751 778 894 861 denique
910 797 987 845 cum
1005 774 1118 871 parire
1131 795 1189 845 vo·
1211 776 1337 846 duntur
1358 771 1462 857 servi,
1486 775 1509 848 l.
1527 776 1672 850 Procius.
1689 787 1747 869 67.
1766 777 1808 845 de
1828 782 1891 860 iur.
1914 773 1983 841 dot.
2001 766 2024 839 Ι.

362 869 444 967 'iens
464 889 533 947 uon
562 885 591 949 ti
608 872 810 954 audiendos,
836 875 860 945 i.
883 894 935 963 ¹3·
963 876 1005 943 de
1028 870 1185 962 adpellit.
1211 898 1288 945 cum
1310 872 1448 947 ancillis.
1471 877 1514 950 C.
1538 881 1581 949 dc
1604 876 1715 949 incest.
1739 886 1774 949 dt
1799 869 1905 943 inutil.
1927 886 2023 955 nupt.

368 969 495 1060 quibus
518 972 702 1046 rotionibor
721 975 822 1045 etium
843 970 926 1043 iliud
949 974 1024 1043 eddi
1048 975 1185 1062 potest,
1211 972 1233 1045 Ι.
1251 992 1285 1062 7.
1310 976 1352 1043 dc
1375 998 1454 1065 agn.
1473 974 1532 1050 lib.
1547 1000 1690 1065 quorum
1712 973 1900 1061 conjunctio
1916 970 1956 1038 od
1970 964 2022 1036 in·

367 1074 464 1159 quod
481 1072 668 1165 perieulum
690 1069 748 1152 stt,
774 1095 815 1142 ne
836 1095 915 1159 pers
935 1067 1028 1152 stine,
1049 1074 1185 1164 nuptia·
1210 1074 1382 1146 dividuam
1399 1075 1475 1145 vitre
1494 1070 1765 1149 consuetudinem
1785 1092 1922 1142 vocatur
1947 1087 2024 1138 cun·

367 1193 450 1242 rum
468 1170 623 1253 illatum,
647 1191 729 1259 quas
751 1171 850 1242 nimis
871 1172 1002 1242 incaute
1021 1169 1186 1261 adprobe-
1211 1168 1417 1255 tubaniam,
1451 1171 1473 1246 1.
1498 1195 1551 1247 ιι.
1569 1188 1598 1263 §.
1617 1200 1650 1260 7.
1675 1176 1717 1247 de
1739 1173 1830 1242 inor.
1852 1168 1918 1259 leg.
1939 1168 2023 1237 inte·

367 1271 437 1350 vit.
460 1273 596 1343 tetidem
612 1266 747 1359 pertaeso
763 1271 803 1341 od
824 1266 948 1342 alienos
965 1293 1093 1341 amores
1116 1270 1185 1341 uni·
1208 1274 1274 1344 rim
1301 1291 1411 1343 tamen
1433 1280 1508 1360 iure
1528 1276 1678 1366 gentium
1703 1273 1824 1363 justum
1853 1266 2024 1337 matrimo-

368 1389 467 1441 mom
480 1371 634 1458 adjiciat,
660 1367 862 1443 &adulterii
878 1390 1015 1457 peccato
1029 1368 1185 1457 ilqunec·
1210 1373 1302 1442 nium
1324 1370 1517 1445 contraxisse
1533 1375 1708 1453 dicuntur,
1732 1369 1808 1442 licet
1830 1375 1903 1455 jure
1933 1362 2023 1435 cirili

358 1464 437 1540 ¹tur.
491 1472 525 1541 si
547 1491 659 1540 tamen
680 1467 791 1540 morbi
817 1490 884 1539 non
911 1466 972 1539 srnt
1005 1465 1184 1561 contagiosi
1210 1496 1279 1543 non
1302 1467 1339 1541 stt
1357 1472 1501 1556 iustum,
1532 1470 1686 1559 horest,
1711 1489 1778 1539 non
1799 1461 1951 1536 sortiatur
1975 1453 2025 1534 es·

368 1591 434 1642 nec
462 1565 679 1648 hereditarii,
712 1568 838 1657 poterit
869 1568 1018 1658 conjugii
1049 1568 1185 1639 ineundi
1210 1565 1317 1645 fedius
1332 1578 1404 1657 jure
1418 1569 1508 1642 civili
1524 1573 1614 1658 justis
1633 1569 1756 1657 nuptiis
1770 1559 1952 1645 concessos,
1974 1583 2024 1632 at·
2054 1633 2066 1644 .
2126 1585 2129 1598 ¹

369 1662 513 1738 seruitus
534 1666 629 1750 illie.
653 1668 710 1754 qui
730 1668 894 1754 eiusmodi
920 1665 1014 1737 malis
1037 1668 1185 1755 correpti
1210 1693 1275 1757 que
1296 1691 1337 1739 eo
1361 1664 1496 1758 respicit
1516 1678 1567 1757 jus
1585 1670 1800 1746 canonicum,
1826 1664 1958 1753 quando
1973 1662 2024 1729 in-

369 1757 470 1846 sunt,
485 1767 657 1855 permitti,
681 1768 715 1837 in
730 1791 830 1855 quem
845 1761 1039 1837 sententiam
1056 1768 1185 1838 Ludov.
1210 1788 1261 1841 ter
1289 1762 1401 1840 servor
1418 1767 1519 1866 juon
1537 1771 1670 1863 nuptias
1688 1760 1858 1859 agnoscit,
1886 1781 1946 1832 tot.
1970 1759 2022 1829 tit.

371 1865 472 1936 Vives
499 1868 536 1934 in
561 1863 620 1936 lib.
645 1869 687 1935 de
714 1864 825 1935 christ.
852 1862 945 1936 foem.
976 1862 1020 1935 fic
1047 1860 1185 1935 scribit:
1210 1868 1250 1939 ἲ.
1265 1868 1306 1937 de
1321 1873 1456 1958 conjug.
1474 1863 1557 1942 serv.
1608 1870 1669 1940 Sed
1692 1889 1768 1936 cum
1793 1859 1929 1934 servitus
1947 1854 2022 1935 iilo,

373 1959 587 2056 Errmorbr‘
604 1961 742 2061 quidam
770 1963 851 2036 tetri
869 1964 942 2060 stat
962 1961 1120 2037 horrendi
1144 1959 1185 2037 8
1208 1969 1251 2037 de
1265 1990 1328 2052 qua
1348 1975 1398 2053 jus
1414 1967 1512 2038 civile
1527 1970 1666 2045 trnrint,
1692 1967 1726 2036 in
1748 1958 1919 2052 republica
1934 1955 2024 2028 chri.

373 2063 410 2137 ia
425 2060 605 2148 amabiles,
633 2074 743 2135 ramea
757 2064 791 2163 fi
815 2063 845 2135 is
858 2063 909 2162 sti
926 2063 1096 2158 utriusque
1123 2060 1185 2133 ad·
1210 2066 1308 2134 stirnn
1327 2062 1397 2136 fere
1412 2087 1480 2136 rota
1495 2065 1696 2150 exoleverit,
1724 2066 1798 2133 ideo
1812 2061 1900 2131 inter
1915 2059 2023 2143 impe-

370 2160 477 2258 seiiits
492 2156 535 2234 δ’
545 2159 773 2235 benevolentia
783 2183 866 2255 erga
877 2161 1040 2246 aiteram,
1062 2171 1185 2234 urcan-
1208 2164 1356 2236 dimentc
1372 2167 1575 2236 matrimonii
1598 2162 1735 2236 servitus
1754 2185 1820 2232 non
1838 2157 1945 2249 potest
1958 2177 2023 2225 nu·
2094 2175 2098 2184 ·

373 2262 507 2360 §agiam
524 2264 680 2356 capiam,
707 2258 933 2357 impediendas
960 2258 1018 2357 effi
1039 2283 1105 2332 aaa
1128 2283 1185 2333 ar·
1209 2266 1341 2335 merari.
1398 2261 1448 2339 Ur
1470 2265 1505 2336 in
1525 2260 1658 2365 Christo
1674 2284 1739 2333 non
1763 2255 1940 2360 esiserous
1964 2274 2023 2324 nec

376 2360 508 2446 bitror,
545 2359 723 2434 dummodo
755 2382 779 2433 a
805 2361 1004 2456 contagione
1026 2357 1115 2432 aiiii
1137 2361 1187 2460 fit
1210 2356 1314 2448 tiber,
1337 2361 1412 2435 Gai.
1431 2369 1489 2434 iil.
1511 2379 1567 2448 28.
1586 2364 1629 2434 itu
1649 2383 1780 2450 quoque
1796 2360 1834 2429 ud
1850 2378 1969 2430 vetum
1984 2359 2021 2426 dr

375 2459 527 2559 periculi.
623 2485 627 2492 ·
857 2485 861 2489 ·
1210 2464 1286 2531 Deo
1305 2485 1439 2552 gratum
1462 2464 1711 2534 matrimonium
1738 2455 1820 2530 nihil
1842 2456 2023 2545 quidquam

612 2563 616 2570 ’
705 2568 734 2644 §.
754 2558 993 2632 ccxxxvii.
1013 2557 1066 2628 Ab
1080 2558 1186 2646 impe-
1210 2558 1365 2638 interest,
1387 2558 1453 2632 stve
1471 2558 1643 2642 servurfit,
1660 2558 1724 2631 srve
1742 2556 1846 2642 liber,
1868 2554 1926 2642 qui
1939 2549 2024 2622 illud

377 2629 450 2778 ᾗ)
477 2629 564 2713 ‘2¹⁶4
632 2659 787 2730 diruentis
807 2657 1010 2728 matrimonii
1034 2652 1186 2742 respediu
1210 2657 1398 2736 contrahit,
1433 2661 1588 2734 modain
1610 2655 1762 2730 Domino
1783 2655 1864 2726 illud
1888 2671 2021 2724 contre-

442 2710 553 2856 }‚sff
631 2755 834 2852 qualitatum
850 2753 1000 2849 carparis
1013 2754 1185 2824 transitum
1212 2753 1279 2827 hat.
1322 2752 1559 2830 Wesenbecius
1575 2762 1608 2831 in
1626 2752 1783 2847 parntff.
1800 2757 1842 2826 de
1863 2756 1918 2824 rit.
1934 2771 2021 2837 nup·
2112 2779 2114 2784 ·

637 2855 775 2926 facimus
803 2861 844 2927 nd
873 2856 1112 2941 impedimento
1134 2877 1188 2924 re·
1212 2855 1284 2925 tior.
1304 2878 1397 2927 num.
1413 2878 1446 2949 4.
1499 2856 1575 2930 Irtre
1590 2856 1746 2932 Romano
1766 2853 1903 2950 nuptias
1912 2850 2021 2949 justas

380 2954 491 3048 spemn
505 2953 753 3046 qualitatum-ia
769 2956 850 3027 virae
863 2952 1052 3025 conditione
1068 2948 1109 3023 fs
1117 2954 1187 3051 fla-
1216 2948 1258 3024 is
1275 2952 1391 3026 ciuiles
1409 2957 1600 3055 constituere
1620 2965 1797 3053 nequeunt,
1820 2954 1884 3050 nist
1904 2950 1962 3045 qai
1974 2947 2022 3019 ci·

380 3067 413 3130 tu
434 3055 614 3132 exteriori.
677 3059 759 3145 Jure
785 3056 945 3126 canonico
965 3053 1187 3139 impedimen-
1211 3075 1268 3125 uer
1285 3044 1437 3127 Romani
1456 3078 1503 3136 ac,
1505 3058 1600 3152 juris
1619 3056 1718 3152 hujus
1730 3053 1917 3153 participes
1924 3044 2018 3144 sani.

378 3175 445 3229 tum
462 3153 668 3228 matrimonii
689 3153 735 3223 est
756 3151 838 3223 ardo
853 3150 1104 3251 eccrefiastican
1131 3152 1189 3237 qui
1211 3146 1325 3246 Atqui
1350 3154 1504 3227 civitatis
1518 3158 1577 3253 jus
1602 3179 1700 3251 penes
1720 3152 1839 3251 servas
1865 3172 1931 3222 aaa
1953 3149 2020 3247 est,

378 3258 516 3328 enimin
533 3250 715 3340 majoribus
728 3250 900 3323 ordinibus
920 3265 953 3325 dc
969 3248 1112 3321 ecclesrae
1125 3252 1186 3320 rni-
1211 3274 1277 3322 aaa
1307 3251 1416 3345 igitur
1433 3254 1511 3350 jare
1539 3254 1637 3328 civili
1665 3279 1737 3327 cnm
1758 3251 1858 3349 seruo
1878 3247 2020 3346 servavt
2086 3251 2106 3263 ”

377 3357 508 3428 nitierio
524 3352 692 3424 constituti
712 3345 803 3429 sunt,
830 3350 894 3419 illis
913 3350 1115 3420 mutrimonii
1137 3349 1187 3417 in·
1211 3351 1463 3424 matrimonium
1479 3357 1565 3452 conſs
1592 3355 1631 3438 it,
1656 3353 1889 3426 maximarum
1902 3343 2021 3443 exser-
2135 3427 2138 3438 ,

332 3525 347 3542 ,
376 3455 474 3527 eundi
492 3447 632 3522 facultas
647 3446 953 3539 lcgceccieficsticu
969 3450 1016 3519 est
1035 3452 1189 3527 odemtt3
1210 3471 1253 3523 vo
1268 3460 1381 3523 uenire
1393 3451 1531 3548 ingenui
1564 3452 1694 3526 amiliae
1707 3451 1836 3524 heredes
1849 3445 1942 3543 nasci
1955 3468 2021 3519 aon

376 3549 426 3626 sed
439 3549 642 3624 ostendimus
654 3548 687 3618 in
701 3552 831 3620 naon.
845 3552 887 3620 de
899 3548 1018 3618 minist.
1035 3544 1185 3620 ecclesia-
1207 3545 1347 3645 pafflam
1362 3551 1439 3645 jare
1452 3560 1562 3624 tamea
1573 3553 1725 3647 gentiam
1739 3547 1920 3625 &natura
1934 3548 2022 3641 ejas·
2168 3611 2171 3628 ,,

332 3673 338 3724 ·.
377 3653 443 3725 iiic.
468 3648 747 3739 impedimentum
772 3646 854 3718 illud
886 3646 1091 3717 niruimouii
1118 3668 1185 3714 non
1210 3648 1303 3720 madi
1328 3647 1589 3744 prohibitionem
1614 3673 1681 3724 non
1717 3646 1798 3748 affe,
1833 3641 2020 3741 exemplam

332 3803 334 3812 .
377 3747 436 3822 eii'e
453 3747 657 3840 legitimum.
707 3750 789 3835 Jure
806 3743 898 3818 civili
914 3746 1020 3822 iniis.
1045 3743 1186 3831 quimu-
1208 3744 1364 3821 Abrahae
1377 3747 1488 3834 docet,
1512 3752 1567 3825 cn·
1592 3775 1665 3826 tum
1681 3748 1806 3826 anciila
1821 3742 1928 3845 Agar
1947 3767 2022 3821 vete

332 3841 342 3874 ’·
378 3849 573 3924 wintonium
598 3841 796 3918 contrahere
818 3846 979 3938 cupiunt,
1003 3843 1186 3931 requiritur
1202 3844 1502 3953 fuiicoajagiom.

933 3992 1024 4116 Aa
1049 4036 1269 4120 Ποία
1294 4042 1377 4121 Vs
1422 4044 1481 4121 ιι.

655 4194 720 4265 DE
766 4190 957 4264 RELATIS
1007 4190 1344 4267 NVBENDORVM
1394 4191 1743 4288 QVALITATIBVS.

381 4429 553 4524 Qaiitater
705 4435 860 4507 ‘Vidimus
877 4337 1399 4522 hanenurzuasitcasidiiilrion
1424 4429 1569 4509 solumn
1595 4438 1906 4512 matrimoniorum
1931 4455 2021 4513 terte

344 4531 347 4536 ’
375 4517 573 4606 ΨΙΜΜ
636 4550 685 4603 tes
715 4535 932 4621 personarum
974 4533 1189 4605 matrimonio
1210 4532 1319 4622 usique
1338 4529 1477 4625 persono
1497 4537 1741 4626 contrahendo,
1766 4531 1875 4614 sedin
1896 4559 2024 4632 ¹genere

375 4592 579 4744 “aff
636 4626 1190 4727 coniungendarumabsolaiecon·
1211 4634 1254 4703 ab
1276 4636 1369 4705 omni
1390 4635 1528 4706 omnino
1553 4638 1710 4728 coniugio
1734 4663 1810 4709 cum
1827 4662 2023 4728 quacunque

636 4727 814 4815 fidenates,
853 4728 916 4801 hoc
942 4732 987 4801 est
1000 4779 1014 4814 ,
1045 4733 1123 4819 quid
1155 4735 1190 4804 in
1213 4728 1353 4821 persone
1381 4756 1547 4805 arcentur.
1624 4729 1836 4825 Consequens
1873 4739 1948 4818 est,
1985 4756 2023 4808 ut

378 4831 528 4925 quelibet
548 4824 687 4919 persona
716 4855 778 4917 per
803 4826 835 4901 se
862 4838 897 4901 &
919 4823 1050 4899 seorim
1080 4833 1191 4918 requi·
1215 4831 1389 4919 qualitates
1404 4827 1619 4920 personarum
1635 4836 1847 4916 matrimonio
1864 4834 2025 4926 copulan-

375 4957 490 5016 ntur,
512 4950 551 5001 ut
568 4929 779 5000 matrimonio
795 4926 913 4998 habilis
931 4936 966 5000 &
981 4929 1099 5002 idoneo
1114 4955 1192 5001 cen·
1216 4933 1334 5002 dorum
1355 4927 1596 5004 confideremus
1615 4930 1737 5018 relate,
1763 4932 1827 5007 hoc
1850 4936 1916 5015 est,
1943 4935 2023 5024 quid

376 5031 512 5113 sutor„
533 5023 654 5116 quibus
679 5028 736 5114 qni
762 5027 1010 5112 destituuntur,
1037 5026 1078 5099 ab
1100 5030 1192 5101 omni
1215 5030 1251 5100 in
1268 5024 1416 5119 personis
1430 5030 1572 5100 invicem
1588 5034 1828 5123 conjungendis
1847 5032 1892 5105 ob
1909 5054 2024 5105 mutu⁴

372 5135 511 5228 penitus
530 5126 747 5200 matrimonio
767 5122 998 5200 excluduntur.
1060 5130 1113 5203 Sic
1135 5151 1194 5201 eu·
1217 5152 1275 5202 utu
1302 5152 1420 5199 earnm
1442 5123 1631 5228 tripodium
1645 5132 1858 5232 requiratur.
1881 5151 1919 5206 et
1941 5128 2029 5226 legi·

1293 5232 1360 5322 Gg
1383 5248 1404 5300 a
1945 5252 2027 5310 tame
