4884 5984
744 455 806 526 nu
857 453 1132 556 rouretum
1184 442 1492 523 srnvurnntn.
1889 469 1961 536 ιιι

368 651 596 748 polygamiam
621 649 801 724 christianis
820 649 944 722 licitam
970 659 1004 724 δι
1026 673 1106 722 eon·
1129 646 1275 718 tionibus
1296 647 1461 718 includit:
1520 641 1569 741 r.)
1595 637 1706 718 Circa
1719 639 1957 740 polygamiae·

348 761 405 835 'om
429 751 494 827 etl'e
515 749 653 841 publico
672 746 795 841 scripto
813 755 1006 838 contendit,
1027 747 1104 822 libr.
1129 756 1199 817 tarn
1228 747 1350 818 uxoris
1372 770 1445 816 cnm
1473 745 1592 816 errultir
1623 744 1734 827 airis,
1766 766 1865 839 quam
1888 747 1958 819 uiri

359 852 542 934 dial.XXl.
562 875 599 940 p.
618 872 697 922 200.
728 875 828 937 quem
859 855 941 923 Bezu
969 852 1002 917 in
1025 846 1103 922 libr.
1129 869 1200 916 mern
1221 847 1339 917 miultis
1362 841 1531 916 uxoribus
1547 842 1657 916 niellus
1674 844 1771 916 lamo
1784 841 1956 940 despensa-

348 957 470 1050 repud.
486 963 522 1026 t<
535 954 657 1022 divort.
676 944 870 1028 insectatur,
895 974 931 1018 ιιι
949 946 1031 1017 nihl
1053 950 1103 1018 di·
1128 969 1163 1017 re
1184 949 1302 1045 potest,
1332 941 1373 1017 ss
1394 945 1543 1015 maxime
1558 945 1630 1051 post
1644 943 1853 1038 euvangelium
1866 967 1954 1039 prae·

348 1085 402 1132 tus
420 1063 464 1128 de
498 1048 667 1123 veteribus
694 1046 871 1130 hereticisa
904 1046 1103 1120 Basilidis&
1129 1043 1289 1117 eticorum.
1342 1048 1522 1116 Rationem
1540 1049 1650 1114 adtert
1666 1043 1773 1114 hanc:
1800 1044 1880 1138 qaia
1892 1069 1955 1141 pa·

348 1154 502 1249 „uerutis
515 1145 692 1220 settatoces
708 1142 935 1219 indifferenter
947 1142 1104 1237 congres-
1129 1143 1285 1237 sugamia
1300 1140 1475 1238 prostibita
1492 1144 1555 1241 esi,
1578 1144 1727 1237 primum
1741 1145 1818 1238 jure
1835 1142 1955 1217 diuina

358 1261 531 1339 uariasque
554 1250 686 1334 nuptias
707 1241 926 1338 admiserunt,
961 1247 1104 1318 lrenaeus
1128 1243 1302 1325 naturali,
1338 1237 1379 1315 8
1399 1240 1517 1314 deinde
1537 1244 1615 1334 jure
1640 1241 1758 1314 diuina
1783 1244 1955 1339 euangeli-

348 1387 361 1431 ι,
380 1357 410 1430 Ι,
442 1376 514 1439 cap.
533 1344 675 1418 XXXll.
741 1352 993 1435 Hermogenem
1020 1349 1105 1417 Ter·
1129 1365 1184 1426 ca,
1212 1367 1278 1415 non
1290 1340 1398 1439 potest
1419 1352 1528 1412 autern
1546 1339 1694 1434 inseriae
1712 1339 1902 1438 dispensare
1918 1346 1954 1418 in

349 1461 446 1530 imus
462 1446 600 1540 arguit,¹
622 1448 711 1532 quod
730 1447 877 1532 quotidie
899 1444 1055 1518 nuberet.
1131 1442 1202 1536 lege
1218 1441 1426 1541 superioris,
1446 1441 1591 1538 proinde
1616 1465 1673 1513 nec
1695 1440 1792 1514 lranm
1823 1443 1858 1514 in
1882 1443 1954 1541 lege

588 1547 796 1632 §.ccxxn
840 1550 881 1627 l.)
900 1538 1104 1612 Potiffimum
1132 1538 1212 1615 Dei.
1266 1539 1319 1638 2.)
1332 1539 1446 1642 Potest
1461 1537 1556 1613 Decus
1575 1538 1767 1638 dispensare
1788 1543 1879 1615 circa
1890 1569 1954 1640 po·

348 1627 485 1765 purpenta
545 1667 610 1736 pro
634 1642 824 1713 stabilienda
841 1639 1031 1733 poligamia
1051 1664 1100 1710 ar·
1129 1640 1317 1736 lygamr‘arn
1337 1643 1436 1713 unins
1459 1642 1529 1714 viri
1559 1664 1632 1712 curn
1654 1640 1812 1739 pluribus
1834 1648 1954 1718 uxori·

353 1717 482 1868 lma
542 1765 741 1835 gumentum
783 1744 916 1830 petroni
956 1743 1103 1827 ejusdem
1128 1738 1210 1829 bue,
1234 1764 1302 1815 nan
1330 1753 1440 1814 autem
1468 1741 1568 1812 unius
1590 1743 1711 1815 uxoris
1734 1766 1807 1815 curu
1836 1743 1955 1821 multis
2059 1772 2066 1781 ·

348 1873 445 1929 rma.
543 1865 584 1916 ex·
607 1838 799 1937 saniiorum
828 1840 1104 1937 patriarcharum
1127 1843 1224 1915 airis.
1274 1845 1452 1915 Rationem
1479 1838 1589 1913 adfert
1617 1840 1737 1918 talem:
1766 1837 1849 1914 Duo
1865 1867 1954 1939 prae.

351 1944 409 2007 Ex
422 1958 481 2026 na·
543 1940 695 2037 exemplo
722 1944 900 2012 deducunt.
966 1946 1028 2013 Sed
1060 1941 1101 2010 ad
1127 1952 1294 2038 cepionem
1322 1963 1445 2037 genera
1467 1939 1515 2012 ad
1524 1943 1585 2035 jur
1610 1953 1742 2014 rrutnrae
1761 1944 1951 2038 pertinent,

348 2022 496 2089 mm
545 2039 629 2113 illud
658 2037 879 2114 diversimode
910 2034 1103 2129 responderi
1127 2041 1280 2137 quadam
1295 2038 1506 2136 universalia
1529 2037 1570 2113 Εἰ
1586 2041 1953 2140 cammurriffima,quae

348 2103 467 2222 ”⁹¹⁰2
548 2136 640 2213 solet.
692 2137 909 2211 Bellarminus
927 2143 968 2209 de
985 2141 1101 2211 matri·
1120 2140 1205 2238 sunt
1234 2140 1325 2214 uelut
1350 2141 1526 2243 principia
1550 2141 1666 2236 prima
1684 2143 1776 2238 juris
1802 2155 1950 2231 nntnrae,

348 2267 374 2315 n,
406 2247 534 2333 canl(-
563 2232 711 2316 recenset
736 2262 800 2308 tres
831 2237 1015 2312 sententias.
1061 2243 1104 2320 ¹.)
1127 2241 1282 2338 quadam
1297 2237 1393 2318 alia,
1417 2261 1488 2335 quae
1505 2241 1683 2342 exprimis
1696 2253 1856 2338 tanquam
1872 2265 1950 2314 can·

348 2345 437 2416 idam
478 2340 694 2421 existimant,
750 2336 967 2433 patriarchas
1002 2358 1102 2409 unam
1130 2340 1288 2440 clnfianer
1315 2336 1523 2411 derivantur.
1590 2337 1719 2414 Priora
1754 2340 1814 2413 illa
1844 2343 1951 2415 conti·

348 2453 418 2520 uro
441 2437 632 2534 legitimam
657 2458 796 2510 necarem
827 2432 991 2534 tabuise,
1024 2448 1105 2507 cete·
1128 2452 1207 2513 nent
1224 2441 1276 2513 ita
1292 2436 1529 2535 universaliter
1547 2437 1700 2533 regulam
1721 2439 1949 2533 retiituelinir,

358 2535 650 2616 eerocnncutincs
665 2533 896 2633 earctmsnise.
951 2539 1101 2629 2.)Qui·
1129 2542 1227 2613 utin
1252 2537 1341 2612 nullo
1368 2535 1446 2634 casu
1472 2538 1636 2610 mentione
1652 2538 1721 2611 ulla
1750 2540 1949 2636 indigeant,

348 2669 362 2714 ι
386 2661 507 2713 contra
527 2641 693 2723 statuunt,
709 2635 874 2729 feminas
897 2637 974 2709 illas
992 2637 1104 2733 patri·
1133 2635 1174 2712 δ’
1192 2638 1266 2711 idco
1277 2635 1363 2734 stent
1388 2639 1523 2709 omnino
1545 2637 1849 2735 indispensabiliat
1867 2665 1951 2738 qna·

348 2740 466 2815 iarum
489 2758 586 2811 ueras
611 2732 653 2808 ἔθ’
673 2735 846 2832 legitimas
871 2760 992 2810 necares
1008 2730 1103 2829 sues·
1129 2738 1180 2810 lia
1191 2737 1453 2836 suntpraecepta
1468 2734 1632 2832 decalogi.
1683 2736 1874 2839 Posteriora
1888 2765 1949 2816 au-

361 2843 446 2930 quin
465 2839 565 2911 etiam
595 2832 768 2914 adserunt,
796 2836 833 2908 id
861 2859 925 2908 non
947 2829 1006 2930 ese
1023 2856 1105 2931 prae
1128 2849 1192 2910 tem
1211 2838 1523 2932 continentqnirlem
1545 2836 1697 2931 regulam
1718 2838 1946 2932 certitudinis,

348 2939 452 3024 itum,
476 2936 540 3035 nist
550 2937 626 3031 jure
642 2937 786 3030 pastino
806 2937 1008 3031 euangelica.
1049 2935 1102 3025 3.)
1120 2935 1183 3033 sed
1199 2935 1385 3032 aliqnando
1403 2938 1542 3008 mutatis
1558 2938 1816 3037 circumstantiis
1838 2966 1947 3014 rernm

348 3041 438 3118 Maus
456 3039 510 3112 viu
534 3038 767 3125 ingrediuntur
792 3040 917 3114 medio,
940 3033 1098 3124 oenotri·
1131 3034 1170 3110 st
1187 3035 1403 3132 personarum
1429 3035 1574 3133 utileest
1600 3035 1704 3129 legem
1730 3042 1874 3125 enectari,
1903 3038 1947 3115 ab

348 3137 400 3216 tn's
416 3160 463 3211 ex
483 3134 604 3208 diuina
623 3131 867 3230 dispensatione
885 3129 1015 3231 licuise
1023 3132 1103 3229 plu·
1127 3160 1163 3208 eo
1171 3135 1330 3232 seilicet,
1355 3136 1414 3230 qni
1428 3134 1532 3230 legem
1545 3157 1589 3229 pa
1608 3138 1668 3208 nit.
1721 3139 1948 3231 Polvgamiam

348 3259 488 3322 'motet
513 3233 643 3318 docere,
677 3260 776 3322 quom
807 3233 997 3307 seutentiam
1030 3231 1100 3305 Bel·
1127 3237 1223 3307 unius
1240 3233 1387 3306 foeminae
1406 3260 1484 3304 eum
1505 3234 1617 3305 multis
1640 3236 1719 3305 viris
1740 3240 1821 3308 dicit
1842 3243 1948 3328 perti·

348 3338 552 3412 ninus'rene
569 3354 663 3405 vocat
679 3357 890 3406 communem.
944 3336 1101 3404 Eamdem
1127 3359 1206 3406 nere
1229 3333 1275 3406 nel
1292 3334 1408 3430 prima
1433 3331 1491 3403 illa
1506 3333 1679 3430 principia
1689 3336 1781 3429 juris
1796 3348 1944 3426 natante,

348 3465 375 3511 m
407 3434 658 3523 amplctiuntur
691 3431 898 3505 Lombardus
933 3442 967 3506 δι
1002 3429 1103 3521 pleri·
1125 3437 1268 3519 ideoque
1301 3458 1363 3521 per
1396 3431 1520 3502 nullam
1550 3436 1768 3504 mutationem
1804 3437 1946 3508 circum·

348 3532 550 3614 {scholastici
568 3530 628 3604 lib.
644 3538 701 3606 lV.
728 3529 807 3604 sent.
828 3537 900 3606 dili.
923 3557 976 3622 ιι.
1014 3535 1098 3601 Tur·
1127 3533 1318 3603 {lamiarum
1340 3529 1428 3617 polle
1451 3527 1524 3602 fieri
1542 3528 1681 3613 bonam,
1709 3529 1797 3603 secus
1814 3559 1894 3606 vero
1913 3531 1945 3610 se

348 3656 472 3710 temate
489 3643 524 3708 dt
547 3629 602 3700 alii
622 3634 796 3703 canonistae
817 3633 849 3701 in
883 3658 911 3703 c.
931 3622 1104 3701 dixirSo-
1128 3656 1199 3701 rem
1230 3628 1352 3701 habere
1379 3631 1415 3699 in
1440 3628 1630 3719 polygamio
1656 3633 1752 3702 unius
1783 3635 1944 3707 ulricum

356 3759 412 3828 3²·
437 3758 472 3822 q.
494 3762 528 3824 4.
553 3753 593 3800 ex
615 3732 858 3803 recentioribus
882 3734 1022 3802 Artorius
1043 3725 1102 3800 lib.
1130 3729 1242 3799 multis
1265 3724 1442 3805 uxoribus,
1486 3754 1557 3815 quat
1587 3733 1627 3800 ad
1650 3733 1812 3825 posterius
1840 3755 1945 3829 genus

348 3835 468 3916 ‚inuit
548 3827 607 3901 tul.
626 3837 812 3917 c.x111.q.·
836 3853 861 3901 ι.
899 3832 1048 3901 Peresius
1070 3830 1102 3898 in
1124 3839 1369 3926 praeceptarum
1397 3830 1578 3917 pertineat,
1609 3854 1647 3899 ac
1668 3818 1953 3919 dispensationem

348 3933 478 4010 uXVl.
560 3921 624 4001 uel.
653 3924 735 4018 disp.
762 3950 789 4000 1.
849 3926 1035 4016 Alphonsus
1061 3931 1103 3999 de
1129 3930 1292 4000 admittat.
1350 3921 1766 4022 3.)Acldispensntionem
1788 3931 1956 4005 diuinum,

348 4035 405 4106 iro
430 4024 557 4101 advers.
585 4024 695 4100 luceres.
722 4032 756 4097 in
777 4025 869 4099 verb.
894 4030 1052 4115 Nonne,
1070 4034 1104 4098 δι
1129 4048 1194 4099 nan
1225 4026 1407 4122 requiritur
1427 4033 1566 4097 externa
1587 4025 1704 4121 aliqua
1724 4029 1866 4114 locutio.
1889 4032 1944 4105 uel

359 4129 562 4218 complures.
614 4134 739 4199 Verum
760 4125 794 4196 lsi
811 4130 932 4198 iterum
947 4130 980 4195 in
994 4129 1103 4196 divor·
1121 4125 1312 4223 scriptura,
1335 4149 1393 4195 nec
1403 4122 1548 4219 suffieit,
1569 4126 1657 4219 qnod
1673 4126 1760 4200 retia
1776 4132 1868 4203 ratio
1888 4130 1942 4204 di·

352 4225 587 4304 senteotiarum
602 4224 735 4298 abeunt.
771 4229 918 4322 Quidam
940 4229 1028 4296 enim
1047 4248 1104 4293 vo·
1129 4225 1206 4311 tter,
1231 4224 1337 4295 alicui
1357 4222 1450 4295 illam
1471 4219 1529 4317 esse
1550 4221 1698 4310 licitam,
1718 4223 1782 4322 sed
1800 4225 1942 4325 requiri.

348 4351 381 4412 t,
398 4324 550 4428 singulis
569 4323 727 4421 patribus
748 4324 948 4422 peculiarem
970 4318 1103 4417 adfuis-
1129 4336 1185 4396 tnr
1203 4322 1391 4419 peculiaris
1417 4319 1596 4417 inspiratio
1623 4320 1702 4395 Dei.
1756 4322 1834 4401 Lex
1853 4330 1941 4401 enim

348 4428 489 4509 liuinanr
504 4420 776 4520 inspirationem,
800 4447 866 4519 qna
883 4421 1104 4519 intelligerent
1123 4420 1304 4521 prohibens
1321 4420 1558 4517 polygamiam
1581 4445 1647 4493 nan
1665 4433 1739 4495 erat
1750 4423 1865 4522 solum
1880 4452 1942 4501 na·
2000 4429 2002 4433 ’

348 4554 390 4604 re·
412 4525 482 4629 filei
517 4524 639 4596 divina
675 4521 918 4621 dispensatione
948 4519 1104 4617 pluribus
1128 4522 1272 4607 taralis,
1296 4523 1376 4619 quia
1397 4518 1490 4594 rene
1509 4522 1638 4597 rationi
1656 4523 1857 4616 conformis,
1876 4526 1941 4626 sed

348 4625 453 4704 nitus
456 4625 562 4722 jungi
568 4623 643 4704 solii
653 4622 1026 4717 volonrsullicere,qzrod
1032 4622 1103 4716 pri·
1126 4625 1205 4719 qnia
1239 4619 1334 4695 Deus
1361 4618 1506 4717 speciali
1535 4619 1755 4718 inspiratione
1783 4625 1942 4703 dotaverat

348 4724 708 4828 rpatriarclrirdinina
722 4721 940 4822 inspiratione
955 4726 1103 4794 innotne·
1125 4720 1320 4806 Artemam,
1346 4745 1416 4817 quse
1439 4715 1513 4817 eset
1538 4733 1664 4793 natrrra
1685 4727 1898 4800 matrimonii
1917 4753 1939 4801 a

352 4853 392 4904 ea
410 4819 628 4922 dispensatio.
681 4832 764 4896 ltem
790 4824 843 4892 alii
869 4825 952 4893 hanc
971 4818 1100 4908 dispeu-
1118 4821 1158 4919 se
1179 4823 1340 4921 inusitati,
1370 4817 1411 4892 ss
1436 4820 1578 4915 proinde
1591 4818 1630 4915 se
1646 4821 1739 4909 veile,
1765 4836 1805 4898 ut
1826 4831 1941 4900 niano·

348 4953 446 5004 onem
463 4934 595 5000 tantum
616 4948 688 4995 curn
704 4921 827 5018 populo
847 4918 932 5006 Dei,
958 4920 1012 4993 alii
1029 4942 1102 4992 enen
1125 4923 1277 5018 gamiam
1300 4923 1488 4992 contineret.
1545 4918 1644 5019 Ergo
1670 4934 1708 4994 nt
1722 4921 1865 5018 speciali
1886 4928 1939 4999 in·

348 5025 442 5104 uibus
466 5019 623 5122 gentibus
638 5022 770 5117 saliam
799 5026 929 5092 docent.
981 5018 1099 5090 Bellac·
1119 5020 1311 5119 spirntione
1324 5016 1465 5114 ‘sancita
1477 5016 1599 5110 scierat
1619 5043 1642 5091 a
1661 5015 1737 5093 Deo
1752 5023 1810 5098 lex
1824 5047 1936 5098 mona.v

348 5153 396 5210 ιω
414 5128 523 5226 igitur
541 5117 634 5201 suam
658 5121 853 5205 sententiam
878 5116 931 5202 sax
952 5115 1104 5213 propon-
1124 5122 1269 5222 gamr'ae,
1297 5120 1348 5200 itu
1359 5113 1508 5220 speciali
1528 5117 1751 5223 inspiratione
1769 5138 1939 5241 apuscrut

523 5263 529 5272 ⁸
1899 5245 1938 5300 ΙΙ
