4884 5984
745 510 807 585 oa
859 454 1087 580 caiunrs
1138 505 1410 580 anomalus.
1811 527 1899 615 ²⁴7

240 710 451 791 instituendo
475 717 510 785 dc
537 708 718 782 ordinanda
743 708 798 778 eii.
853 708 903 779 Sic
930 706 1196 794 orandorum,
1222 698 1345 774 isaacus
1368 704 1559 800 Jacobum,
1583 730 1655 795 qua
1683 715 1728 785 ast
1757 709 1899 788 secunda

240 824 440 905 queritur,
475 832 578 898 quoto
604 811 709 898 gradu
736 806 891 876 Noachus
909 810 1003 877 distet
1021 804 1062 873 ab
1086 808 1277 895 generatio,
1302 808 1444 893 Jacobus
1468 810 1610 882 Dinam,
1637 834 1708 893 quae
1727 818 1772 884 eil
1797 797 1914 908 gene-'i

245 916 421 995 inacho,
460 914 711 1000 generationum
738 903 831 974 series
859 905 900 974 ab
925 904 1062 974 Enocho
1088 906 1170 972 ratio
1187 904 1306 980 tertia,
1331 909 1405 976 ideo
1418 910 1604 996 pronuncio
1621 912 1725 980 tribus
1741 917 1901 1004 gradibus

245 1010 352 1104 esque
371 1015 414 1085 ad
434 1007 609 1082 Noaclmm
635 1008 669 1076 in
692 1001 779 1074 linea
796 999 1064 1091 perpendiculari
1088 1005 1210 1072 Dinam
1249 1001 1291 1070 ab
1327 1008 1516 1076 Abrabamo
1546 1011 1674 1081 distare.
1739 1020 1776 1083 in
1810 1017 1899 1086 linea

248 1116 352 1187 uuiis
367 1111 590 1203 subjicienda,
613 1103 678 1174 hoc
694 1105 815 1173 modos
1087 1094 1296 1187 transverso,
1319 1123 1385 1173 tam
1401 1104 1644 1194 equali‚quam
1660 1111 1831 1198 inaequali,
1847 1123 1900 1202 jue

522 1201 680 1283 Heuocb,
1086 1196 1185 1270 civile
1204 1199 1319 1269 itidem
1345 1200 1440 1290 jubet
1458 1209 1624 1276 numerari
1645 1214 1900 1299 generationes,

523 1295 775 1398 Matiusaiem,
1087 1293 1195 1369 sedin
1222 1320 1363 1389 utroque
1388 1300 1506 1388 latere,
1539 1307 1583 1374 ita
1611 1327 1647 1374 ut
1674 1332 1735 1393 per
1756 1313 1900 1399 stipitem

525 1400 692 1486 Lamech,
1089 1391 1296 1479 transeatur,
1324 1400 1388 1470 hoc
1404 1404 1475 1483 est,
1501 1405 1576 1488 quia
1606 1400 1753 1491 personae
1775 1411 1808 1480 in
1830 1434 1901 1481 uno

507 1502 642 1578 ‘Noni
1087 1499 1210 1576 latere,
1235 1506 1326 1584 juxta
1345 1522 1469 1573 certam
1492 1498 1607 1572 seriem
1628 1504 1815 1594 collocata,
1832 1533 1899 1580 non

254 1609 287 1679 ln
300 1601 393 1677 linea
407 1600 610 1684 collaterali,
635 1599 766 1690 quando
780 1597 821 1668 de
836 1594 977 1666 duarum
988 1615 1065 1682 per·
1090 1592 1162 1664 sunt
1185 1618 1386 1686 generataea
1409 1597 1579 1690 personis,
1609 1603 1645 1670 in
1668 1604 1772 1678 altero
1797 1607 1901 1680 latere

254 1694 409 1779 barrum
433 1706 629 1794 cognatione
653 1698 829 1787 quaritur,
862 1697 972 1782 primo
995 1714 1067 1761 om·
1090 1698 1299 1782 conilitutis,
1322 1692 1375 1767 sed
1396 1700 1552 1786 utrinque
1569 1724 1586 1767 a
1602 1708 1772 1775 communi
1790 1704 1902 1797 aliquo

255 1804 343 1873 oium
380 1803 553 1891 utriusque
582 1793 732 1892 personae
759 1819 880 1864 nomen
918 1794 950 1860 in
980 1789 1066 1860 linea
1078 1780 1200 1884 ⁸stipite
1218 1796 1385 1887 originem
1406 1796 1549 1880 habent,
1573 1800 1650 1868 ideo
1666 1801 1699 1870 in
1717 1829 1785 1876 uno
1800 1807 1903 1877 latere
2020 1816 2023 1826 '

256 1897 463 1972 transversali
477 1925 636 1989 ponatur,
653 1899 762 1987 polica
774 1901 863 1981 juxta
877 1890 1065 1982 generatio·
1090 1920 1108 1965 a
1124 1889 1264 1983 persona
1291 1893 1369 1982 illa,
1395 1899 1436 1966 de
1457 1905 1549 1983 cujus
1567 1901 1767 1985 cognatione
1784 1905 1903 1990 queri·

257 2022 332 2070 num
354 1993 473 2071 seriem
493 2026 554 2088 per
574 2005 745 2082 utriusque
764 2015 916 2082 parentes
933 1983 1065 2059 adscen·
1092 2016 1167 2072 tur,
1190 1994 1284 2079 jubet
1313 1991 1510 2067 adscendere
1533 1999 1572 2065 ad
1593 1999 1736 2084 iiipitem
1768 2001 1820 2073 seu
1848 2010 1908 2091 ρι’·

259 2098 369 2181 latur,
397 2095 552 2185 usquead
575 2118 787 2169 communem
805 2093 948 2177 stipitem
965 2089 1067 2158 inter·
1093 2114 1222 2164 rentem
1250 2116 1495 2175 communem,
1528 2116 1625 2179 atquc
1659 2098 1701 2166 ab
1730 2105 1846 2172 eodem
1871 2106 1906 2171 in

263 2195 467 2270 mediolaco
484 2204 701 2287 ponendum,
725 2192 788 2263 hoc
808 2193 925 2261 modo:
1092 2188 1245 2280 oppofito
1268 2190 1371 2263 latere
1388 2189 1496 2263 rursus
1515 2189 1711 2267 descendere
1734 2204 1773 2269 ad
1791 2196 1905 2295 perso·

236 2302 248 2319 ’
616 2290 750 2376 ΤΙιανα,
1092 2316 1168 2361 nam
1188 2289 1351 2370 alteram,
1376 2294 1418 2362 de
1445 2316 1508 2378 qua
1536 2285 1603 2379 ipsa
1624 2315 1757 2384 quoque
1785 2302 1903 2385 quai.

406 2389 606 2480 Abraham,
756 2382 895 2474 Nabar,
1093 2409 1228 2474 tur‚·ac
1251 2399 1330 2484 quoa
1346 2385 1522 2484 utrobique
1541 2388 1826 2485 deprehenduntur
1846 2421 1905 2491 ga·

241 2488 246 2497 ’
339 2570 347 2577 ,
409 2490 529 2590 Isaac,
753 2484 913 2572 Bellus,
1091 2486 1280 2562 errationes
1298 2490 1519 2569 intermedia,
1545 2498 1596 2560 tor
1611 2492 1777 2584 gradibus
1792 2493 1905 2591 perso·

274 2670 277 2677 Ι
749 2585 905 2661 Rebecca.
1094 2612 1157 2662 aas
1179 2583 1283 2673 idas,
1319 2585 1498 2684 dequibus
1525 2588 1757 2682 querebatur,
1781 2595 1905 2694 distare
1946 2614 1949 2620 ’

269 2686 761 2781 iappumtiolivccomputatio
774 2692 937 2776 graduum
949 2677 1071 2769 duplex
1092 2689 1321 2784 pronunciat,
1347 2690 1377 2758 d.
1403 2687 1424 2758 i.
1453 2711 1504 2763 to.
1529 2701 1561 2768 ξ.
1588 2715 1611 2781 9
1653 2705 1686 2764 de
1721 2703 1772 2767 ιε.
1804 2692 1840 2765 ff.
1864 2694 1906 2767 de

237 2814 241 2823 ’
393 2861 399 2875 ,
452 2859 460 2873 ,
525 2788 594 2874 cll,
633 2788 694 2859 alia
727 2788 818 2882 juris
842 2782 1071 2891 civilius-iia
1095 2784 1249 2882 grad&
1267 2784 1370 2880 uaifiu.
1390 2788 1428 2859 a.
1448 2789 1577 2880 gralia.
1596 2796 1625 2860 Si
1643 2815 1909 2881 quarumnquo·

237 2866 250 2947 i
274 2852 474 3001 1‘)ss.}s}³“'
517 2889 610 2984 juris
636 2885 800 2959 canonici.
858 2885 947 2973 Juris
967 2878 1072 2952 civilis
1097 2910 1132 2957 to
1145 2889 1252 2977 gradu
1269 2888 1363 2956 diliet
1380 2885 1531 2958 Rebecca
1552 2886 1593 2958 ab
1612 2886 1736 2962 isaacnr
1761 2895 1905 2978 primos

237 3000 255 3027 ’
400 2982 410 3005 ‘
527 2987 596 3057 hacc
612 2988 658 3057 est
673 2973 1074 3076 regulaperpctuazl'tr·
1097 2987 1250 3059 Rebecca
1272 2981 1433 3053 adscendo
1456 3008 1557 3071 usque
1582 2994 1620 3055 ad
1645 2991 1788 3076 stipitem
1815 3015 1908 3061 com.

237 3038 346 3181 sluaa
360 3094 523 3181 generata
530 3081 662 3181 seurqer
674 3083 797 3178 adjicit
816 3079 982 3176 gradum,
1007 3075 1072 3149 hoc
1097 3107 1232 3154 munem
1249 3084 1380 3160 There,
1409 3083 1607 3154 &invenio
1631 3107 1697 3156 tres
1720 3092 1910 3175 generatio·

237 3172 330 3273 lest,
357 3192 439 3281 quot
450 3180 534 3277 strat
554 3185 801 3279 generationes,
826 3192 877 3252 tot
890 3178 974 3274 sieut
991 3201 1072 3271 gru·
1096 3208 1172 3260 nes,
1195 3185 1270 3268 quia
1297 3183 1450 3253 Rebecca
1470 3187 1582 3271 genita
1605 3187 1652 3253 est
1676 3211 1694 3255 n
1723 3187 1909 3270 iierhueie,

237 3282 244 3361 ἶ
280 3281 338 3356 iar.
388 3285 531 3354 Proinde
554 3286 588 3353 in
610 3283 696 3355 linea
717 3285 827 3359 resta,
852 3304 918 3351 tour
940 3280 1069 3350 adi'cen·
1097 3279 1234 3352 iietbuel
1266 3305 1304 3352 ex
1337 3279 1505 3363 Nachor,
1544 3281 1740 3355 Nachorcx
1761 3285 1908 3369 There,

237 3392 243 3467 ζ.
280 3382 415 3455 dentium
444 3406 543 3467 quam
570 3377 837 3453 descendentium
859 3375 953 3465 jubet
979 3379 1072 3446 initio
1097 3381 1206 3468 postea
1225 3378 1393 3450 ulteriora
1412 3384 1583 3450 communi
1604 3381 1835 3469 liipiteThara
1849 3392 1907 3458 de·

237 3494 260 3571 ζ·
280 3479 381 3562 abeo,
406 3482 448 3551 de
463 3486 555 3567 cuius
571 3483 768 3571 cognatione
782 3480 957 3564 quaritur,
986 3473 1072 3544 sado
1100 3474 1240 3559 scendo,
1260 3479 1416 3562 usquead
1432 3473 1594 3560 isaacum,
1621 3489 1656 3554 δι
1675 3483 1814 3552 invenio
1827 3488 1907 3557 duae

279 3600 441 3651 numerare
461 3581 712 3668 generationes,
738 3603 775 3647 ac
796 3578 994 3664 pronunciat
1016 3573 1076 3642 fiu-
1101 3577 1340 3665 generationes.
1403 3571 1514 3646 ‘share
1542 3579 1630 3646 enim
1657 3583 1775 3668 genuit
1800 3583 1908 3655 Abra-

237 3626 252 3747 i
281 3677 600 3769 gulasgenerationes
612 3673 757 3767 fingulos
767 3678 888 3766 gradus
901 3676 1077 3744 constitue·
1101 3676 1204 3753 ham,
1233 3671 1442 3746 Abrahumuo
1476 3670 1645 3762 isaacum,
1684 3700 1720 3747 ut
1749 3702 1840 3765 patet
1867 3705 1911 3752 ex

237 3754 356 3873 [rel.
373 3764 664 3874 Juriseonsulrus.
691 3799 741 3845 ta.
762 3783 791 3867 ς.
815 3801 847 3857 9.
864 3771 900 3844 ff.
922 3777 963 3843 de
981 3774 1076 3865 grad.
1102 3768 1269 3844 schcmate
1287 3793 1382 3842 antea
1401 3771 1575 3860 premisso.
1626 3778 1837 3864 Computatis
1847 3779 1912 3871 igi·

237 3886 255 3981 ζ
277 3870 365 3949 &effi
422 3868 563 3970 Quoties
577 3873 754 3969 quaritur,
772 3871 960 3957 aitPauius,
978 3879 1077 3968 quoio
1102 3895 1157 3943 tur
1178 3871 1447 3959 generationibus
1465 3872 1499 3940 in
1518 3892 1660 3960 utroque
1676 3873 1778 3947 latere
1793 3902 1914 3950 occur·

237 4002 243 4065 ,2
279 3971 376 4069 padre
398 3993 529 4069 quaeqru
551 3968 690 4069 perstrata
713 3974 770 4063 fit,
796 3969 839 4042 ab
856 3991 892 4042 eo
918 3972 1078 4067 iucipieu-
1101 3970 1276 4054 rentibus,
1306 3972 1440 4041 invenio
1455 3969 1602 4057 quinque
1617 3977 1847 4061 generationes
1862 3980 1913 4048 iu.

237 4136 238 4145 ,
281 4071 423 4186 semesi,
447 4070 1006 4167 cujusdecoguatiouequarimur,
1036 4064 1076 4141 8
1101 4071 1297 4144 tercedere,
1323 4071 1496 4156 proinde,
1533 4075 1625 4154 juxta
1653 4074 1804 4162 regulam
1829 4079 1912 4163 juria
2030 4112 2033 4116 ·

237 4206 239 4211 ·
276 4170 349 4268 lita
362 4168 591 4265 inferioribus,
608 4167 898 4266 autsttperioribus
912 4166 1076 4265 gradibus
1100 4169 1204 4238 civilis
1222 4167 1412 4239 Rebeccam
1426 4166 1467 4237 ab
1485 4163 1591 4236 isaaco
1607 4172 1723 4254 quinto
1740 4175 1845 4261 gradu
1859 4178 1910 4246 di.
1939 4169 1943 4177 “

237 4248 257 4339 ’.
280 4269 430 4369 finalia
451 4266 682 4365 lineasarsum
699 4266 837 4362 versiam,
858 4268 911 4339 uel
925 4263 1075 4362 deorsum
1101 4270 1181 4336 liare
1196 4264 1394 4352 pronuncioss
1445 4268 1495 4335 Sic
1521 4265 1712 4336 Ambrosius
1735 4267 1793 4342 lib.
1819 4277 1908 4347 viii.

279 4368 488 4455 audacium,
513 4366 629 4461 facile
654 4367 1016 4470 iuueuimurgradus,
1043 4368 1076 4466 st
1101 4366 1193 4453 epist.
1215 4371 1271 4434 66.
1290 4364 1455 4451 patrueles
1479 4374 1598 4459 quarto
1615 4362 1673 4434 fibi
1697 4360 1811 4439 sociari
1828 4389 1911 4463 gra·

278 4465 488 4568 perstagulor
500 4465 630 4562 gradus
643 4470 837 4565 proximum
849 4491 1002 4563 quemque
1014 4491 1073 4537 nu·
1102 4465 1148 4536 du
1159 4454 1299 4546 adserit,
1318 4471 1408 4553 juxta
1425 4466 1706 4554 computationem
1724 4462 1845 4540 scilicet
1857 4475 1912 4556 ju.

237 4620 258 4655 ,-
281 4590 449 4651 mamus,
475 4587 553 4638 nam
576 4569 635 4667 qui
654 4570 704 4652 ei,
728 4569 786 4664 qai
812 4566 895 4638 milti
920 4569 1078 4661 proximo
1103 4564 1147 4633 ris
1171 4558 1288 4632 civilis.

237 4660 244 4747 ¹:
301 4669 379 4742 rada
396 4667 647 4767 proximusest,
664 4665 808 4764 secundo
828 4667 940 4763 gradu
957 4669 999 4765 esi
1016 4667 1079 4740 mi·

281 4692 325 4852 li,
335 4764 498 4868 fimiliier
515 4768 601 4840 euim
620 4766 846 4840 accedentibus
853 4768 999 4864 fingulis
1013 4791 1080 4838 cre·
1133 4776 1178 4874 ·§.
1199 4759 1317 4831 CCLi.
1345 4761 1434 4874 Jur'is
1454 4784 1534 4832 veru
1556 4783 1656 4836 cooa-
1703 4808 1765 4889 η)
1793 4809 1895 4896 &m

237 4874 241 4925 :
276 4860 512 4963 [clinumerur.
564 4871 794 4955 Ecquando
813 4871 1080 4953 quantumquo·
1102 4863 1653 4948 urcidccomputationegraduum
1736 4863 1897 4960 'cmm-533

237 4956 248 5053 i
282 4958 1258 5059 tagraduDinadilietabdbraliamo?ibienu·regu12,
1301 4983 1329 5029 c.
1364 4953 1411 5028 od
1440 4953 1563 5053 sedem.
1602 4984 1654 5049 35.
1878 5042 1881 5047 .

237 5068 253 5167 ξ,
280 5088 366 5139 nero
388 5065 639 5155 generationes,
673 5073 708 5137 dc
730 5067 806 5151 quia
832 5088 898 5135 tres
926 5068 1082 5136 interme·
1106 5060 1215 5157 quast.
1241 5081 1270 5143 ς.
1293 5054 1470 5146 proposita
1487 5061 1588 5145 paulo
1607 5062 1704 5130 aliter
1722 5050 1752 5126 se
1778 5054 1911 5149 habene

237 5172 247 5257 i
281 5165 339 5237 ilias
359 5164 592 5256 generationes
608 5161 846 5252 deprehendo,
877 5161 1084 5234 Abrahamus
1110 5168 1148 5229 in
1178 5152 1384 5228 reaa‘enin
1408 5157 1519 5236 linea»
1546 5181 1615 5230 tam
1647 5152 1916 5228 adscendentium

236 5258 258 5415 ’ἱ
280 5264 358 5347 nim
375 5260 496 5358 genuit
510 5255 683 5343 isaacem,
703 5285 777 5356 que
797 5267 843 5338 est
858 5266 968 5361 ptime
984 5284 1086 5358 gene·
1101 5281 1213 5352 ,quam
1231 5249 1529 5354 descendentium,
1560 5254 1631 5333 lice
1652 5256 1793 5331 traditur
1818 5277 1921 5431 περιυ-

1884 5385 1924 5436 aa
