4884 5984
954 519 1016 595 nr
1065 464 1415 599 cousinium.
1488 454 1490 458 Α
1926 509 1998 588 nr
2119 578 2123 583 ,

381 711 869 792 monachorum&clerieorum
882 713 959 787 edit.
972 731 1173 806 annot599.
1201 714 1303 802 Atqui
1319 711 1555 786 concubinatus
1568 731 1634 784 noo
1647 710 1693 784 est
1708 700 1919 800 rinioginm,
1938 712 2003 781 ne]

381 813 503 885 Calon.
521 817 556 884 in
569 838 635 905 quo
656 815 719 885 hoc
738 833 911 900 peccatum
930 812 1012 883 adro
1033 832 1177 885 commu·
1199 833 1265 899 que
1288 813 1379 882 enim
1412 813 1459 884 eil
1485 810 1664 885 indiuiduo
1695 811 1779 883 uitae-
1809 806 1998 880 coriunHio

382 931 425 980 tre
440 908 505 982 csse
524 916 638 995 docet,
670 933 740 996 „ut
754 903 935 981 sacerdotes
950 906 1091 995 amplius
1109 930 1176 977 non
1200 904 1403 1003 consortium
1429 909 1540 981 diuini
1567 905 1608 982 s!
1630 908 1767 981 humori
1791 905 1876 977 iuris
1901 927 1997 977 com·

382 1008 562 1109 '’pudeat,
599 1004 802 1078 concubinis·
819 1029 917 1094 arque
946 1001 1176 1077 meretricibus
1200 1006 1348 1095 plodens
1357 1053 1368 1086 ,
1393 1032 1499 1095 neque
1515 1031 1555 1077 er
1571 1030 1611 1078 eo
1625 1005 1762 1094 suscepti
1776 1003 1873 1076 liberi
1888 1010 1922 1075 &
1938 1025 1997 1074 oo-
2071 1088 2077 1099 Ι

382 1099 476 1188 „suis
489 1107 524 1175 in
537 1101 762 1196 congreffibut
775 1103 916 1192 publicis
933 1103 1035 1175 veluti
1054 1103 1177 1190 nuptiis
1200 1105 1299 1176 minis
1318 1114 1354 1177 δι
1375 1101 1541 1176 honorum
1562 1127 1777 1191 paternorum
1801 1098 1874 1174 sunt
1900 1099 1998 1172 laete-

379 1222 514 1288 „atquc
535 1205 959 1275 conuiuiiacmiuentiorem
977 1199 1089 1271 locum
1107 1218 1178 1269 tao·
1199 1204 1269 1279 dea.
1320 1205 1410 1292 Ergo
1435 1226 1503 1274 non
1529 1204 1575 1273 eii
1600 1203 1786 1291 legitimum
1812 1197 1866 1272 uel
1890 1196 1996 1287 prolia

379 1321 512 1385 uquam
533 1299 673 1373 honellis
694 1301 854 1371 matronis
877 1301 1091 1375 uindicare„
1139 1302 1178 1366 ln
1200 1293 1408 1387 suscipiende
1429 1301 1575 1372 medium
1594 1299 1647 1371 vel
1666 1295 1867 1372 scortationis
1888 1299 1996 1366 vitan·
2117 1322 2120 1327 ·

380 1394 510 1484 prefat.
529 1402 675 1469 eiusdem
698 1395 775 1469 libri
797 1394 938 1480 fatetur,
968 1391 1177 1491 puuciffimos
1199 1398 1249 1466 dar
1265 1398 1459 1470 remedium.
1522 1394 1764 1471 Conscientiam
1781 1415 1915 1483 oportet
1935 1394 1998 1465 niti

380 1494 419 1566 ir
439 1493 526 1567 ciero
544 1493 698 1568 Romano
718 1493 761 1565 ob
780 1494 840 1566 boc
857 1492 995 1567 crimine
1018 1494 1177 1564 immunes
1199 1512 1293 1565 cerro
1310 1494 1432 1581 uerbo,
1461 1492 1538 1566 alias
1561 1497 1730 1586 perpetuis
1751 1492 1994 1565 dubitationum

378 1587 452 1690 effe.
498 1592 675 1667 Cornelius
699 1597 850 1684 Agrippa
873 1595 915 1664 de
937 1592 1039 1664 vanit.
1064 1588 1173 1662 scient.
1198 1589 1354 1663 nauibus
1377 1593 1617 1682 circumgyrato
1641 1595 1674 1663 in
1696 1593 1859 1664 vorticem
1883 1586 1998 1679 despo·

378 1693 481 1778 capit.
496 1693 614 1763 lxlv.
670 1695 770 1775 „lom
787 1688 921 1761 lenones
937 1685 1009 1761 sunt
1030 1683 1176 1777 episcopi
1198 1691 1334 1760 rationis
1354 1694 1485 1760 tandem
1505 1692 1680 1779 abripitur.
1731 1698 1800 1761 lam
1819 1712 1900 1761 uero
1918 1688 1997 1761 con·

379 1798 451 1874 „lle
467 1785 642 1868 officiales,
677 1790 734 1874 qui
755 1783 928 1859 censuma
955 1786 1176 1858 concubinatu
1198 1785 1444 1857 rubinariorum
1472 1784 1667 1861 conscientia
1697 1812 1764 1860 non
1799 1791 1905 1876 potest
1935 1790 1997 1859 niti
2134 1878 2137 1883 Ι

379 1911 475 1974 „pro
501 1882 722 1957 sacerdotibus
751 1885 927 1972 quotannis
953 1904 1175 1972 extorquent,
1200 1904 1291 1954 certo
1311 1887 1374 1955 Dei
1393 1878 1515 1971 verbo,
1540 1891 1631 1972 qnod
1646 1885 1903 1959 concubinatum
1918 1910 2016 1975 per--

377 1987 513 2073 „idque
529 2005 594 2055 tarn
611 1978 739 2065 palam,
764 2004 802 2053 ut
817 1984 906 2071 opud
923 1979 1056 2070 plebem
1072 1975 1176 2068 ipsam
1199 1977 1328 2051 missum
1342 1978 1405 2051 elie
1419 1986 1636 2063 demonstret,
1656 2007 1737 2074 ergo
1751 1985 1920 2070 perpetuis
1933 1986 1996 2056 du·

378 2084 447 2169 „in
477 2078 693 2171 proverbium
723 2078 841 2152 obierit
867 2077 923 2148 illa
948 2101 1064 2149 eorum
1096 2101 1176 2149 con·
1199 2076 1395 2149 bitationum
1417 2077 1570 2151 flusiibus
1592 2082 1896 2173 circumagitnntus.
1933 2084 1997 2155 Le·

378 2178 580 2268 „rubinaria
598 2179 749 2260 eradio,
780 2201 845 2265 qua
870 2177 1005 2246 dicunt:
1046 2174 1175 2247 Habeat
1199 2200 1258 2265 ges
1280 2175 1456 2256 humane,
1487 2181 1650 2249 canonicae
1678 2178 1730 2250 vel
1760 2177 1891 2262 civiles,
1908 2176 1910 2180 ’
1926 2202 1995 2253 non

378 2278 469 2365 „vel
483 2300 550 2348 non
569 2273 704 2354 habeat,
726 2298 842 2344 aurum
862 2269 964 2344 solvat
977 2296 1040 2361 pro
1055 2296 1175 2345 conco·
1197 2292 1356 2360 potcrunt
1370 2296 1486 2345 eorum
1501 2272 1730 2348 conscientiam
1750 2279 1889 2348 reddere
1907 2296 1996 2350 tran-

377 2373 501 2462 „bina.
559 2377 601 2444 Et
624 2371 760 2452 habeat,
792 2369 961 2450 stelit„
1017 2368 1175 2442 Claudius
1198 2369 1355 2455 quinam,
1387 2394 1462 2441 cum
1487 2396 1553 2443 noo
1576 2372 1716 2444 babeant
1741 2370 1996 2448 fundamentum
2107 2398 2111 2403 ·

379 2469 567 2559 Espensaus
594 2470 651 2543 lib.
675 2477 715 2540 ll.
744 2475 784 2543 de
805 2472 986 2540 continent.
1006 2491 1078 2554 cap.
1099 2475 1172 2538 Vll.
1198 2468 1233 2537 in
1262 2465 1392 2556 legibus
1410 2469 1550 2557 divinis,
1575 2493 1613 2540 ac
1628 2471 1856 2544 constitutione
1876 2472 1995 2545 huma·

377 2575 477 2657 „Pro
501 2565 663 2658 protenso
689 2591 775 2656 puro
801 2570 990 2651 mundoque
1019 2562 1175 2635 coelibatu
1198 2567 1378 2634 neironis
1400 2568 1609 2654 imperatoris
1634 2570 1667 2637 io
1687 2569 1838 2641 orientali
1859 2569 1995 2643 ecclesa

377 2661 559 2756 „succelsrt
578 2670 727 2754 impurus
747 2667 1003 2747 immundusque
1020 2662 1174 2733 concubi·
1199 2659 1323 2730 fuerint
1348 2661 1534 2754 abrogatae,
1571 2685 1609 2734 ot
1633 2663 1716 2735 nihil
1738 2670 1845 2737 dicam
1869 2670 1909 2738 de
1933 2691 1993 2752 eo,
2093 2750 2096 2755 ¹

376 2763 832 2855 ‚,natus,utlaterenecpre
848 2758 1177 2846 multitudinequeat,
1199 2759 1288 2845 quod
1311 2760 1361 2828 ius
1393 2765 1610 2840 Romanum,
1648 2760 1704 2832 etsr
1737 2763 1994 2838 concubinatum

377 2888 474 2951 „nee
491 2886 560 2951 prae
580 2862 785 2951 impudentia
803 2853 945 2944 quarat‘,
970 2878 1002 2926 at
1021 2854 1075 2927 ltic
1093 2854 1173 2927 tole·
1199 2856 1295 2927 certis
1315 2855 1555 2929 conditionibus
1573 2854 1757 2949 susceptum
1773 2885 1840 2931 non
1862 2865 1995 2950 penitus

378 2963 518 3052 „santia
534 2957 630 3030 altius
648 2960 773 3029 radices
789 2958 860 3044 egit
876 2951 1036 3041 permissus
1054 2953 1175 3024 alicubi
1199 2973 1237 3022 ut
1261 2974 1332 3024 rem
1356 2952 1505 3026 illicitam
1533 2959 1690 3043 damnet,
1728 2958 1861 3045 oblique
1882 2981 1994 3033 tamen

376 3056 470 3146 „sub
498 3080 608 3129 annuo
635 3048 732 3125 censu
755 3052 882 3125 clericis
913 3076 951 3122 ac
978 3051 1068 3145 laicis
1098 3074 1174 3122 cum
1198 3055 1352 3121 eumdem
1366 3071 1469 3137 taxet,
1488 3054 1569 3142 -quia
1585 3051 1668 3125 ilios
1683 3082 1723 3127 ex
1736 3055 1927 3131 concubinis
1940 3056 1995 3131 su·
2045 3105 2053 3114 -

377 3155 475 3241 „suis
493 3151 684 3227 concubinis
703 3150 910 3227 cohabitare,
938 3151 1026 3234 quod
1049 3149 1174 3219 utinam
1200 3142 1327 3234 sceptus
1347 3150 1471 3232 statuit,
1507 3175 1603 3229 „non
1622 3150 1685 3224 else
1705 3155 1739 3223 in
1761 3155 1920 3240 potestate
1935 3180 1995 3245 pa·

377 3262 451 3341 „dt
471 3248 551 3325 salso
569 3261 603 3324 δι
620 3251 786 3320 immerito
802 3250 939 3318 exstaret
953 3249 1040 3317 inter
1057 3270 1176 3335 grava·
1199 3248 1309 3328 ‚,tris‚
1348 3270 1410 3318 nec
1428 3248 1553 3336 patitur
1572 3270 1628 3318 eos
1649 3248 1814 3340 legitimos
1831 3276 1869 3322 ac
1894 3257 1998 3325 iuuoa
2073 3338 2076 3343 Α

376 3353 503 3439 „mina
520 3349 703 3421 Germania
714 3373 723 3427 3
735 3395 759 3425 ‚.
783 3369 862 3436 pag.
886 3350 961 3427 176.
980 3345 1058 3414 edit.
1079 3339 1174 3415 Paris.
1198 3342 1368 3424 „heredes
1382 3340 1464 3422 elle,
1489 3341 1547 3414 nili
1564 3369 1603 3415 ex
1619 3345 1801 3418 concubina
1817 3343 1874 3417 fiat
1891 3372 1991 3433 uror,

331 3484 339 3493 ·
375 3472 466 3525 anno
490 3450 594 3535 1560.
638 3449 678 3514 Et
695 3443 829 3533 postea:
868 3442 1057 3526 „Adeoque
1076 3443 1176 3511 etiam
1199 3460 1285 3522 „aut
1304 3441 1464 3529 principis
1482 3445 1637 3512 autoritas
1658 3444 1886 3528 intercedat„
1928 3437 1993 3542 ἰ.)

367 3540 673 3631 ‘„continentibos‚
697 3538 720 3611 s1
736 3544 872 3614 eredere
887 3540 1027 3628 dignum
1042 3539 1106 3622 cst,
1134 3541 1174 3608 ad
1200 3535 1260 3608 Ob
1277 3536 1488 3636 manifestum
1511 3535 1633 3611 ditium
1653 3537 1865 3640 apostolicum
1883 3538 1991 3616 Hebe.

380 3666 549 3729 „omnem
584 3636 716 3711 censum
749 3633 1005 3727 persolvendum
1035 3638 1176 3714 cocciis,
1200 3630 1350 3727 x111.4.
1419 3636 1659 3715 „Honorabile
1688 3641 1879 3732 coniugium
1895 3641 1993 3714 inter

378 3798 403 3832 ,‚
413 3768 482 3831 quo
496 3737 600 3810 soluto
613 3739 658 3807 cis
673 3737 788 3807 liceret
802 3734 853 3805 vel
866 3730 1108 3803 continentibus
1123 3734 1175 3804 vel
1199 3780 1222 3814 ‚,
1232 3755 1346 3802 omnes
1362 3783 1373 3818 ,
1412 3729 1604 3804 scortatores
1634 3757 1743 3806 autem
1767 3745 1802 3810 δι
1826 3736 1992 3811 adulteros

377 3891 405 3925 „
417 3835 694 3913 incontinentibus
718 3830 790 3905 eli'e.
849 3833 892 3902 Ὀ
913 3855 984 3903 rent
1008 3826 1174 3904 exsecrao·
1198 3829 1530 3914 ,‚iudicabitDeus.‚,
1579 3832 1631 3901 eu
1646 3832 1691 3903 ibi
1705 3831 1993 3910 matiifeuauim·

373 3936 503 4028 ’,ωε
515 3983 539 4015 ‚,
1197 3927 1337 3997 mediata
1360 3926 1521 4017 oppositio
1537 3928 1630 4016 ¹inter
1652 3926 1896 4020 coniugium&
1916 3932 1994 4005 reli.

444 4038 448 4044 ·
1198 4048 1278 4109 quas
1294 4047 1407 4095 onmes
1424 4049 1513 4096 extra
1528 4025 1609 4096 illud
1628 4031 1894 4108 commixtiones,
1919 4055 1991 4118 qut

455 4173 469 4195 r,
545 4177 586 4236 Ι.
711 4127 738 4213 §.
771 4126 892 4194 DLlX.
935 4123 963 4191 A
995 4116 1174 4190 christianis
1198 4118 1422 4192 fornicationis
1439 4122 1639 4196 &adulterii
1661 4128 1794 4198 nomine
1813 4128 1993 4219 indigitan-

357 4183 438 4343 ,ᾖξ’
452 4194 587 4342 affl
638 4245 718 4291 vero
739 4217 978 4307 rebuspublicis
994 4217 1091 4288 hodie
1105 4241 1175 4288 me·
1199 4240 1264 4288 tur.
1316 4225 1383 4290 lans
1407 4243 1487 4291 uero
1503 4220 1738 4293 concubinatus
1758 4247 1824 4295 non
1844 4224 1891 4296 est
1913 4248 1993 4298 con·

368 4340 420 4405 ‘aa
460 4341 588 4401 toleran-
637 4322 702 4388 rito
729 4315 873 4388 exsulare
900 4314 1032 4385 iubetur
1054 4339 1173 4385 concu·
1198 4316 1338 4405 iugium.
1389 4322 1478 4406 Ergo
1498 4318 1537 4387 nd
1559 4313 1791 4394 fornicationes
1815 4323 1880 4394 erit
1906 4320 1993 4395 rese·

384 4452 393 4467 ι
449 4415 527 4482 duri
635 4416 782 4494 binetus,
817 4425 860 4499 ι.)
884 4413 928 4480 ob
952 4413 1175 4483 diuinumr'n-
1198 4416 1328 4484 nendos.
1358 4410 2009 4513 3.)Obscondoiumpublirum.Con·-

632 4514 797 4610 stituium.
850 4508 990 4583 Nullum
1012 4509 1100 4581 aliud
1121 4508 1174 4580 vel
1198 4509 1370 4581 cubinatus
1404 4509 1524 4598 absque
1563 4514 1711 4584 scandalo
1746 4527 1780 4591 δι
1812 4514 1992 4590 offensione

375 4621 420 4691 ad
442 4612 575 4705 prolem
606 4608 840 4698 suscipiendam
865 4611 1033 4688 medium,
1060 4605 1112 4678 vel
1133 4610 1173 4676 ad
1199 4609 1333 4695 piorum
1354 4607 1433 4698 eligi
1454 4611 1585 4696 nequit,
1611 4614 1731 4682 merito
1755 4615 1858 4702 igitur
1876 4613 1918 4685 ab
1938 4638 1993 4689 ec·

375 4713 647 4788 incontinentiam
681 4717 714 4779 dc
746 4705 975 4776 scortationem
1008 4707 1175 4775 uitandam
1198 4702 1450 4777 clefinexsulare
1462 4707 1834 4783 debetMatth.XVlil.
1846 4734 1878 4794 7.
1890 4715 1992 4787 Rom.

374 4812 585 4888 remedium,
617 4831 636 4876 a
655 4810 729 4875 Deo
749 4803 802 4872 vel
825 4806 1006 4873 institutum
1028 4800 1081 4873 vel
1099 4824 1174 4890 per·
1198 4799 1367 4894 XIV.·r3.
1390 4801 1565 4875 scortis.
1580 4815 1632 4879 ta.
1654 4805 1789 4880 rThess.
1798 4808 1846 4879 V.
1859 4818 1990 4882 πιθα.

377 4903 509 4983 millum
528 4931 568 4978 er
588 4900 683 4975 sacris
701 4900 803 4972 literis
821 4901 1035 4972 demonstrari
1052 4901 1175 4990 potest,
1199 4898 1262 4988 4.)
1282 4898 1341 4972 Ob
1362 4898 1597 4973 concubinatus
1617 4904 1832 5001 principium.
1881 4911 1993 4996 impe·
2040 4951 2043 4955 «

376 5031 479 5097 quam
501 5005 593 5094 pium
619 5009 653 5074 de
673 4999 844 5070 honestum
868 4999 1064 5087 coniugium
1091 5003 1174 5069 Gen.
1199 5017 1324 5069 ratores
1338 5007 1370 5072 dr
1385 4996 1587 5090 legislatores
1601 5000 1724 5073 ethnici
1742 5004 1993 5078 cumdemtole.

378 5112 424 5183 ll.
442 5128 499 5191 ²4·
522 5098 647 5173 March.
659 5104 750 5170 xlx.
764 5101 798 5170 ό.
827 5097 936 5175 tCor.
948 5101 1020 5169 vlt.
1037 5121 1072 5172 2.
1091 5104 1125 5169 dc
1140 5120 1174 5180 9.
1199 5116 1315 5165 rarunt
1327 5094 1372 5168 ob
1385 5092 1604 5187 frequentiam
1617 5098 1793 5175 libidinum
1808 5103 1894 5175 inter
1910 5125 1995 5193 gen·

342 5204 346 5209 '
436 5190 711 5274 merlls
1248 5192 1290 5285 Q
1466 5292 1468 5296 .
1599 5256 1602 5261 ,
1841 5262 1852 5277 ,
1942 5218 2051 5272 tea«
