4884 5984
259 521 267 527 ·
328 525 401 618 “7⁶
655 524 1258 606 rocus-xxrrvctrur.
1315 523 1537 599 socru.
1589 524 1766 602 nunt.
1839 505 1885 650 ’ἣ
1966 617 1971 627 .

363 729 400 804 in
422 749 546 818 genere
566 723 771 820 intelligitur
786 726 907 808 mulier
923 728 1070 808 nondam
1086 725 1205 814 nuptui
1232 726 1492 798 matrimonium.
1546 720 1716 797 Absurdus
1739 724 1843 814 igitur
1871 727 1916 796 eu
1946 726 2083 812 Betim

366 832 453 900 dato.
504 839 550 920 e.)
571 833 617 898 Ex
638 829 816 927 manifesta
839 827 885 897 ad
907 823 1086 921 oirsrrrdurn
1105 825 1207 897 drdu-
1230 828 1359 904 minus,
1385 830 1516 911 quondo
1530 820 1667 906 adserit,
1691 822 1824 910 liberor,
1842 827 1898 920 qui
1912 826 1984 924 stne
2004 848 2068 923 pa·

241 952 247 960 ·
366 927 481 1000 aione.
531 930 675 1000 sienim
702 931 798 1018 virgo
821 931 861 997 ed
890 925 1076 1015 pubertatis
1103 948 1205 997 anuos
1230 935 1357 997 rentum
1378 922 1492 1019 'cousin
1512 924 1767 1007 acarnanum,
1793 948 1857 995 non
1871 921 1959 1022 poste
1975 936 2065 1000 cerro

365 1029 501 1098 veniens
517 1026 611 1098 fieret
628 1023 676 1100 sui
699 1028 801 1116 juris,¹
827 1049 863 1097 ut
885 1050 1002 1114 parens
1024 1049 1090 1095 non
1107 1021 1205 1113 poffit
1225 1025 1449 1119 pronunciare
1491 1048 1566 1095 rrum
1589 1025 1781 1119 coujngium
1811 1017 1886 1096 Deo
1910 1025 2062 1120 placere,

363 1125 508 1214 amplios
527 1148 642 1197 votum
672 1123 1019 1215 ipfius'pronuncinre
1044 1125 1208 1203 irritum,
1233 1120 1274 1196 fr
1300 1134 1410 1196 tamen
1433 1122 1543 1194 eodem
1567 1133 1709 1216 ternpore
1727 1119 1817 1218 ptoffi·
1833 1147 1897 1194 uon
1915 1124 2009 1197 ambi
2033 1150 2068 1197 e·

259 1237 266 1246 “
363 1226 537 1320 deterioris
556 1222 643 1296 foret
661 1225 880 1302 conditionis,
907 1226 1039 1310 quando
1052 1231 1118 1309 jam
1135 1220 1204 1294 eio-
1229 1247 1281 1307 re,
1304 1226 1382 1318 quire
1393 1224 1442 1322 stt
1460 1247 1571 1295 oerum
1599 1219 1639 1295 ii
1654 1224 1795 1321 firmmn
1820 1234 1916 1320 atque
1939 1246 1962 1295 o
1988 1151 2067 1296 lieo

364 1346 436 1397 cate
457 1324 504 1395 est
526 1323 583 1394 sub
599 1326 761 1413 potestate
780 1324 865 1402 viri,
891 1346 990 1409 quum
1013 1323 1093 1391 dum
1120 1346 1199 1392 non·
1228 1321 1397 1420 certrffime
1417 1322 1613 1422 institutum.
1674 1325 1856 1415 Quomodo
1878 1324 1967 1394 enim
1989 1329 2067 1426 Dea

365 1428 447 1497 dum
465 1421 589 1493 elocare
605 1425 652 1494 est
672 1419 730 1493 sub
745 1424 904 1509 potestate
929 1421 1097 1509 parentis,
1123 1421 1203 1507 quin
1227 1446 1296 1492 non
1313 1420 1480 1511 placeret,
1506 1426 1593 1511 qood
1616 1418 1744 1509 abipso
1764 1424 1948 1493 institutum
1957 1461 1975 1502 ,·
1985 1447 2067 1496 cum

365 1536 400 1597 dt
418 1546 536 1611 parens
556 1519 629 1592 filiae
649 1521 724 1609 plus
749 1523 831 1608 juris
857 1522 892 1588 in
912 1522 1067 1589 maritum
1099 1540 1204 1589 trans·
1228 1514 1296 1609 ipse
1312 1520 1429 1613 diligat
1444 1525 1553 1593 omnio
1569 1515 1752 1610 operosae:
1780 1519 1994 1610 Sapient.Xi.
2007 1545 2066 1610 ις.

363 1620 496 1699 ferret,
525 1645 623 1707 quam
645 1620 810 1697 obtinuit,
836 1620 912 1704 quir
939 1619 1075 1688 maritos
1095 1619 1203 1706 potest
1230 1614 1371 1715 Diligis
1394 1622 1526 1705 omniu,
1556 1641 1627 1715 prce
1645 1616 1752 1715 sunt,
1788 1615 1829 1692 &²
1853 1611 1943 1698 nihii
1966 1620 2067 1792 adipi

364 1743 484 1793 votum
503 1717 574 1814 ejus
593 1715 702 1789 facere
720 1720 851 1788 irritum
869 1744 901 1787 v.
920 1743 953 1801 9.
974 1719 1063 1806 quod
1083 1739 1202 1804 pareus
1226 1743 1362 1800 eorum,
1394 1743 1466 1816 qua
1488 1718 1617 1819 fecisti,
1652 1740 1714 1790 nec
1741 1720 1826 1791 enim
1857 1718 1973 1792 odiens
1998 1743 2020 1792 a
2038 1721 2070 1794 i·

341 1820 456 1911 ,joxm
491 1814 686 1905 hypothetin
724 1815 913 1887 Bellarmini
947 1841 1014 1886 non
1046 1836 1202 1904 poterat,
1226 1818 1308 1915 quid
1330 1821 1548 1921 constituisti,
1573 1818 1757 1919 arsicifli.
1811 1817 2069 1912 Quodiiergo

366 1943 443 1990 eum
464 1940 575 1988 temen
594 1925 669 2002 jure
691 1918 790 1988 etiem
812 1915 971 1986 canonico
991 1938 1120 1996 eertum
1146 1911 1202 1992 sit,
1227 1917 1308 1991 tales
1322 1917 1416 1990 liberi
1439 1916 1569 2008 potsunt
1593 1942 1658 1989 non
1678 1918 1849 2009 ambigere
1876 1915 1971 1989 suom
1995 1945 2070 1994 tna·

268 2013 279 2034 ⁸
364 2015 454 2115 quod
482 2035 575 2087 nemo
606 2012 687 2108 plur
718 2015 809 2109 juris
833 2011 880 2084 ad
912 2011 1020 2086 ulium
1053 2010 1202 2105 conferre
1226 2020 1420 2091 trimmium
1441 2015 1504 2091 ess'e
1526 2023 1635 2091 nDeo
1655 2015 2067 2102 certiiiimeinstitotom,

361 2114 491 2215 poffit,
534 2135 634 2209 quom
663 2110 733 2211 sthi
763 2121 942 2208 competere
971 2110 1202 2207 dignoscatur.
1228 2116 1360 2208 potsunt
1379 2120 1477 2189 etiem
1501 2141 1568 2189 non
1592 2114 1787 2210 ambigere,
1813 2119 2104 2216 matrimonium¹

232 2274 239 2285 .
365 2221 451 2302 Cap.
470 2219 584 2285 Nemo
599 2221 664 2286 dcc.
682 2216 723 2283 de
742 2217 785 2284 R.
802 2212 838 2301 J.
863 2214 896 2281 in
925 2222 955 2282 6.
979 2214 1134 2300 Denique
1153 2211 1202 2306 s.)
1229 2212 1323 2287 suum
1338 2220 1414 2292 Deo
1430 2217 1575 2307 placere.
1627 2216 2071 2310 Quaerin'r'osautemosselq

365 2341 405 2385 ex
427 2308 575 2407 aduersa
593 2313 708 2406 partis
729 2308 930 2406 consefflone.
985 2312 1163 2384 Cornelius
1186 2336 1203 2383 a
1229 2315 1388 2394 lanuino,
1413 2318 1492 2403 quid
1518 2310 1619 2388 causa
1638 2313 1704 2395 sit,
1734 2337 1876 2406 propter
1899 2309 2095 2401 quamdi-s

365 2416 492 2501 Lepide
510 2414 543 2481 in
558 2432 774 2481 commentar.
796 2413 900 2483 Num.
911 2417 1105 2500 XXX.prg.
1121 2431 1203 2496 925·
1230 2412 1302 2486 beri
1334 2410 1398 2484 stne
1428 2436 1602 2502 parentum
1638 2411 1795 2486 consenso
1828 2411 2070 2500 con-trahentes¹

365 2505 538 2601 agnoscit,
576 2506 665 2603 quod
694 2509 842 2580 omnium
879 2509 1014 2582 ormino
1040 2507 1201 2607 filiorum
1229 2538 1295 2583 non
1316 2507 1546 2601 poffintcerto
1568 2514 1810 2603 pronunciare,
1837 2509 2069 2601 suumcouju·

364 2622 448 2682 uota
471 2610 573 2682 irrita
594 2605 711 2700 facere
727 2608 878 2705 potuerit
897 2631 1043 2703 parens,
1073 2607 1202 2707 etiamst
1225 2614 1320 2702 gium
1342 2614 1419 2682 Deo
1439 2610 1594 2701 placere?
1620 2608 1796 2701 respondet
1815 2607 1884 2701 ipse
1914 2613 1948 2682 in
1978 2636 2068 2701 pra·-

357 2706 497 2805 suerint
515 2704 728 2802 granduna,
754 2709 836 2800 ficut
856 2708 969 2779 omnia
987 2706 1108 2779 axoris
1121 2717 1201 2778 vota
1226 2711 1296 2781 ced.
1325 2734 1399 2800 cop.
1433 2735 1531 2800 prop.
1572 2732 1601 2799 3.
1680 2706 1772 2807 eria
1805 2720 1942 2809 peccant
2010 2712 2073 2804 n',

362 2808 506 2885 irritare
534 2807 648 2903 potuit
672 2797 824 2879 maritus.
895 2803 992 2895 vu.)
1018 2806 1201 2895 Distinguit
1225 2808 1357 2903 quando
1380 2831 1445 2879 non
1459 2807 1645 2906 sequuntur
1669 2809 1733 2882 hac
1759 2812 1794 2884 in
1819 2835 1854 2884 re
1882 2831 1951 2907 par
1992 2820 2066 2886 tum

363 2914 500 2981 tandem
520 2907 608 2979 inter
623 2906 874 2978 matrimonium
893 2913 1032 2989 ratum,
1063 2926 1104 2974 ar
1125 2900 1201 2975 Deo
1226 2907 1442 2979 uoluntatem.
1494 2910 1685 3002 Quaerimos
1708 2933 1790 3001 ergo
1809 2911 1964 2994 ulterius,
1981 2921 2066 2999 quei

269 3028 272 3032 ·
364 3019 515 3105 gratnm.
566 3002 631 3078 Aa
645 3003 707 3077 noc
726 3006 875 3099 (inquit)
896 3013 934 3076 ut
949 3004 1200 3075 matrimonium
1225 3016 1312 3081 re&
1334 2994 1502 3094 quomodo
1521 3006 1581 3077 hac
1600 3010 1634 3077 in
1650 3031 1686 3081 re
1712 3027 1870 3096 peccante
1901 3030 1992 3081 certe
2010 3005 2108 3088 in.)

359 3110 410 3209 fit
431 3131 542 3179 aerum
569 3100 609 3178 ΕΞ
632 3114 768 3192 ratum,
794 3126 861 3174 non
886 3104 1100 3199 requiruntur
1127 3103 1200 3175 alia
1225 3108 1389 3189 dentque
1414 3107 1517 3187 ideo,
1560 3108 1636 3192 quir
1664 3112 1954 3200 transgrediuntur
1975 3132 2065 3199 prt-

221 3258 234 3269 -
366 3207 478 3281 media
494 3215 619 3302 prater
640 3199 779 3277 liberum
798 3205 975 3297 conjugum
1000 3199 1199 3295 capientium.
1225 3225 1360 3291 ceptum
1376 3206 1417 3273 de
1439 3202 1638 3274 honorandis
1662 3206 1914 3296 parentibusue
1936 3203 2063 3295 specie·
2094 3211 2103 3228 “

376 3304 429 3382 Ut
454 3316 563 3378 antem
593 3304 785 3397 conjugium
805 3302 855 3401 fit
887 3275 962 3371 Deo
991 3314 1127 3394 gruttam
1159 3297 1200 3374 Θ
1225 3301 1270 3372 les
1294 3299 1365 3370 illas
1391 3300 1482 3393 leger
1504 3303 1697 3391 perentibus
1720 3309 1761 3376 de
1787 3305 2064 3378 matrimoniali·

362 3406 448 3506 -r'pstr
463 3398 661 3500 conjugibus
676 3402 777 3483 utile,
804 3401 950 3472 median
977 3399 1051 3472 Deo
1069 3400 1200 3499 institu-
1223 3397 1381 3471 berorum
1397 3405 1506 3481 detor,
1522 3426 1572 3486 ¹er
1587 3428 1653 3489 quo
1672 3408 1715 3474 ita
1733 3401 1922 3476 inferimus:
1940 3406 2066 3497 Quod-

367 3513 407 3579 ta
425 3501 509 3600 sunt
531 3513 707 3599 parentum
741 3496 782 3573 ii
812 3502 994 3572 noricorum
1030 3498 1168 3673 congrua
1189 3548 1200 3580 ,
1225 3522 1356 3586 conque
1377 3502 1570 3589 conjugium
1593 3526 1658 3571 non
1680 3504 1727 3573 est
1747 3501 1919 3575 conforme
1939 3505 2063 3578 diuina
2095 3573 2098 3584 ,

368 3616 506 3678 motura
520 3600 739 3684 deliberatio,
759 3596 948 3695 sacerdotis
964 3597 1078 3672 herradi
1109 3601 1141 3672 io
1160 3595 1200 3671 fi
1225 3598 1419 3669 institutioni
1439 3624 1478 3669 ac
1496 3602 1614 3670 divinis
1637 3597 1790 3692 legibus,
1817 3600 1898 3673 illud
1923 3627 1990 3674 non
2014 3606 2064 3676 est

367 3703 406 3778 id
426 3728 530 3799 genus
549 3698 649 3784 alia,
674 3721 746 3794 qua
768 3699 825 3795 qui
836 3695 987 3794 spernit,
1011 3722 1075 3771 non
1097 3702 1201 3798 potest
1225 3720 1342 3768 verum
1367 3723 1404 3768 rc
1425 3717 1533 3768 retum
1562 3702 1819 3773 matrimonium.
1872 3702 1972 3788 Atqui
1995 3702 2064 3776 tole

367 3815 457 3875 certo
491 3800 733 3898 pronunciare,
768 3794 869 3892 sunm
898 3797 1111 3892 conjugium·
1123 3792 1199 3869 Deo
1223 3796 1269 3866 est
1282 3796 1475 3885 conjugium
1489 3794 1671 3870 liberorum
1688 3802 1769 3871 citra
1785 3824 1962 3892 parentum
1980 3824 2062 3873 cona

253 3893 270 3996 's
363 3901 513 3999 placere,
534 3895 890 3992 licetrodemtempore
903 3895 1198 3995 poffitnonambi·
1225 3887 1351 3964 sensum
1376 3896 1506 3966 initum.
1557 3899 1658 3989 Ergo.
2041 3923 2047 3930 ·

367 4023 462 4096 gere,
478 3998 557 4092 quin
564 4000 613 4096 fit
625 4020 737 4070 oerum
757 3993 943 4094 &firmam
963 4008 1061 4090 atque
1081 4018 1104 4068 a
1126 3991 1201 4068 Deo
1295 4005 1321 4080 §.
1347 3997 1465 4064 txtv.
1494 3989 1681 4069 Secundam
1697 4025 1797 4091 argu·
1848 3996 1914 4075 Π)
1929 3995 2060 4093 Exjun

367 4096 539 4196 certiffime
564 4098 761 4197 institutum.
800 4091 903 4184 Resp.
928 4095 1078 4168 membre
1103 4094 1201 4183 hujus
1224 4112 1414 4164 mentorum
1444 4089 1575 4167 cinisem
1606 4100 1800 4171 deducimus
1888 4079 2089 4176 '‘ammir-

366 4199 584 4272 distinctionis
603 4191 760 4267 nonsont
785 4193 844 4266 fibi
866 4196 1010 4267 invicem
1031 4191 1199 4283 opposite,
1223 4215 1263 4263 ex
1301 4192 1378 4285 jure
1418 4194 1575 4266 naturali
1589 4219 1601 4274 ,·
1642 4195 1684 4266 stc
1711 4202 1799 4268 enim
1882 4253 1888 4260 .

257 4344 270 4362 ,,
361 4293 422 4368 sed
441 4300 551 4384 potius
568 4319 685 4367 mutuo
703 4290 734 4367 se
751 4292 934 4365 includunt.
987 4296 1198 4368 Omneenim
1223 4285 1347 4360 hebent
1379 4289 1480 4363 verbe
1510 4297 1719 4381 imperatoris
1747 4299 1918 4386 Juttiniani
1947 4299 2005 4378 tib.
2028 4303 2057 4382 1.-

366 4395 617 4471 nratrimonium
635 4419 750 4464 verum
776 4418 814 4463 nc
835 4415 944 4464 ratum
968 4395 1137 4478 estetiam
1164 4394 1197 4463 in
1221 4388 1319 4459 instit.
1339 4391 1389 4460 tit.
1409 4391 1451 4462 de
1471 4394 1611 4480 nuptiis:
1648 4386 1776 4495 {iustas
1802 4401 1941 4494 nuptias
1969 4403 2060 4479 inter
2091 4385 2102 4394 ’

365 4491 401 4564 se
420 4519 459 4566 oc
481 4519 543 4581 per
571 4489 600 4563 se
629 4495 705 4564 Deo
725 4513 883 4582 gratum,
915 4512 1033 4578 utpote
1059 4489 1101 4562 ab
1128 4486 1197 4579 ipso
1214 4482 1484 4582 secontrairunt‚
1501 4489 1745 4586 quisecuruium
1763 4511 1927 4596 praecepto
1942 4500 2057 4596 legum
2087 4493 2090 4498 ¹

365 4592 569 4669 institutum,
601 4602 635 4663 δι
670 4586 808 4662 viciffim
837 4592 1085 4662 metrimonium
1109 4593 1354 4676 jeminaeum,
1382 4585 1523 4683 masculi
1548 4591 1677 4687 quidem
1700 4593 1838 4690 puberes
1853 4590 1875 4681 ,’
1891 4598 2057 4691 foemina

365 4690 458 4780 leges
476 4692 595 4761 dirime
616 4689 826 4760 institutionis
844 4693 1050 4761 contractum
1072 4692 1118 4760 est
1142 4715 1196 4766 ve.
1221 4698 1331 4759 autem
1367 4689 1600 4783 viripotentes,
1619 4694 1689 4790 stuc
1721 4696 2058 4789 potrersanriliorum

363 4795 493 4866 rom&
515 4809 624 4860 retum
647 4789 908 4860 matrimonio-m.
974 4782 1199 4860 Sobsumimor
1214 4780 1318 4879 stent,
1336 4788 1407 4886 fior
1426 4787 1742 4887 filiisanrilr'orurn,
1778 4796 1855 4867 dum
1891 4808 2001 4872 tomen
2022 4805 2059 4903 fi

365 4912 448 4960 uero
467 4891 508 4957 de
529 4888 743 4957 matrimonio
771 4884 954 4956 liberorum
981 4883 1046 4958 stne
1076 4905 1197 4975 poren·
1213 4883 1506 4981 filiafamiliorum
1528 4889 1628 4983 ,lurra
1671 4889 1859 4988 corrsenfnm
1887 4898 2057 4994 iubeant,

363 5007 437 5057 tum
459 4979 613 5055 consensu
629 4987 824 5068 contrado,
849 4989 938 5071 quod
959 5009 1026 5055 non
1045 4984 1083 5056 su
1104 4993 1197 5073 juxta
1218 5008 1357 5080 quorum
1382 4989 1416 5058 in
1435 4991 1594 5105 potfflate
1612 4986 1705 5084 sunt.
1755 4990 1865 5065 'Nam
1890 4991 1951 5069 ior
1971 5003 2058 5099 fieri

356 5085 455 5174 deges
470 5086 589 5154 divine
603 5083 835 5163 institutionis,
856 5105 918 5152 nec
926 5084 1018 5176 juxta
1036 5086 1101 5155 Dei
1120 5110 1194 5158 ver·
1217 5085 1333 5160 debere
1355 5081 1397 5158 &
1417 5089 1532 5161 cioirrr
1562 5084 1602 5160 ὅ
1625 5093 1795 5165 naturalis
1810 5098 1898 5166 ratio
1906 5098 2057 5196 prodet,

325 5179 443 5259 'bom
459 5184 591 5261 initum.
640 5185 732 5280 Ergo
751 5205 820 5259 non
839 5175 887 5260 c'st
901 5193 1066 5265 inunt&
1081 5201 1194 5274 retum
1215 5184 1255 5266 in
1284 5195 1441 5292 tontum,
1476 5198 1515 5264 ut
1534 5182 1652 5290 juffur
1665 5205 1847 5310 paruarum
1869 5201 2058 5377 prpcbedm
2107 5235 2108 5240 Ν

1935 5316 2058 5398 reate
2099 5337 2106 5392 ·,
