4884 5984
354 498 423 578 158
746 493 923 574 LOCVS
948 494 1094 568 XXVI.
1147 485 1263 568 Cbl'.
1290 495 1356 566 lv.
1411 494 1552 569 SECT.
1579 489 1652 567 11'1.

352 682 534 788 sposrsalia
549 713 614 764 non
633 691 800 792 infirmet,-
815 688 869 765 sed
886 690 1186 785 ilintelligendum
1213 712 1288 788 cap.
1320 685 1518 788 Quamnam.
1547 713 1604 781 ²5·
1627 689 1664 762 a?
1682 684 1722 761 de
1735 681 1837 781 jurei.
1906 681 1952 760 Si
1972 675 2055 788 post?
2096 747 2099 762 .

340 792 342 796 ’
360 793 402 861 de
417 816 459 862 eo
477 790 610 870 furore,
636 798 693 881 qni
719 797 832 864 mitior
857 797 929 878 est,
955 802 991 866 tt
1012 788 1188 864 intervalla
1207 788 1387 887 sponsalia
1398 792 1520 885 jurata
1536 787 1657 862 nra-lies
1673 788 1773 885 fieret
1787 807 1854 857 non
1864 781 1981 880 solnm
1998 787 2055 859 les
2097 819 2099 854 s

362 886 472 960 haber.
493 888 516 963 i.
525 891 559 988 fi
573 915 646 963 cum
663 891 782 964 dotent.
792 890 837 988 ff.
848 891 956 989 sitiat.
977 901 1078 963 matt.
1131 887 1185 961 nl.
1210 875 1325 986 prosa,
1343 887 1407 985 sed
1424 890 1527 960 etiam
1540 878 1831 984 paralytica,·nel
1848 884 1974 971 oertlos,
1993 882 2052 957 vei
2092 935 2100 966 .,

361 984 491 1059 beritos
510 991 650 1062 Gentilis
665 988 723 1061 lib.
746 992 810 1065 Vl.
834 996 876 1063 de
894 1010 991 1079 nupt.
1008 986 1188 1062 exvm.
1213 987 1331 1085 nasum
1356 989 1543 1072 amitteret,
1571 985 1624 1059 nei
1636 983 1827 1081 ,quidquam
1854 983 1886 1056 ei
1913 985 2053 1080 turpius·
2097 983 2099 1062 ἶ

362 1085 474 1176 legem
499 1084 541 1158 ste
559 1083 819 1178 interpretatur:
845 1085 957 1162 Furor
971 1088 1192 1162 interveniens
1216 1089 1384 1170 eveniret,
1405 1084 1567 1182 namquid
1589 1087 1644 1157 uir
1665 1083 1827 1156 oneretur
1841 1104 1915 1154 eam
1932 1081 2050 1156 deame
2098 1089 2099 1102 ¹

356 1179 536 1281 sponium
557 1209 624 1260 non
654 1189 825 1283 infirmat,
851 1188 889 1261 iri
909 1190 971 1288 esi,
997 1210 1063 1260 non
1085 1184 1195 1270 tollit,
1218 1190 1254 1260 in
1275 1183 1447 1261 uxorem?
1472 1184 1620 1282 proseria
1635 1182 1768 1256 datiam
1789 1204 1855 1253 non
1872 1178 2050 1280 postetdi·
2096 1221 2099 1260 t

361 1286 453 1379 proli
477 1307 543 1357 non
554 1284 654 1379 salio
664 1287 763 1386 stat,
795 1300 834 1361 at
859 1285 984 1382 inseila
1003 1284 1117 1361 reddit
1133 1284 1196 1379 sn·
1220 1288 1385 1372 mittere,¹
1393 1282 1458 1381 sed
1472 1283 1634 1380 numquid
1651 1306 1717 1354 non
1736 1278 1870 1353 dodim
1890 1280 2051 1354 admitte·
2096 1269 2099 1342 l

367 1405 427 1457 ror
445 1385 656 1480 precedens,
683 1384 864 1462 manebant
891 1387 979 1459 enim
1007 1383 1122 1481 effetio
1144 1406 1197 1456 eo·
1219 1412 1255 1462 re
1270 1378 1469 1462 teneretur?
1503 1386 1560 1477 5.)
1578 1378 1700 1457 Status
1719 1381 1882 1465 mutatio,
1910 1378 1976 1451 hoc
1991 1381 2052 1468 en.
2096 1359 2099 1488 J

364 1506 460 1567 rum,
483 1495 521 1555 at
546 1508 635 1570 aero,
660 1496 698 1557 ut
727 1483 921 1584 prontiſjum
943 1487 1196 1560 matrimonium
1222 1488 1340 1575 capitis
1360 1486 1501 1556 maxima
1529 1485 1739 1565 diminutio,
1779 1481 1837 1569 qui
1863 1481 1954 1550 enim
1978 1480 2053 1567 post
2098 1493 2099 1502 ’

369 1582 493 1681 confici
509 1581 637 1664 debeat,
658 1586 711 1659 ael
723 1568 840 1684 ptiffit,
854 1584 916 1657 lroc
932 1584 990 1658 len
1010 1609 1075 1658 non
1091 1584 1194 1668 dicit,
1221 1589 1390 1658 contratta
1409 1579 1564 1672 sponsalis
1591 1580 1636 1651 ob
1657 1578 1780 1671 flagitia
1803 1575 1839 1650 fit
1862 1573 1998 1650 infamis
2015 1585 2053 1650 ἒι

365 1705 424 1753 nec
441 1680 554 1776 dicere¹
568 1687 691 1784 potest,
719 1686 799 1781 q'nia
814 1685 921 1778 saror
942 1708 1008 1756 non
1021 1685 1107 1783 finit
1125 1707 1197 1755 reto·
1219 1678 1416 1776 flagitiosus,
1443 1680 1587 1752 civiliter
1616 1700 1768 1768 mortuus
1791 1669 1966 1765 censetur3
1998 1680 2053 1748 ‘er-

369 1784 567 1857 trimoninm
590 1786 792 1856 contrahere.
861 1793 907 1871 ς.)
936 1780 1056 1857 Morbi
1081 1794 1197 1855 eonta-
1221 1807 1268 1875 go
1289 1808 1357 1853 non
1382 1784 1516 1853 videtur
1540 1772 1656 1867 sponsa
1678 1779 1854 1868 cogenda,
1881 1795 1920 1845 ut
1936 1774 2054 1847 mamb
2093 1845 2099 1872 ‚

308 1915 316 1924 ·
368 1882 466 1982 giost.
529 1884 569 1970 Si¹
582 1880 740 1954 alterutra
765 1907 842 1974 pars
871 1882 1138 1955 contrahentium
1164 1885 1199 1951 in
1222 1884 1372 1953 monium
1395 1901 1529 1950 eumen
1551 1872 1782 1958 consummet,
1804 1873 1882 1963 quir
1901 1899 1940 1947 ea
1959 1896 2055 1946 meo·
2095 1891 2100 1984 p

297 2069 303 2079 t
372 1983 519 2078 iepram,
542 1977 801 2075 elephantiam,
825 1976 1199 2053 aliosvemorbosinsa-
1224 2004 1257 2051 te
1287 2006 1325 2049 ac
1354 1979 1537 2048 intentione
1564 1972 1664 2048 fidem
1693 1972 1901 2046 matrimonii
1935 1974 2054 2052 dedit,
2097 1993 2099 2078 p

371 2077 523 2159 nabiles,
546 2069 785 2154 abominabiles
802 2078 844 2154 'de
876 2077 1083 2170 contagiosus
1118 2081 1201 2150 inci·
1224 2083 1313 2167 quod
1337 2081 1410 2147 viro
1432 2074 1567 2146 bonella
1587 2085 1621 2147 δι
1643 2072 1889 2145 existimationis
1912 2073 2054 2163 integra·¹
2083 2081 2100 2182 l

374 2180 480 2258 derit,
506 2178 610 2250 altera
632 2204 709 2267 pars
729 2182 769 2249 ad
788 2172 1106 2250 consummationem
1133 2202 1201 2247 ma·
1225 2176 1352 2247 nubere
1371 2173 1460 2247 velit.
1515 2175 1563 2255 6.)
1588 2168 1758 2267 Absentia
1798 2191 1895 2266 pont
1919 2169 2056 2244 tiane-
2093 2185 2099 2278 p*

299 2265 311 2280 ¹
372 2277 523 2354 trimonii
544 2301 610 2347 non
633 2277 680 2348 est
698 2282 877 2367 cogenda,
905 2300 982 2347 curn
1014 2275 1090 2369 lege
1116 2278 1199 2346 dini·
1225 2278 1324 2356 nior,
1356 2296 1427 2364 cap.
1454 2278 1508 2345 De
1530 2271 1595 2342 illis
1620 2273 1658 2344 i.
1687 2274 1730 2343 de
1777 2294 1843 2358 pon
1893 2279 1929 2343 dt
1956 2290 2056 2358 matr.
2096 2325 2099 2370 ἵ

376 2382 463 2448 nitus
487 2370 605 2447 sancita
633 2373 753 2465 leprosi
777 2374 818 2445 ab
840 2374 1012 2446 hominurn
1036 2369 1202 2446 consortio
1231 2373 1285 2445 lle
1309 2372 1402 2451 illis,
1433 2373 1491 2465 qai
1510 2372 1661 2471 praestito
1687 2373 1880 2465 juramento
1905 2368 2058 2465 praenit-
2089 2383 2099 2470 'j

240 2537 243 2542 .
332 2463 344 2474 ’
378 2473 504 2547 suerint
520 2476 649 2545 remoti.
676 2479 753 2543 [ev.
777 2470 872 2544 Xlll.
889 2497 921 2560 4.
986 2479 1033 2542 lta
1053 2475 1202 2544 statuitur
1228 2481 1328 2555 tant,
1362 2468 1402 2565 se
1433 2470 1567 2565 aliquas
1595 2468 1750 2542 mulieres
1788 2466 1970 2554 indutos,
2015 2460 2058 2542 8
2089 2521 2096 2530 -

378 2574 413 2643 in
433 2593 504 2667 cap.
534 2567 627 2666 Quia
644 2570 828 2670 postulasti.
847 2570 893 2642 si.
917 2569 958 2642 sle
983 2573 1069 2669 conj.
1098 2570 1206 2667 iepra-
1228 2574 1338 2671 postea
1368 2571 1415 2642 eis
1443 2569 1627 2666 incognitis
1644 2568 1824 2642 dimittunt
1844 2578 1997 2655 terram,
2018 2560 2060 2662 fi

374 2668 447 2768 sor.
502 2666 545 2742 Si
565 2667 676 2740 altera
704 2680 786 2764 poss
814 2670 901 2741 inter
923 2666 1137 2766 desponsator
1161 2668 1207 2742 le·
1231 2672 1406 2766 adportes
1428 2666 1520 2740 alias
1543 2668 1795 2764 transferentes,
1819 2665 1882 2738 iroc
1904 2664 1972 2740 tibi
1998 2687 2060 2739 vo·

377 2791 480 2867 mom
502 2771 678 2850 incurrat„
697 2766 807 2839 altera
836 2767 882 2838 ad
915 2766 1207 2863 consummandam
1234 2771 1343 2845 lrsmns
1369 2765 1584 2864 innotescere,
1620 2768 1709 2864 qaod
1733 2766 1876 2842 liberum
1895 2767 1963 2840 erit
1987 2779 2062 2838 mu·

239 2931 243 2940 ,
292 2953 296 2966 1
383 2863 538 2967 copulam
556 2866 747 2956 maritalem
770 2867 919 2958 corapcili
939 2890 1004 2940 non
1020 2866 1122 2941 delet.
1150 2869 1210 2939 At·
1234 2867 1373 2944 lienibus
1387 2869 1489 2967 ipfiss,
1518 2870 1550 2966 st
1575 2892 1642 2940 nan
1668 2866 1817 2965 amplias
1840 2867 1876 2937 in
1892 2863 2066 3037 suffodi

256 3041 276 3058 Γ
382 2975 439 3057 qui
467 2968 501 3037 id
525 2993 590 3036 non
617 2969 785 3035 inmmerito
804 2970 902 3035 etium
932 2991 972 3036 eo
993 2971 1209 3045 extenditur,
1232 2963 1411 3067 proceffitm
1430 2968 1477 3038 od
1495 2967 1570 3040 alio
1583 2967 1623 3062 se
1644 2980 1726 3041 vota
1745 2964 1956 3058 transferre.
2029 2986 2060 3038 c.

383 3063 513 3154 quodsi
540 3062 592 3134 vel
617 3068 758 3134 stroxime
775 3059 867 3134 satius
883 3090 958 3135 casn
985 3063 1117 3154 leproso
1141 3090 1209 3133 ma-
1235 3068 1293 3142 ubi
1323 3090 1433 3138 tannen
1453 3068 1744 3155 distinguendum,
1779 3089 1891 3138 utrum
1918 3066 2003 3155 julla
2024 3071 2078 3148 dt,

384 3164 582 3237 trimonium
606 3157 835 3234 consummare
871 3162 962 3244 velit,
992 3163 1082 3236 ordia
1107 3164 1210 3251 lepra·
1237 3163 1409 3238 neccssaria
1425 3164 1593 3253 derauso,
1620 3166 1813 3257 reipublice
1829 3164 2084 3238 scilicetcom

335 3285 359 3335 ¹.
385 3263 513 3336 ratione
536 3260 666 3340 habita,
693 3284 804 3330 tamen
828 3286 847 3329 a
876 3264 1069 3351 magistratu
1092 3263 1125 3331 id
1145 3285 1213 3331 non
1238 3268 1338 3336 modo
1359 3262 1551 3352 ablegatus,
1577 3263 1629 3337 vel
1646 3262 1781 3338 adversa
1800 3261 2064 3336 valetudinede-

386 3362 429 3444 bt
468 3358 516 3431 illi
553 3362 841 3447 permittendum,
881 3384 923 3429 ne
950 3361 1140 3449 contagium
1167 3357 1214 3429 la·
1237 3383 1363 3442 tentus,
1398 3361 1453 3432 vel
1477 3365 1510 3432 in
1539 3366 1768 3452 captivitatem
1792 3359 1966 3447 detrusus,
1994 3373 2062 3437 dte.

236 3501 241 3510 =
281 3507 284 3512 ,
388 3464 451 3554 tius
475 3454 582 3546 serpat
602 3481 640 3527 at
661 3479 878 3546 propagetur.
945 3462 998 3529 De
1024 3455 1210 3556 epilepfio,
1238 3455 1370 3552 sponsas
1391 3457 1499 3532 abfite
1525 3489 1566 3532 an
1592 3487 1672 3534 vero
1699 3462 1788 3535 nulla
1810 3467 1853 3534 de
1874 3458 1969 3534 causa
1989 3483 2067 3533 ten·¹

384 3555 538 3656 paralpfi
562 3566 596 3629 ὅ(
620 3554 691 3628 aliis
716 3557 842 3627 morbis
869 3556 1080 3646 gravioribus
1106 3566 1141 3628 oe
1162 3559 1213 3626 in·
1237 3584 1329 3639 tum,
1356 3581 1393 3628 ut
1416 3554 1530 3645 sponsa
1556 3559 1769 3651 ludificetur,
1796 3587 1941 3656 peregre
1961 3559 2064 3634 abste

387 3655 586 3729 sanabilibus
610 3656 698 3725 idem
716 3651 786 3724 fere
811 3656 976 3737 statuunt,
1003 3659 1091 3741 quod
1121 3656 1212 3724 vide·
1238 3663 1317 3729 Non
1335 3660 1424 3727 enim
1440 3654 1587 3729 desertor
1603 3657 1804 3745 censendus,
1829 3667 1883 3749 qui
1914 3686 1954 3733 er
1981 3664 2067 3748 juste

388 3757 466 3829 licet
488 3778 562 3844 pars
585 3748 657 3822 sana
675 3776 742 3821 non
761 3748 797 3821 lit
823 3754 864 3822 ad
880 3751 1159 3824 cohabitationem
1178 3762 1212 3826 δι
1239 3766 1275 3829 dt
1298 3750 1472 3826 necessaria
1505 3753 1730 3838 causanbest‚
1764 3758 1817 3834 vel
1841 3764 1898 3847 qui
1921 3764 1963 3831 de
1984 3784 2067 3829 con·

390 3853 594 3926 matrimonii
618 3845 934 3944 consummationem
948 3850 1214 3940 routpellenda3
1244 3849 1336 3925 sensu
1357 3863 1391 3926 δι
1410 3855 1578 3927 voluntate
1597 3854 1719 3943 sponsae
1740 3857 1984 3948 professionem
1999 3853 2068 3929 sos-

390 3954 526 4041 iaterim
541 3950 726 4040 prudenter
741 3944 1063 4021 considerandasunt
1077 3952 1219 4021 circum·
1244 3956 1354 4041 cepit,
1379 3976 1463 4043 ergo
1483 3978 1524 4027 eo
1544 3958 1578 4024 in
1593 3953 1668 4026 casu
1687 3956 1731 4027 ob
1746 3961 1989 4030 diuturniorem
2005 3967 2068 4028 ab·

391 4050 543 4131 stantiae,
569 4071 606 4116 ac
631 4044 652 4116 st
684 4070 822 4136 utraque
850 4072 925 4136 pars
958 4050 992 4118 in
1012 4051 1217 4121 matrimonii
1244 4046 1382 4123 seutiam
1402 4045 1562 4139 sponsalia
1583 4079 1650 4124 non
1671 4051 1745 4126 sunt
1768 4053 1988 4143 dissolvenda,
2010 4051 2068 4127 sed

392 4143 710 4221 consummationem
727 4141 843 4235 {postte
857 4139 1056 4227 consentiat,
1083 4172 1150 4217 non
1166 4149 1217 4220 vi·
1244 4144 1358 4239 sponsa
1381 4149 1433 4221 vel
1449 4146 1554 4238 sponsi
1577 4156 1722 4226 reditum
1737 4152 1922 4247 exspecter,
1952 4157 2008 4228 vel
2028 4180 2069 4226 ea

391 4242 738 4332 dentnrprohibenli.
806 4242 1020 4316 Tutissimum
1054 4270 1139 4317 >vero
1170 4247 1217 4318 est
1243 4247 1339 4327 loca,
1370 4247 1428 4318 ubi
1450 4245 1585 4337 sponsus
1607 4262 1982 4339 commoratur,.adeat.
2034 4254 2069 4324 Si

392 4369 468 4418 ante
486 4341 727 4417 diss'olutionem
745 4336 982 4431 sponsaliorum
998 4342 1042 4413 ob
1058 4346 1217 4433 quosdam
1246 4346 1336 4417 nulla
1356 4349 1398 4418 de
1415 4342 1509 4418 causa
1530 4347 1640 4435 abst,¹
1657 4378 1720 4441 per
1744 4355 1924 4427 triennium
1944 4348 2069 4444 sponsa:

394 4444 529 4517 morbos
547 4435 756 4532 contagiosos
780 4440 1068 4514 &abominabiles
1089 4465 1222 4532 tempus
1246 4441 1502 4533 exspatiandum
1522 4446 1586 4518 else
1600 4446 1752 4538 censent,
1779 4476 1816 4523 ut
1844 4456 1992 4533 constet,
2025 4475 2070 4521 an

394 4542 530 4640 aliquod
552 4542 730 4612 curationis
752 4537 920 4627 praefinire
934 4595 957 4622 ,.
974 4562 1010 4611 ut
1026 4565 1119 4612 terto
1143 4567 1223 4614 con·
1248 4548 1393 4614 animum
1409 4549 1597 4618 revertendi
1617 4546 1756 4623 habeat?
1778 4549 1801 4622 l.
1828 4576 1859 4622 2.
1890 4547 1930 4622 C.
1954 4552 1995 4623 tie
2017 4572 2070 4621 νιν

284 4664 292 4676 “
396 4643 476 4725 stet,
509 4641 666 4710 morbum
697 4635 790 4707 illum
817 4634 881 4709 else
910 4635 1147 4720 insanabilem,
1187 4651 1221 4714 &
1242 4642 1371 4739 paliis.
1406 4645 2070 4735 Antoninuspart.lll.tit.r.c.XVlll.

374 4766 436 4816 ex
453 4736 509 4811 tali
527 4740 684 4826 conjugio
709 4737 815 4807 tristes
847 4742 1041 4812 metuendos
1066 4737 1129 4812 else
1156 4744 1224 4811 exi·
1249 4745 1338 4829 quod
1373 4738 1506 4831 sponsus
1538 4749 1573 4816 in
1603 4747 1720 4820 eadem
1751 4751 1924 4837 provincia
1954 4746 2082 4822 absens¹

337 4923 343 4928 ‚
398 4861 468 4914 rust
521 4840 581 4932 4.)
610 4832 829 4928 Desor‘ntitas
859 4838 1024 4936 infignis,
1053 4841 1175 4928 utpote
1201 4838 1223 4911 st
1249 4840 1400 4923 duobus,
1426 4844 1458 4913 in
1474 4842 1767 4920 aliatsibasannis
1787 4875 1804 4918 a
1824 4844 1939 4938 sponsa
1957 4853 2072 4938 eripe·

399 4944 453 5013 eui
476 4934 570 5012 nasos
591 4937 816 5024 praecidatur,
843 4937 897 5010 vel
922 4937 1008 5020 oculi
1035 4934 1226 5028 exsculpan—
1251 4944 1333 5014 tlari
1364 4941 1493 5020 debeat.
1561 4951 1721 5036 Cypraus
1744 4973 1855 5020 tannen
1882 4954 2070 5044 existimat,

391 5060 474 5134 tur.
498 5035 552 5110 vel
568 5036 757 5107 membrum
770 5059 983 5124 amputetur,
1009 5043 1164 5110 tentanda
1179 5053 1222 5112 t'a·
1249 5040 1383 5113 brevius
1404 5067 1535 5133 tempus
1551 5040 1718 5135 sufficere,
1744 5076 1785 5120 ne
1802 5049 1922 5121 mulier
1941 5053 2073 5132 diutur-

400 5164 479 5220 men
510 5138 604 5228 prius
641 5132 876 5210 reconciliatio.
917 5142 1128 5212 Innocentius
1160 5136 1223 5213 lll.
1247 5169 1290 5216 na
1306 5139 1452 5224 absentie
1465 5169 1619 5237 permota
1640 5154 1789 5238 animam
1810 5152 1852 5223 sd
1867 5151 1970 5227 malas
1985 5171 2082 5233 arras

881 5261 884 5266 ⁵
2020 5264 2077 5337 ad·
