4884 5984
251 365 262 380 ’
399 345 597 451 ⁸⁴¹⁰·
743 293 750 300 ’
1016 351 1615 430 communicaretur.

456 577 462 590 ·
520 546 734 639 Apoexlx.
750 570 784 644 7.
801 563 835 630 ι.
857 546 933 619 vid.
951 544 1015 620 loc.
1031 547 1074 620 ale
1087 541 1203 621 eccles.
1216 560 1244 638 §-
1265 561 1318 632 ιε.
1341 546 1418 634 „cit
1441 544 1630 636 apostolus:
1668 541 1752 619 Vtri
1777 544 1917 644 diligite
1932 551 2070 622 'uxores
2089 571 2224 624 ιιι-

520 647 553 718 Si
572 642 739 735 respectus
754 649 795 717 ad
811 647 955 733 primam
979 646 1127 737 conjugii
1143 647 1319 717 institutio·
1341 646 1477 742 „flcus‚
1490 645 1584 744 ficut
1599 639 1640 716 δι’
1660 639 1810 745 Clrristur
1823 645 1949 718 dilexit
1965 645 2139 745 scelestam.
2151 704 2224 722 -

467 772 470 782 ·
518 769 596 816 nent
612 754 647 818 &
662 747 777 833 primae
789 744 940 832 conjugis
954 739 1187 815 sarmationem
1197 740 1318 816 habet·
1341 748 1483 832 „liujus
1504 742 1623 833 proc'ul
1648 744 1751 816 dubio
1776 741 1967 816 sacramenti
1991 769 2044 816 res
2068 749 2115 818 eil
2129 794 2224 828 ,-

517 862 596 922 tur,
617 845 744 913 accedit
768 845 825 934 5.)
847 842 881 910 in
895 837 1030 936 sponsae
1056 866 1100 914 cx
1121 841 1225 914 lutere
1237 839 1317 935 for·
1340 863 1410 926 „ut
1438 867 1506 913 mas
1534 852 1568 915 δι’
1598 840 1734 912 imminu
1767 842 1934 915 connubio
1964 840 2111 932 copulati
2126 895 2224 932 ,-

517 941 685 1025 natione,
713 945 802 1029 quod
824 939 1015 1018 membrum
1032 942 1234 1031 Augustinus
1254 962 1316 1028 po-
1340 944 1530 1028 „quamdiu
1550 942 1683 1024 visunt,
1708 936 1968 1029 inseparabiliter
1986 937 2224 1029 perseve—

517 1035 676 1111 tiilimum
695 1060 795 1128 urget
813 1047 847 1110 dt
864 1037 1024 1122 inculcat,
1048 1059 1084 1108 ut
1095 1063 1136 1111 ex
1151 1033 1251 1128 ipsius
1264 1040 1315 1110 di-
1339 1094 1362 1128 „
1373 1059 1468 1117 rent,
1495 1062 1557 1109 nec
1573 1036 1669 1109 liceat
1680 1059 1817 1127 excepta
1834 1036 1925 1111 causa
1945 1036 2220 1111 fornicatio—

516 1137 577 1210 stis
598 1133 699 1224 paulo
718 1138 791 1224 post
808 1135 992 1223 adparebit.
1339 1138 1424 1229 „nis
1450 1161 1468 1207 a
1493 1144 1638 1226 conjuge
1669 1144 1847 1228 conjugem
1874 1140 1998 1210 dirimi.
2060 1141 2215 1209 Ho=

583 1242 618 1326 §.
644 1236 897 1307 CCCCXXIV.
945 1239 999 1306 De
1019 1231 1083 1306 hoc
1110 1231 1176 1305 line
1197 1241 1314 1322 conJu·
1338 1238 1456 1323 „enim
1474 1235 1655 1306 custoditur
1670 1236 1706 1305 in
1721 1234 1855 1307 Christo
1870 1245 1905 1310 dt
1924 1231 2080 1315 ecclelia,
2100 1253 2212 1306 u=

511 1331 560 1422 gii
580 1330 760 1423 gentilibus
780 1356 871 1403 extra
888 1330 1029 1404 ecclefiae
1044 1336 1208 1423 potnoecia
1232 1358 1313 1404 con-
1335 1383 1361 1417 ‚,
1371 1334 1484 1405 vivens
1505 1357 1581 1405 cum
1599 1335 1731 1406 vivente
1748 1335 1783 1404 iu
1797 1356 1958 1405 arternum
1974 1331 2070 1405 nullo
2088 1334 2208 1403 di—

510 1429 629 1502 stitutis
645 1427 730 1501 nihil
750 1432 929 1519 quidquam
953 1454 1069 1502 notum
1090 1431 1148 1501 eli.
1199 1436 1311 1504 Patres
1335 1433 1477 1521 „vocuo
1495 1427 1676 1519 separetur.
1705 1428 1785 1504 Lib.
1810 1427 1864 1505 II.
1892 1432 1935 1505 dc
1952 1428 2066 1528 symb.
2089 1427 2206 1504 σε

511 1551 622 1601 autem
643 1527 860 1617 pulcerrimis
875 1532 917 1599 de
932 1553 972 1602 eo
986 1527 1163 1617 proferunt
1182 1524 1311 1602 senten·
1334 1529 1487 1621 „cuceri
1505 1551 1576 1625 cop.
1600 1526 1667 1604 VI.
1719 1528 1903 1603 Adscendat
1919 1526 2056 1621 sponsus
2074 1551 2200 1602 no—

511 1627 582 1701 tias.
606 1628 794 1714 Cyprianus
819 1629 861 1699 de
886 1624 992 1717 simpl.
1015 1626 1199 1715 prelat'p.
1229 1639 1307 1713 164.
1332 1631 1428 1715 „ller
1442 1626 1577 1700 thalami
1591 1626 1637 1699 sui
1652 1625 1793 1719 lignum,
1806 1626 1980 1702 adscendet
1994 1629 2199 1708 lediums.

508 1722 737 1814 „Adulterari
752 1749 818 1795 non
838 1727 944 1813 potest
964 1720 1079 1814 sponsa
1101 1726 1242 1807 Christi,
1259 1728 1309 1798 in·
1331 1730 1508 1812 „dormiat
1529 1729 1726 1807 moriendo,
1750 1729 1920 1814 aperiatur
1936 1725 2014 1824 ejus¹
2030 1723 2198 1809 latus..

505 1845 696 1913 „corrupta
717 1824 783 1909 est,
809 1831 844 1895 dc
860 1825 991 1912 pudica.
1042 1828 1156 1895 Unam
1168 1827 1306 1897 domum
1331 1822 1554 1910 „&.,ecclefia
1569 1831 1708 1912 prodeat
1726 1827 1845 1917 virgo,
1872 1846 1933 1905 ut,
1961 1825 2198 1913 quomodfl

387 1969 392 1978 ·
507 1923 662 2007 ‚,novit,
694 1923 788 1991 unius
817 1920 962 1991 cubiculi
987 1917 1188 1993 sandiitatern
1218 1925 1306 1994 casto
1330 1927 1428 2007 „Era
1449 1921 1597 1995 fastaest
1614 1946 1654 1993 ex
1676 1921 1778 1994 latere
1801 1927 1880 1995 Adae
1902 1922 2194 2008 dormientis...

275 2125 279 2132 Ι
381 2099 388 2118 .
506 2017 669 2106 „pudore
696 2020 861 2100 custodit,
893 2016 962 2092 haec
987 2044 1047 2092 nos
1072 2023 1147 2092 Deo
1173 2016 1305 2102 servat,
1329 2020 1406 2106 „ita
1427 2033 1460 2096 δι
1481 2019 1614 2091 ecclesia
1637 2018 1801 2094 formetur
1817 2044 1857 2092 ex
1881 2021 1984 2093 latere
2001 2019 2198 2096 curisti

506 2112 608 2200 „haec
625 2113 709 2186 silios
722 2140 827 2207 tegno
842 2142 924 2203 quos
938 2119 1129 2208 generavit,
1144 2116 1302 2209 adsignat.
1328 2118 1393 2208 „in
1414 2143 1512 2191 cruce
1532 2120 1717 2208 pendentis.
1770 2117 1958 2190 Percussum
1975 2121 2023 2192 eil
2035 2118 2199 2190 enin-

507 2207 751 2311 „Auguslinus
779 2211 839 2284 lib.
874 2210 928 2288 II.
961 2216 1002 2288 aie
1042 2213 1158 2310 Gentes.
1186 2227 1304 2290 contra
1327 2218 1427 2306 „ejus
1450 2218 1554 2304 latus,
1582 2226 1617 2289 δι
1641 2217 1749 2287 ilatirn
1774 2213 2198 2308 manavitsanguiscc:

434 2381 440 2388 .
507 2308 891 2396 „MunicicXXW
941 2313 1045 2412 Quod
1059 2337 1120 2405 per
1134 2313 1302 2386 historiam
1327 2339 1463 2405 „aqum
1495 2338 1569 2402 quae
1595 2309 1668 2383 sunt
1691 2311 1834 2386 eccleliae
1863 2318 1999 2406 gemine
2023 2309 2201 2385 sacru-

370 2459 373 2478 .
503 2408 711 2498 „impletum
728 2413 774 2480 est
798 2411 832 2482 io
852 2415 980 2499 Adam,
1008 2433 1070 2503 per
1089 2411 1301 2499 prophetiam
1324 2434 1479 2498 „mentm
1528 2415 1643 2499 Aqua,
1670 2412 1705 2482 in
1727 2434 1791 2499 qua
1808 2414 1854 2482 eli
1875 2411 1987 2500 sponsa
2007 2405 2201 2500 purifi-

503 2505 694 2599 „significat
713 2507 908 2589 Christum,
933 2509 990 2596 qui
1008 2508 1141 2597 reliquit
1158 2513 1300 2594 Patrem,
1325 2532 1441 2603 „carm
1466 2505 1611 2599 sanguis,
1636 2534 1677 2579 ex
1698 2534 1765 2597 quo
1788 2512 1957 2581 invenitur
1976 2505 2042 2582 else
2064 2508 2204 2586 (ια-

501 2630 611 2685 „cum
629 2609 735 2678 dicit:
760 2602 841 2701 Ego
858 2607 954 2680 exivi
973 2627 996 2677 a
1018 2604 1141 2692 Patre,
1168 2602 1209 2680 si
1226 2610 1300 2681 vcm'
1325 2629 1429 2698 „tatu
1482 2615 1519 2678 lu
1535 2611 1595 2680 illo
1617 2602 1773 2697 sanguine
1791 2604 1893 2679 sandli
1909 2631 2072 2695 martyres
2088 2629 2203 2678 1-

501 2704 570 2783 „in
590 2701 677 2777 Ιιιιιιι
695 2705 879 2789 mundum3
910 2728 977 2776 non
997 2729 1106 2778 autem
1129 2706 1203 2777 loco
1221 2707 1298 2778 reli·
1323 2706 1433 2795 „mici
1457 2700 1563 2796 sponsa
1583 2703 1677 2775 stolus
1703 2700 1771 2777 suas
1797 2705 1978 2799 laverunt,
2006 2703 2202 2778 candi-

498 2805 628 2892 „quim
649 2799 702 2873 sed
724 2806 913 2891 adparendo
936 2801 1122 2874 hominibus
1141 2806 1175 2874 in
1192 2802 1300 2876 bomi·
1324 2807 1413 2889 „dra
1431 2829 1485 2875 eas
1503 2801 1674 2890 fecerunt,
1701 2807 1741 2874 ud
1755 2806 1887 2891 nuptias
1902 2806 1982 2895 agni
1997 2804 2200 2876 iuvita-

499 2926 574 2983 „ne
591 2949 601 2979 ,
625 2924 703 2972 cum·
715 2899 847 2973 uerbum
864 2924 942 2973 curo
955 2899 1087 2993 susum
1102 2905 1145 2999 esi
1159 2909 1224 2974 &c
1246 2926 1299 2974 re·
1322 2904 1377 2988 „ti
1393 2923 1574 2981 venerunt,
1590 2926 1609 2969 a
1624 2896 1738 2986 sponso
1753 2902 1890 2972 calicem
1903 2921 2201 2990 acceperuut-v

497 2998 627 3086 „liquit
649 3008 682 3071 dc
699 3022 856 3083 matrem,
883 2999 946 3070 hoc
960 3001 1023 3083 eil,
1048 2994 1221 3090 synagogae
1238 3023 1295 3071 ve·
1322 2996 1527 3087 „biberunt,
1546 3001 1643 3084 eique
1668 3000 1959 3088 propinaverunt,
1985 2993 2198 3090 sangui-

379 3093 383 3098 ’
496 3141 521 3179 ,‚
530 3117 636 3169 terem
649 3118 746 3184 atque
764 3096 927 3169 carnalem
941 3093 1199 3179 observantiam,
1220 3121 1293 3183 qure
1318 3120 1429 3188 „nem
1450 3104 1520 3183 ejus
1542 3095 1717 3180 biberunt,
1741 3091 2039 3186 sanguinemsuum
2052 3105 2198 3185 pr&

430 3209 453 3226 ²
495 3191 576 3278 „illi
597 3219 704 3267 mater
721 3218 795 3266 erat
815 3220 853 3266 et
879 3190 1000 3265 semine
1024 3197 1151 3277 David,
1177 3192 1294 3265 secun·
1318 3192 1405 3280 „illo
1421 3191 1642 3280 profuderunt
1663 3200 1727 3264 dcc.
1778 3197 1813 3264 O
1831 3217 1990 3284 magnum
2011 3195 2198 3268 suomet

495 3298 610 3373 „dum
628 3317 780 3371 carnem,
805 3302 837 3365 δι
856 3290 987 3361 adhesit
1006 3293 1100 3361 uxori
1118 3287 1205 3370 suc,
1229 3291 1293 3362 hoc
1317 3314 1495 3380 „mentum
1512 3289 1608 3376 hujus
1621 3290 1789 3381 conjugii!
1816 3294 1850 3362 Ο
1866 3316 2025 3381 magnum
2043 3313 2195 3375 inp-⁶

493 3395 590 3475 nell,
617 3390 775 3472 ecclesiae,
800 3412 835 3458 ut
865 3389 925 3459 snt
952 3391 1017 3457 duo
1040 3393 1193 3460 incarne
1214 3415 1290 3461 una.
1315 3389 1481 3473 „sterium
1502 3386 1598 3483 hujus
1622 3380 1725 3472 sponsi
1749 3382 1946 3475 desponsa,
1970 3415 2037 3459 non
2055 3411 2194 3459 αἱ

493 3491 620 3567 „Dicit
648 3491 736 3557 enim
758 3484 937 3572 aposlolus,
971 3483 1166 3573 ipsumess'e
1191 3508 1292 3574 caput
1314 3487 1525 3574 „plicabitur
1565 3488 1666 3575 digne
1702 3483 1851 3555 humanis
1882 3485 2021 3559 verbis!
2056 3490 2192 3559 ΒΞ

493 3584 720 3666 „ecclesiast
743 3581 910 3653 ecclesiam
933 3608 1053 3670 corpus
1069 3592 1148 3671 ejus.
1200 3590 1290 3674 Ergo
1314 3578 1458 3670 „sponso
1491 3579 1604 3672 sponsa
1628 3579 1792 3661 nascitur,
1818 3591 1852 3655 ιι
1885 3607 1920 3654 ut
1943 3580 2107 3666 nascitur,
2180 3627 2188 3636 -

491 3725 517 3766 ,ι
529 3691 562 3752 dc
577 3676 645 3768 ipse
660 3675 828 3767 soporatus
849 3682 894 3750 cst
909 3685 1109 3753 dormitione
1123 3677 1288 3770 paffionis,
1311 3684 1447 3764 „llmim
1463 3678 1512 3749 illi
1524 3681 1755 3770 conjungitur,
1777 3692 1809 3753 &
1825 3702 1904 3752 tunc
1918 3678 2032 3770 sponsa
2048 3699 2190 3752 stu-³

471 3779 558 3866 '„ut
578 3781 607 3851 ei
630 3776 774 3874 conjunx
791 3777 923 3850 ecclesia
948 3776 1164 3859 formaretur,
1188 3804 1287 3867 quam
1311 3830 1335 3859 „
1346 3779 1417 3863 bit,
1445 3784 1576 3867 quando
1606 3773 1739 3865 sponsus
1763 3783 1934 3859 moritur,
1967 3788 2002 3852 dc
2029 3789 2187 3850 tuac5
2211 3840 2213 3843 .

490 3877 755 3964 „dormitionem
786 3897 895 3948 cantat
921 3901 984 3965 per
1011 3876 1209 3966 prophetam
1236 3880 1286 3947 di·
1310 3876 1398 3963 „ille
1418 3872 1538 3966 sponsae
1556 3883 1795 3967 conjungitur,
1820 3882 1951 3965 quando
1974 3903 1994 3948 c
2016 3895 2188 3949 mor-³

387 4007 404 4020 ‘
488 3999 621 4057 „ceus:
648 3973 729 4072 Ego
754 3972 902 4046 docnciui
929 3971 969 4047 85
984 3972 1166 4072 soporatus
1182 3972 1285 4069 sum,
1312 4030 1331 4062 ,‚
1342 3973 1460 4045 talibus
1474 3969 1651 4064 separatur.
1690 3975 1835 4065 Quando
1855 3974 1912 4046 ille
1928 3973 2026 4063 super
2039 3992 2183 4048 coe‘

490 4127 511 4160 „
525 4070 565 4147 fi
580 4071 767 4168 exsurrexi.
819 4080 967 4147 Formata
985 4076 1124 4164 estergo
1141 4074 1285 4163 conjunx
1309 4072 1388 4155 „lus
1405 4072 1584 4151 exaltatur,
1610 4096 1688 4142 runc
1708 4073 1764 4142 iste
1780 4073 1813 4141 iu
1832 4075 1923 4143 omni
1939 4097 2027 4145 terta
2043 4071 2172 4145 ια’-ν

486 4172 663 4255 „ecclesie
687 4180 728 4246 de
753 4174 857 4244 latere
877 4181 969 4260 ejus,
998 4175 1030 4243 id
1050 4177 1122 4257 eil,
1154 4174 1195 4241 de
1220 4168 1284 4242 fide
1307 4175 1511 4255 „tundatur
1560 4172 1651 4268 Quid
1674 4172 1720 4241 est
1740 4168 1835 4240 hoc?
1867 4172 1955 4262 Quis
1977 4173 2024 4242 est
2045 4173 2112 4245 ine

486 4270 670 4358 „pullionis
696 4283 731 4346 ὃ(
757 4268 919 4360 baptismi.
984 4273 1073 4340 Nam
1096 4266 1282 4357 perculsum
1307 4263 1469 4356 „sponsus
1482 4263 1594 4339 absens
1615 4279 1648 4341 δε
1672 4264 1846 4356 praesensi
1880 4271 2112 4362 Quisestiste

486 4370 599 4456 „latus
628 4379 697 4458 ejus
728 4369 836 4440 iancea
867 4365 1078 4457 sanguinem,
1104 4378 1138 4440 dc
1162 4392 1281 4452 aquarn
1305 4416 1329 4449 „
1340 4363 1471 4454 sponsus
1495 4362 1635 4453 praesens
1659 4376 1693 4438 δι
1720 4365 1843 4446 latens,
1867 4392 1966 4454 quem
1987 4363 2108 4458 sponse

485 4463 678 4557 „profudit
700 4464 779 4540 Lib.
801 4464 832 4541 I.
858 4466 898 4539 dc
914 4477 1007 4560 nupt.
1029 4462 1070 4537 85
1091 4462 1279 4561 concupisc.
1305 4464 1467 4552 „ecclelia
1481 4462 1545 4536 fide
1560 4487 1686 4535 tantum
1702 4464 1867 4552 concipit.
1898 4476 1931 4538 dc
1948 4465 2014 4536 stne
2032 4466 2101 4538 ullo
2214 4501 2224 4544 .·

484 4589 544 4650 ,‚c.
568 4562 615 4637 X
665 4570 745 4638 Non
777 4587 904 4637 tantum
933 4563 1155 4645 foecunditas,
1188 4565 1280 4651 cujus
1303 4562 1491 4651 „amplexu
1520 4562 1669 4633 membra
1702 4569 1773 4649 cius
1802 4563 1950 4648 quotidie
1988 4568 2100 4637 ceriti
2131 4591 2133 4596 ·
2202 4575 2224 4646 ξ

482 4660 642 4752 ,studius
656 4665 689 4733 in
704 4664 798 4751 prole
811 4667 857 4735 est
870 4719 879 4747 ‚
894 4689 955 4735 nec
971 4685 1097 4734 tantum
1110 4664 1279 4749 pudicitia,
1304 4663 1507 4748 „Dominus
1522 4662 1680 4730 virtutum
1696 4657 1764 4747 ipse
1776 4662 1823 4731 est
1837 4686 1894 4730 rex
1907 4661 2024 4754 glorie
2033 4672 2098 4739 &c
2190 4673 2224 4748 a,

480 4769 605 4849 „cujus
631 4762 800 4834 vinculum
827 4765 873 4833 est
904 4761 1008 4846 fides,
1033 4785 1150 4833 verum
1178 4764 1276 4831 etiam
1302 4755 1477 4845 „Similia
1492 4769 1666 4831 occurrunt
1685 4760 1720 4829 in
1741 4771 1886 4830 ennrrul.
1910 4758 1967 4830 P.
1994 4749 2097 4836 ιιῖῖ.
2189 4791 2224 4843 tq

430 4937 439 4946 ‚
481 4864 674 4950 „quoddam
694 4857 944 4954 ¹sacramentum
971 4864 1161 4947 nuptiarum
1184 4884 1277 4930 com-
1298 4870 1410 4943 „toccu
1435 4873 1465 4941 8.
1497 4858 1539 4943 θ’
1568 4857 1662 4931 trusi.
1687 4854 1803 4932 CXX.
1831 4856 1867 4929 ιἰι
1897 4850 1992 4958 Just.
2015 4871 2095 4937 tom.
2193 4887 2224 4948 p

477 4965 687 5047 „ureudatur
707 4957 862 5038 fidelibus
883 4961 1085 5056 conjugatis,
1110 4961 1199 5036 unde
1224 4961 1275 5034 di·
1296 4955 1401 5049 ‚‚IX.
1417 4951 1824 5058 &nBernlrucdusficm
1840 4955 1979 5038 Viam
1993 4955 2096 5133 Gan}
2197 4962 2224 5026 Ξ.

2032 5080 2096 5138 CO·
