4884 5984
408 487 490 545 m
717 465 1014 539 tocvsxxvt.
1067 463 1537 536 castanneola.
1589 467 1697 539 aar.
1723 413 1749 537 ι.
1864 438 1876 442 ”

416 660 676 742 tur-usitatum,
715 688 734 733 a
758 661 940 732 christianis
972 661 1077 750 igitur
1105 662 1226 732 merito
1251 659 1331 740 sint,
1352 657 1807 730 tamenchrisliauusauimtts
1822 676 1941 726 vocem
1953 647 2054 728 Chri·

416 765 644 846 aepudiandus
661 762 729 839 esi,
754 762 881 854 quippe
901 759 959 844 qui
976 755 1087 830 sedulo
1108 775 1227 834 cavere
1251 761 1288 830 sli
1305 758 1418 828 audire
1436 780 1476 825 ae
1493 753 1583 844 sequi
1605 758 1714 830 debet.
1765 758 1826 843 6.)
1851 751 1911 828 Ob
1933 750 2053 826 veteris

420 861 567 946 debent,
600 885 645 931 ne
671 865 746 928 vitae
771 883 809 927 ac
831 880 975 938 morum,
990 853 1228 928 conformitate
1255 853 1295 930 ὅ
1312 855 1465 950 purioris
1488 853 1634 1022 ecclssae
1658 851 1858 949 ionfeahm.
1907 846 2052 935 Chryso·

419 957 571 1032 ethnicos
595 947 795 1048 exprimant.
862 957 920 1044 5.)
941 953 1000 1027 Ob
1025 948 1153 1053 Carisa
1176 955 1227 1027 ia·
1252 956 1373 1042 (lomus
1386 950 1545 1040 peculiari
1572 948 2051 1042 ermonegraviterinvehitur

422 1047 608 1131 moinum
678 1054 975 1150 Quemadmodum
998 1079 1016 1123 a
1040 1052 1229 1145 poligamia
1253 1054 1289 1122 in
1310 1049 1572 1121 concubinarios.
1635 1055 1821 1125 tonantius
1844 1045 1900 1117 lib.
1922 1052 1981 1119 vl.
2003 1049 2053 1116 irl-

423 1181 462 1229 ιε
475 1156 658 1227 temerariis
674 1154 825 1223 divortiis
839 1149 989 1221 Chrillus
1004 1151 1124 1221 Matth.
1135 1158 1229 1224 XlX.
1253 1151 1317 1222 stit.
1347 1173 1420 1234 cap.
1443 1147 1568 1220 XXlll.
1644 1145 1841 1248 castitatem
1866 1141 1962 1218 Deos
1989 1166 2053 1216 aon

425 1261 459 1328 6.
484 1278 542 1323 nos
558 1273 694 1325 revocat
709 1256 749 1322 ad
769 1247 913 1338 primam
936 1252 1082 1339 coniugii
1103 1249 1231 1320 institu·
1254 1247 1352 1319 modo
1375 1245 1466 1316 intro
1488 1249 1642 1341 priuatos
1665 1249 1837 1342 parietes,
1862 1240 1928 1339 sed
1951 1245 2053 1315 eliam

424 1354 574 1430 tionemt
613 1352 658 1419 ita
687 1370 819 1436 quoque
842 1357 860 1414 'a
881 1346 1134 1435 concubinatu,
1176 1344 1229 1418 ael
1251 1342 1448 1441 proscripto
1468 1342 1579 1418 sesinii
1601 1347 1778 1425 terminat,
1803 1354 1861 1422 tel,
1889 1364 1964 1412 cnm
1983 1342 2055 1438 quit

427 1451 463 1524 ia
484 1446 612 1538 populo
639 1451 704 1518 Dei
723 1446 776 1517 vel
799 1451 886 1530 apud
909 1447 1051 1535 gentiles
1070 1468 1228 1535 recepto,
1254 1440 1352 1516 habet
1366 1464 1521 1528 uxorem,
1544 1442 1784 1537 aequeseroattt
1799 1463 1900 1536 aeque
1913 1437 2054 1537 liberata

426 1544 576 1637 adleget
598 1540 856 1616 matrimoniales
873 1567 932 1611 nos
950 1546 1044 1616 unice
1066 1537 1231 1615 revoealle
1254 1540 1373 1614 habere
1388 1540 1521 1636 insuper
1534 1544 1633 1626 velit,
1645 1540 1709 1637 sed
1722 1539 1941 1615 matrimonio
1949 1539 2055 1637 fidem

426 1644 618 1717 llatuendtts
632 1645 697 1722 ella
724 1641 866 1729 proinde
881 1638 903 1710 si
919 1640 972 1711 vel
985 1644 1127 1712 maxime
1143 1665 1230 1729 quar·
1248 1637 1369 1736 seruet.
1447 1665 1521 1733 ¹quae
1542 1638 1702 1716 sententia
1724 1640 1895 1731 pellicatui
1918 1638 2057 1730 proprie

426 1747 504 1816 dam
536 1739 781 1835 concubinatus
813 1739 965 1827 exempla
998 1736 1123 1811 adferri
1148 1730 1232 1828 'pos-
1255 1741 1301 1813 eli
1320 1640 1506 1831 opposita.)

1056 1928 1293 2007 SECTIO
1342 1927 1432 2005 III.

953 2083 1043 2150 DE
1115 2080 1527 2153 DlVORTlO.

435 2246 627 2314 Dimum,
765 2226 799 2304 ᾖ.
836 2225 940 2293 DLX.
979 2223 1148 2312 Coniugio
1177 2219 1229 2292 tel
1255 2218 1487 2294 solvendorum
1535 2225 1703 2307 privatum
1749 2219 1876 2296 bonum
1921 2247 2057 2296 eoncu-

413 2325 420 2336 '
690 2316 1230 2404 maximeadvtrsaturdivortium,
1255 2326 1336 2400 nit,
1384 2342 1422 2389 ut
1452 2318 1573 2390 scilicet
1624 2323 1710 2411 parti
1754 2322 1923 2394 innocenti
1980 2346 2086 2412 eon·¹

434 2414 794 2508 ςιιοιιπιιχυλῶςκαὶ
813 2410 1232 2511 ὠςιιπιιπῳάιῆιιιςιιιιο
1258 2417 1403 2495 solator,
1449 2443 1487 2490 ac
1523 2442 1598 2503 pats
1640 2443 1761 2489 nocens
1799 2421 1911 2492 debita
1960 2443 2059 2509 pient

434 2519 482 2592 ra
496 2516 624 2588 vinculi
640 2511 830 2606 cottiugait's
836 2511 983 2608 satiatio,
1003 2537 1044 2583 oc
1059 2512 1232 2587 mutili&
1256 2511 1436 2588 adficiatur.
1536 2510 1729 2589 Communis
1776 2522 1978 2607 dignitatem
2023 2525 2058 2590 dt

436 2617 557 2688 uxoris
573 2614 759 2709 separatio.
810 2615 900 2682 Cum
923 2616 1011 2683 enim
1040 2617 1232 2704 coniugium
1258 2616 1462 2686 honestarent
1501 2614 1682 2705 coniugalis
1728 2620 1851 2687 ordinis
1897 2620 1931 2687 in
1973 2613 2090 2686 ehri·'

433 2711 1233 2799 tamrationeprimaevae.institutionisquamcon·
1258 2716 1355 2784 lliana
1406 2710 1577 2798 republica
1624 2710 1880 2784 conservandam
1924 2710 2058 2802 spedlrt.

436 2809 638 2888 trahentium
658 2809 846 2878 intentionis
864 2809 1073 2878 individuum
1090 2806 1233 2902 vilaeso-
1259 2819 1315 2894 4.)
1345 2804 1553 2881 Adiurtsium
1588 2814 1723 2880 divortii
1755 2816 1800 2881 est
1834 2816 1954 2882 naudus
1983 2834 2060 2898 pta·

435 2900 909 2980 cietolemaciudilsolubilem
925 2909 1070 2979 maris&
1090 2911 1234 2976 lorininae
1259 2909 1420 2992 cedendi,
1469 2910 1586 2995 quiin
1620 2907 1677 2979 illa
1711 2907 1918 2980 dil[·lutione
1950 2904 2062 2980 obser-

433 3006 905 3088 eoniuuotiontmcontineat,
938 3030 977 3073 ex
996 3001 1235 3075 eofacileani·
1262 3006 1332 3075 vari
1359 3000 1537 3076 consuevit.
1617 3004 1675 3104 5.)
1706 3004 1896 3100 Cognatum
1929 3010 1978 3078 est
2010 3030 2063 3076 re·

317 3177 321 3182 ,
434 3103 675 3182 madvertitur,
700 3102 899 3178 divortium,
925 3126 990 3185 quo
1012 3105 1083 3169 vita:
1106 3097 1239 3170 societas
1262 3106 1428 3193 podium,
1468 3106 1556 3190 quod
1586 3106 1631 3173 ell
1662 3101 1896 3192 sponsaliorum
1930 3099 2062 3174 dill'nlu·

438 3202 620 3275 dividitur,
648 3197 869 3270 &vinculum
898 3200 1070 3288 coniugale
1097 3198 1238 3269 dillolvi-
1264 3205 1321 3272 tio.
1394 3202 1455 3292 6.)
1493 3196 1676 3271 Contraria
1705 3202 1777 3272 sunt
1805 3203 1979 3274 tolerantia
2011 3203 2063 3268 ad-

442 3320 515 3376 tur,
540 3299 645 3366 eidem
668 3322 766 3380 quam
785 3293 1110 3365 niaxiuienltetsari.
1138 3301 1241 3368 Catii·
1265 3297 1362 3368 ulteri
1386 3297 1439 3367 vel
1463 3299 1617 3368 adulterae
1635 3326 1674 3369 ex
1700 3304 1799 3370 animi
1820 3306 1962 3387 quadr-n
1984 3300 2063 3370 levi·

352 3449 354 3454 .
439 3396 628 3485 pledeniur
659 3418 768 3461 autem
797 3397 981 3462 dutitinam
1015 3397 1056 3461 de
1091 3396 1239 3463 ditono
1268 3394 1521 3483 anteperfecta,
1549 3401 1676 3469 coactio
1700 3400 1799 3484 partis
1821 3400 2004 3468 innocentis
2024 3400 2063 3466 ad

442 3498 530 3566 iuxta
559 3491 705 3561 usitatam
729 3489 922 3560 methodum
950 3492 1076 3560 duobus
1103 3516 1240 3577 genera·
1264 3493 1540 3563 cohabitationem
1555 3520 1630 3563 cum
1645 3507 1859 3567 nocente&c.
1897 3497 2063 3566 Sedenim

441 3592 529 3663 libus
543 3588 716 3675 capitibus.
758 3588 1155 3684 l’riuso’tonnrohopiat,
1180 3613 1227 3673 po
1265 3616 1339 3660 tutu
1372 3596 1424 3675 ι.)
1446 3590 1593 3662 delinitio
1619 3592 1656 3664 stt
1676 3595 1928 3694 συμπέρασμα
1949 3595 2063 3674 totius,

443 3691 558 3760 sterius
578 3691 911 3780 πραγματολογιαι
934 3686 1020 3752 illius
1050 3686 1239 3770 explicabit.
1265 3714 1325 3757 nec
1349 3693 1439 3759 redte
1461 3691 1601 3779 intelligi
1624 3690 1741 3778 pouit,
1770 3693 1826 3761 mli
1854 3714 1922 3761 tots
1942 3692 2064 3761 deciri·

444 3793 484 3858 ln
509 3778 767 3878 ὀιοματολογιᾳ
790 3782 1023 3851 cotihderanda
1051 3786 1140 3861 erit,
1186 3785 1240 3870 ι.)
1264 3789 1413 3872 ueprius
1434 3784 1705 3880 fueritcognita,
1732 3817 1770 3860 ar
1786 3793 1926 3875 proinde
1948 3788 2063 3858 ultimo

443 3880 684 3977 ἰτυμολιγιιι,
714 3883 766 3967 2.)
787 3877 988 3968 ὁμωνυμία,
1028 3882 1083 3973 3.)
1099 3910 1241 3955 aurato·
1267 3884 1340 3951 loco
1368 3888 1533 3954 tradenda.
1601 3893 1648 3968 ι.)
1671 3891 1757 3957 Cum
1781 3886 1956 3957 diviliones
1979 3886 2063 3962 illae,

441 3981 524 4075 μία.
573 3979 885 4080 Πραγμαιολογια
905 3975 966 4045 hoc
988 3981 1103 4047 ordine
1124 3984 1240 4048 tracta.
1267 4007 1337 4065 qnae
1357 3985 1399 4051 de
1419 3985 1565 4052 divortio
1586 3990 1779 4063 traduntur,
1808 3984 1869 4053 sint
1890 3988 2001 4074 potius
2017 3984 2064 4051 di-

434 4085 473 4166 ,τι
492 4072 613 4164 pulset,
639 4099 673 4143 ut
691 4077 799 4159 primo
816 4073 888 4177 loeo
908 4095 1049 4161 ponatur
1070 4076 1240 4172 definitio,
1266 4081 1454 4148 slintltiones
1484 4086 1572 4148 vocis
1604 4083 1767 4171 antbiguar
1795 4087 1827 4150 in
1863 4081 1917 4153 sua
1945 4076 2064 4172 signifi·

445 4175 500 4267 2.)
516 4171 647 4263 diuisto.
692 4169 868 4262 3.)cottsae.
933 4171 1089 4266 Efficiam
1117 4177 1161 4244 esi
1189 4171 1242 4241 vel
1267 4198 1337 4245 cata
1367 4180 1406 4244 ad
1438 4175 1637 4271 ὁμωνυμίας
1667 4177 1922 4267 explicationem
1963 4180 2064 4267 parti·

445 4267 622 4363 impnlstou
649 4265 701 4337 vel
724 4265 925 4359 eustratium
997 4270 1171 4357 lmpulsite
1196 4271 1242 4338 est
1268 4296 1399 4349 nentes,
1425 4301 1524 4358 quam
1550 4281 1710 4345 adcurate
1737 4277 1909 4348 diviliones
1934 4277 2063 4366 generis

415 4368 498 4440 ,rel
518 4388 615 4452 vera,
646 4365 798 4437 videlicet
817 4368 1035 4450 adulterium,
1064 4369 1115 4438 vel
1129 4365 1240 4462 sassa.
1266 4372 1300 4440 in
1326 4366 1460 4456 species.
1528 4379 1573 4457 ς.)
1600 4377 1687 4444 Cum
1713 4375 1814 4443 multa
1841 4362 1880 4445 e'x
1910 4376 2081 4449 nouenos-

446 4461 637 4541 Exsecutiva
668 4466 713 4533 eli
743 4465 845 4534 iudex
873 4466 1066 4536 ordinarint
1093 4471 1241 4554 negotio.
1267 4472 1463 4538 enumeratis
1495 4471 1656 4555 capitibus
1688 4475 1799 4559 primo
1826 4476 1933 4543 statim
1969 4473 2065 4543 intui·

446 4591 522 4638 rum
543 4561 836 4634 matrimonialium
859 4564 1241 4652 cognitioniacdecilio·
1268 4587 1302 4635 tu
1337 4571 1440 4635 extitit
1474 4570 1569 4638 obt-ir
1602 4569 1689 4647 lint,
1738 4598 1798 4640 nec
1840 4572 2063 4657 operosiorem

446 4666 481 4735 ni
509 4662 716 4750 pratllitutus.
775 4658 928 4731 lanterio
953 4657 1024 4728 liant
1051 4668 1185 4734 mantus
1209 4673 1241 4734 8(
1266 4665 1520 4747 explicationem
1546 4666 1747 4747 desiderent,
1785 4672 1859 4740 ideo
1889 4694 2061 4772 apaprea-

449 4762 749 4836 exundantium
764 4781 923 4844 petentes.
976 4755 1157 4828 Formam
1172 4786 1244 4828 mu·
1268 4765 1433 4853 roatpiat
1463 4771 1501 4833 ad
1543 4769 1600 4832 tria
1637 4762 1838 4851 purissimum
1876 4777 1985 4854 capita
2019 4790 2064 4836 te·

448 4878 511 4928 tuae
537 4855 748 4943 obligationis
777 4880 814 4925 at
844 4858 1082 4927 coniundtionis
1113 4854 1244 4926 ‹lilstilu-
1271 4857 1469 4928 vocxbjmus.
1552 4860 1702 4933 Printutn
1737 4888 1881 4948 exponet
1916 4863 1957 4941 ati
1994 4864 2061 4946 dn.

446 4959 503 5027 tio.
554 4948 654 5025 dinis
677 4950 799 5039 duplex
823 4956 893 5033 eo,
925 4955 1081 5048 proprius
1101 4966 1135 5026 dc
1158 4979 1243 5025 coin·
1268 4978 1312 5024 att
1339 4957 1432 5027 delur
1457 4958 1664 5043 ainai-tima,
1704 4963 1766 5030 hoc
1790 4964 1854 5040 est,
1887 4990 1929 5034 an
1951 4968 2060 5037 coniu-

436 5052 567 5134 ‚nutat'n
622 5046 788 5148 Proprius
809 5045 955 5141 ipsorum
979 5055 1158 5142 coniugum
1179 5048 1243 5125 dis·
1268 5056 1315 5146 gii
1348 5053 1514 5128 vimulum
1549 5059 1586 5131 sit
1613 5057 1753 5133 solubile
1778 5086 1839 5149 per
1872 5065 2060 5135 divortium.

1948 5156 2061 5234 Secxa-
