4884 5984
426 459 431 464 ’
539 531 608 590 sao
940 521 1240 626 tocvtxxrr.
1291 513 1756 594 citrensem.
1884 485 1901 532 ’·

512 733 518 750 ’
541 708 624 798 cipit
639 704 789 792 Audite,
815 714 848 784 in
876 740 943 802 quo
965 711 1202 788 concubinatus
1224 710 1343 805 probi-
1367 709 1432 785 effe
1444 712 1703 786 concubinatum
1724 707 1778 785 sed
1792 707 2058 784 fornicetiooem.
2109 710 2172 782 Εο·

446 815 449 820 ’
544 805 663 894 betur,
691 810 798 909 palea
824 810 1038 901 inscriptione
1061 814 1203 897 nmavit,
1225 835 1262 883 ut
1292 813 1341 881 itt-
1368 836 1459 894 rum,
1492 814 1549 897 qui
1568 809 1612 881 fic
1637 813 1798 894 ssrtuunt,
1824 809 2019 898 opinionem
2038 805 2170 877 videtur

464 939 474 958 ι
544 928 686 994 nuetet,
718 911 797 994 quid
826 909 1116 1000 amplectendum,
1156 912 1237 998 quid
1268 909 1344 979 reii·
1368 906 1511 998 ptubete
1537 911 1663 978 dicum
1683 932 1712 979 c.
1749 906 1839 980 Solet
1853 908 1918 981 dre.
1944 927 2000 991 at.
2026 926 2058 991 a.
2078 924 2112 988 ³·
2131 922 2170 973 ec

543 1004 698 1075 ciendum
721 1011 754 1076 in
776 1004 838 1077 hcc
852 1005 1073 1100 controyeriia
1087 1005 1145 1076 fibi
1163 1010 1344 1089 videretur,
1370 1005 1469 1079 talem
1485 1005 1741 1077 concubinatum
1753 1029 1852 1092 quem
1865 1005 2020 1093 proxime
2034 1001 2169 1086 comda-

542 1124 610 1188 quo
625 1126 690 1174 non
714 1106 832 1175 iniuria
852 1109 953 1178 etiam
971 1105 1052 1177 illud
1071 1101 1235 1183 refertur,
1254 1108 1343 1191 quod
1370 1129 1407 1176 re
1432 1107 1473 1176 ad
1500 1107 1722 1193 coniugium,
1757 1123 1800 1174 ac
1817 1099 1961 1199 speciem
1987 1096 2169 1195 mandam

545 1223 619 1272 rurn
640 1200 798 1296 digamo,
826 1203 893 1276 boc
909 1205 976 1289 est,
1003 1228 1079 1273 tum
1103 1227 1163 1285 eo,
1195 1204 1252 1290 qui
1275 1196 1344 1272 lirc-
1367 1195 1492 1275 isculti
1507 1200 1720 1274 matrimonii
1733 1199 1796 1273 elie
1809 1227 1880 1272 non
1894 1204 2015 1270 iniurie
2032 1199 2105 1285 quit
2119 1197 2170 1266 di·

547 1293 667 1371 cellite
695 1305 774 1371 duas
800 1326 917 1374 uxores
944 1300 1110 1394 legitimus
1131 1299 1264 1392 habuit,
1296 1301 1346 1368 di·
1369 1304 1464 1372 sterit.
1526 1301 1597 1395 Vs)
1620 1285 1811 1372 Condiium
1834 1299 2071 1371 Tri-lentinum
2101 1286 2169 1367 scis.

545 1389 689 1483 spenseri
715 1391 803 1488 palie
825 1422 970 1492 negent,
1006 1420 1045 1469 ut
1063 1402 1105 1468 ad
1128 1393 1345 1469 secerdotium
1370 1395 1987 1489 xxiv.cap.¹t111.concubinatum,
2012 1413 2170 1484 utssmrt

544 1491 731 1578 evehatur,
768 1507 802 1569 dt
826 1520 937 1569 tamen
964 1495 1114 1586 Pelagius
1137 1492 1287 1581 pontifex
1316 1517 1346 1566 c.
1370 1519 1565 1583 peccatum,
1589 1496 1710 1566 merito
1729 1493 1964 1584 reprehendit,
1984 1491 2173 1579 tumquein

548 1586 795 1665 Fraternitatis
821 1590 890 1668 &a
918 1596 989 1666 ιιιιι.
1013 1614 1069 1682 34.
1093 1597 1132 1661 cd
1157 1596 1348 1663 diaconatus
1372 1588 1561 1665 universum
1582 1590 1813 1680 prohibendo,
1840 1614 1981 1665 canones
1999 1589 2077 1662 illos
2094 1588 2172 1658 ιιι-ὐ

549 1691 702 1761 ordinem
721 1691 864 1779 provehi
881 1692 1044 1780 permittit
1064 1714 1157 1773 eum,
1185 1692 1244 1774 qui
1260 1711 1346 1758 mor·
1373 1689 1558 1778 pontificii,
1591 1691 1626 1760 in
1648 1689 1767 1776 quibus
1785 1692 2005 1780 permittitur,
2040 1688 2172 1776 penitus

545 1808 604 1858 tue
625 1811 729 1861 urore
751 1789 865 1885 plures
895 1787 1020 1862 liberos
1038 1811 1082 1859 eu
1101 1786 1226 1858 aneilla
1238 1783 1347 1880 siesse·
1372 1791 1536 1880 obrogare
1554 1789 1704 1869 videtur,
1728 1783 1784 1860 sed
1803 1789 2007 1875 experientia
2024 1783 2173 1860 testetur,

542 1883 660 1982 perit,
695 1886 755 1959 ubi
781 1890 901 1961 metito
930 1887 1046 1972 aliquis
1081 1886 1242 1959 exclamet
1272 1909 1348 1954 cum
1373 1884 1572 1957 concubium
1598 1887 1633 1956 in
1655 1908 1779 1973 papatu
1804 1883 1867 1959 elie
1897 1877 2172 1974 frequentiffiour

546 1978 650 2074 glatie
664 1984 713 2055 in
742 2008 771 2055 c.
820 1983 860 2058 Is
873 1985 933 2082 qui
949 1982 1017 2056 &a
1044 1985 1184 2055 dillindt.
1216 1986 1348 2052 eedem:
1373 2009 1440 2055 non
1463 2005 1591 2053 tentum
1612 1986 1701 2070 apud
1718 1970 1915 2066 sacrificulos
1932 1985 1967 2054 in
1991 1973 2174 2053 minoribar

549 2077 712 2154 Luxuria
724 2083 916 2178 quandoque
926 2084 1004 2179 plus
1018 2083 1104 2155 iuris
1122 2079 1236 2163 habet,
1252 2102 1349 2172 quam
1375 2081 1546 2152 ordinibus
1565 2082 1774 2160 constitutos,
1802 2076 1856 2153 sed
1869 2081 1970 2153 etiem
1986 2079 2080 2168 opud
2092 2099 2174 2165 prc-

552 2179 712 2277 castitar,
743 2180 824 2278 qaia
855 2186 960 2280 castus
987 2181 1209 2276 repelleretur,
1232 2179 1349 2275 sorni·
1375 2175 1474 2260 iulet,
1501 2182 1691 2263 canonicos,
1712 2176 1866 2261 abbates,
1889 2174 2086 2265 episcopas,
2105 2198 2174 2245 mr·

549 2288 646 2349 rator
666 2299 743 2348 uera
768 2280 912 2351 minime.
966 2283 1045 2367 ιιι.)
1061 2280 1208 2370 Quidem
1227 2278 1347 2350 discor·
1375 2274 1499 2346 diocles
1515 2285 1580 2347 dre.
1598 2279 1739 2361 proinde
1755 2279 1874 2347 metito
1888 2275 2006 2362 aliquit
2021 2270 2098 2363 ipsu
2117 2271 2174 2342 ob-

549 2379 664 2447 dcntet
686 2373 760 2445 illos
783 2401 924 2449 canones
955 2373 998 2447 irc
1021 2376 1222 2453 conciliant,
1261 2377 1350 2464 quod
1375 2375 1489 2444 iecerit
1503 2369 1743 2446 illud'Chriili:
1768 2373 2030 2445 Metenxxut.
2044 2396 2077 2456 3.
2107 2363 2175 2441 Di·

408 2513 420 2530 =
549 2469 690 2554 inillis,
720 2474 896 2562 inquibus
925 2473 1351 2558 concubinatus-permitti·
1376 2465 1510 2562 cunt&
1523 2470 1745 2561 nonfaciant.
1796 2466 2174 2562 tngravaminiburmt.

548 2590 628 2652 tut,
663 2592 873 2662 nauigatur
900 2575 941 2642 de
960 2594 1039 2642 vera
1059 2567 1263 2658 concubina,
1296 2566 1349 2641 sed
1378 2576 1491 2639 Germ.
1514 2591 1600 2637 enno
1623 2594 1725 2658 1522.
1749 2566 1859 2658 legato
1878 2592 1971 2658 papae
1989 2564 2176 2642 Noriuber·

550 2673 593 2739 de
612 2687 663 2750 ta,
679 2690 801 2748 uxore,
826 2694 897 2755 quar
918 2673 1073 2756 priuatim
1095 2671 1193 2738 dotia
1216 2669 1281 2739 line
1303 2666 1350 2737 le·
1376 2691 1426 2755 μ
1448 2663 1583 2743 ablotis,
1609 2690 1703 2754 grav,
1725 2672 1858 2737 LXXV.
1882 2676 1915 2739 dr
1931 2669 2025 2738 XCl.
2043 2664 2176 2753 imperi

501 2847 506 2856 ¹
541 2761 679 2857 ¹galibus
693 2766 934 2851 instrumentis,
960 2791 1032 2854 qoae
1050 2764 1106 2836 etss
1121 2790 1235 2837 revera
1252 2764 1289 2835 stt
1306 2765 1351 2835 le·
1376 2786 1533 2851 proceres
1557 2763 1689 2849 publice
1711 2767 2089 2835 decantabinmorum
2109 2759 2177 2833 ire·

551 2862 668 2955 gitima
693 2886 793 2948 uxor,
828 2887 947 2952 utpote
971 2861 1103 2934 edictio
1132 2864 1272 2934 attritali
1292 2865 1351 2933 du·
1376 2861 1509 2947 quentia
1531 2863 1805 2947 conqueruntur:
1842 2858 1885 2931 In
1909 2859 1994 2933 iocis
2014 2862 2177 2956 plerisque

407 2967 410 2972 ’
548 2964 623 3037 ot,
656 2980 765 3031 temen
786 2984 926 3049 propter
941 2957 1052 3031 unsilia
1075 2958 1210 3030 dotalia
1232 2961 1352 3059 instru-
1376 2955 1568 3052 (inquiunt)
1585 2956 1731 3053 episcopi
1754 2954 1794 3029 (θ’
1812 2982 1923 3029 eorum
1944 2957 2106 3053 officiales
2121 2956 2176 3048 sa·

549 3059 664 3130 'menta
683 3058 811 3128 dicotur
830 3057 1025 3130 concubine.
1079 3058 1351 3129 Hanc·coocilia·
1375 3054 1541 3126 cerdotum
1578 3055 1726 3127 tolerant
1763 3057 2041 3129 concubinatum:
2085 3057 2177 3129 dae·

552 3156 678 3226 tionem
706 3155 869 3244 adprobat
903 3153 1117 3225 bellarminus
1140 3157 1190 3223 de.
1204 3157 1350 3225 matrim.
1377 3150 1474 3223 modo
1494 3163 1584 3223 certa
1599 3153 1816 3248 persolvatur
1835 3156 1975 3249 persenia
1993 3152 2036 3229 δ’
2047 3165 2176 3251 recepta

545 3238 625 3341 ‘cap
643 3258 702 3323 Xl.
723 3248 807 3341 resp.
826 3259 866 3322 ad
887 3276 959 3341 arg.
978 3275 1008 3323 2.
1062 3255 1122 3323 Sed
1147 3249 1223 3321 huic
1244 3255 1352 3322 correi·
1376 3249 1419 3322 ab
1433 3249 1553 3321 eisdem
1567 3252 1627 3321 troc
1645 3276 1755 3322 annuo
1770 3252 1863 3345 censu
1878 3251 2011 3348 publice
2022 3253 2179 3349 curastis

550 3347 678 3422 lintioni
698 3373 763 3420 non
784 3349 925 3419 multum
949 3350 1052 3419 tribui
1073 3350 1196 3438 potest,
1222 3354 1296 3436 quia
1319 3353 1352 3419 in
1380 3349 1596 3434 concubinis,
1629 3348 1800 3445 pellicibus
1828 3349 1868 3423 ii
1896 3351 1979 3423 aliis
2010 3354 2048 3424 id
2077 3375 2179 3447 genus

552 3451 662 3519 uerbis
691 3468 853 3515 cononum
883 3440 1000 3517 diserta
1031 3449 1243 3517 codidiano
1283 3471 1353 3517 tum
1378 3447 1602 3520 meretricibus
1628 3449 1802 3542 illegitime
1834 3448 2054 3535 cohabitare,
2099 3451 2177 3524 tete·

552 3540 744 3616 concubina:
763 3564 833 3611 tum
852 3546 960 3613 uxoris
980 3542 1016 3613 fit
1037 3548 1181 3621 mentio,
1208 3568 1246 3613 ae
1266 3568 1352 3615 utre·
1378 3571 1492 3641 rosque
1503 3569 1677 3640 procreare
1686 3549 1801 3643 fiuant
1818 3546 1886 3620 &a
1896 3546 1958 3645 sed
1973 3546 2177 3643 &sacerdo

550 3636 689 3726 quesibi
707 3640 848 3710 invicem
866 3639 1034 3713 manifeste
1048 3644 1240 3730 opponitur.
1273 3649 1347 3727 lV.)
1375 3659 1422 3717 ter
1443 3648 1664 3724 continenter,
1699 3643 1957 3740 &quinisque
1983 3648 2178 3720 concubinis

550 3735 698 3825 Quidam
714 3737 818 3825 igitur
833 3735 982 3822 censent,
1008 3764 1084 3811 euin
1101 3744 1258 3810 duntaxat
1271 3751 1350 3811 con·
1374 3744 1521 3834 degunt,
1568 3743 1804 3816 euncrslrinatnr
1836 3744 1964 3836 censam
1992 3745 2176 3841 persoluere

550 3830 742 3903 rubinatum
777 3838 849 3907 iure
881 3838 1040 3907 cononica
1076 3839 1252 3924 permitti,
1293 3841 1350 3925 qui
1375 3853 1515 3933 cogunt,
1539 3840 1739 3935 adserentes,
1760 3840 1946 3937 episcopum
1963 3847 2176 3938 perustiaein·

550 3926 719 4017 sequentes
744 3931 861 4004 habeat
883 3937 1088 4006 conditiones
1113 3937 1257 4017 additas,
1298 3943 1348 4024 ι.)
1374 3942 1491 4033 dignm
1520 3936 1602 4032 esi,
1639 3964 1702 4035 qua
1718 3939 1834 4033 'soluta
1867 3944 1964 4015 licere
1987 3941 2175 4038 sacerdoti·

550 4037 589 4100 ut
608 4029 760 4127 confislat
781 4031 868 4103 inter
883 4029 1045 4126 personas
1055 4029 1270 4129 solutassue
1290 4057 1350 4102 aa·
1375 4038 1453 4118 bus,
1485 4052 1521 4110 at
1547 4039 1600 4109 vel
1622 4039 1752 4112 celibes
1770 4056 2004 4135 permaneant,
2028 4047 2084 4118 nei
2105 4067 2177 4115 eon·

551 4122 652 4207 iiber,
681 4129 735 4218 z.)
755 4139 792 4200 ut
812 4128 864 4201 illi
882 4130 1111 4227 nonfiliorum
1130 4131 1351 4225 procreando·
1377 4138 1513 4208 rubinas
1536 4139 1643 4211 alant.
1685 4143 1891 4231 Campegiur
1916 4143 2086 4217 referente
2102 4145 2177 4217 Slei·

549 4247 642 4308 rum,
661 4222 726 4319 sed
748 4249 809 4320 pro
832 4228 1080 4301 incontinentia
1094 4227 1206 4326 salius
1234 4254 1351 4302 concu-
1376 4240 1462 4308 dano
1480 4236 1537 4320 lib.
1555 4244 1611 4309 tv.
1634 4244 2177 4334 comm.ann01524.tdlegctor

543 4320 642 4395 ¹bitur
660 4321 760 4417 causa
778 4326 979 4421 iungantur,
1006 4339 1052 4419 3.)
1068 4340 1107 4400 ut
1125 4329 1291 4399 mediante
1314 4351 1351 4399 ea
1378 4334 1635 4423 argentinenl‘es
1660 4336 1694 4403 in
1712 4340 1852 4406 comitiis
1874 4341 2073 4428 Augustanis
2095 4345 2178 4412 dice·

546 4420 619 4522 fide
639 4421 841 4516 iungantur,
866 4449 905 4495 ne
919 4424 973 4497 ille
990 4450 1062 4499 cum
1080 4429 1208 4505 altera,
1236 4452 1292 4498 nec
1309 4424 1351 4499 ii·
1379 4431 1452 4513 but,
1477 4487 1498 4516 ‚,
1510 4432 1589 4504 l'cire
1605 4428 1655 4509 se,
1681 4429 1913 4521 episcoporum
1928 4438 2018 4508 hunc
2033 4438 2100 4510 eiie
2113 4464 2180 4511 mo·

553 4520 588 4593 ia
607 4545 679 4592 cum
702 4519 812 4594 altera
836 4524 922 4595 idern
939 4523 1075 4618 saciat,
1103 4524 1158 4622 4.)
1179 4537 1217 4597 ut
1239 4549 1354 4598 concu-
1379 4557 1505 4614 ‚,rem,
1546 4554 1581 4600 ut
1611 4554 1745 4619 accepta
1775 4535 1913 4618 pecunia
1947 4532 2178 4609 scortationem

554 4619 635 4692 bina
657 4641 722 4690 non
742 4621 789 4693 ad
811 4632 937 4715 tempas
959 4623 1149 4702 duntaxat,
1176 4622 1239 4718 sed
1258 4624 1353 4719 nsque
1378 4627 1469 4711 „suis
1495 4631 1698 4714 permittant.
1762 4632 1865 4723 Quod
1892 4657 1974 4703 vero
1998 4629 2178 4707 stacerdoter

554 4718 600 4789 ad
618 4717 689 4788 dies
705 4716 785 4791 vitae
801 4719 1018 4813 adsumatur,
1049 4721 1100 4815 ς.)
1118 4734 1156 4791 ut
1177 4720 1284 4806 prolis
1297 4749 1353 4817 ge·
1378 4725 1487 4810 „fiant
1507 4730 1643 4804 mariti,
1679 4726 1787 4797 multu
1811 4732 1946 4819 gravius
1972 4730 2037 4802 elie
2064 4757 2177 4824 pecce-

551 4816 774 4901 nerationern,
799 4820 1083 4912 quamuisnonea
1098 4819 1198 4913 causa
1215 4822 1352 4892 coniun·
1378 4848 1495 4907 „rout‚
1523 4849 1622 4911 quarn
1644 4824 1665 4895 st
1687 4824 1847 4913 plurimas
1869 4832 1960 4898 domi
1988 4837 2178 4905 meretrices

553 4912 597 4988 dr·
609 4914 693 5008 snt,
719 4939 921 5013 nequaquam
940 4920 1064 4999 vitent,
1095 4942 1150 4988 nec
1171 4943 1266 5013 opere
1284 4919 1348 4989 ali·
1375 4920 1540 5004 „alant.,‚
1594 4926 1757 4994 tienricus
1773 4926 1949 5007 Cuitlrius,
1970 4926 2093 5015 prasul
2107 4937 2176 5005 Ru·

550 5034 616 5108 qua
642 5010 732 5084 maio
753 5016 947 5111 impediant.
1024 5021 1155 5087 tiorum
1180 5018 1351 5101 requisito·
1375 5019 1620 5097 remundensrs,
1644 5016 1770 5106 scripsit
1793 5023 1935 5104 librum,
1962 5052 2065 5113 quem
2085 5053 2177 5103 vocet

550 5109 669 5185 rumfi
692 5109 745 5188 ιιι
765 5140 868 5190 unum
888 5115 941 5191 uel
959 5113 1058 5204 plura
1073 5111 1260 5197 defuerint,
1283 5141 1351 5192 aaa
1377 5115 1545 5209 speculum
1588 5120 1899 5195 concubinariorum
1936 5120 2175 5222 iccmdotum,

2068 5251 2177 5307 mom·
