4884 5984
902 530 964 601 or
1014 470 1369 639 epitimii*
1845 552 1915 622 ιι,
2033 520 2040 534 ’
2098 574 2101 581 -
2194 556 2197 567 ·

280 705 318 777 iu
339 711 602 823 precedentibus
623 739 761 813 eperat3
792 718 875 809 iri
900 720 1083 812 prohibitio
1107 723 1247 796 moreris
1263 725 1413 798 reddere.
1467 723 1526 799 At
1543 719 1640 805 reddi
1656 745 1722 797 riori
1733 724 1840 826 potest
1854 744 1914 798 oo·

280 814 545 923 nuptiarumuelt
565 812 700 920 lruueus
723 817 810 903 illis,
836 844 908 908 quae
934 846 1002 892 non
1023 844 1082 892 ro·
1107 830 1177 893 turri
1199 823 1414 896 continentie
1429 823 1475 895 ab
1495 845 1550 902 ro,
1574 822 1634 919 qin‘
1647 846 1786 897 uxorem
1802 825 1908 900 ducit·

285 924 424 988 verunt,
447 928 562 996 utique
580 917 681 988 etiem
700 914 784 995 illis,
809 943 881 1005 quae
900 938 1081 996 voverunt,
1106 917 1208 1008 Resp.
1216 925 1297 1007 quid
1311 924 1352 993 de
1366 920 1476 1010 papali
1492 920 1664 995 coelibatus
1678 944 1757 995 uoto
1769 923 1914 994 statuen-

280 999 329 1071 est
347 999 502 1117 laqueus,
534 1006 556 1078 si
576 1017 749 1085 continere
771 1037 837 1085 non
862 1014 1002 1103 poffint,
1024 1039 1082 1086 ne·
1106 1021 1185 1088 dum
1204 1015 1261 1096 sit,
1287 1044 1326 1089 eir
1346 1017 1428 1104 illis,
1454 1044 1526 1105 quer
1547 1016 1703 1091 hidensis
1717 1022 1804 1093 disin
1824 1016 1908 1105 sunt,

280 1120 347 1213 que
361 1124 449 1213 eninr
465 1126 530 1190 per
555 1116 672 1181 rorum
696 1109 789 1182 fuum
804 1116 986 1198 impetrant
1000 1138 1081 1183 ton·
1105 1111 1314 1186 manifestum
1334 1120 1399 1199 eli;
1431 1122 1521 1204 quod
1543 1114 1565 1187 si
1584 1141 1667 1207 ergo
1687 1142 1763 1187 cuni
1780 1120 1909 1189 rddite·

282 1215 428 1312 cinericia
449 1203 599 1284 dotium,
636 1204 695 1278 iiifi
723 1208 885 1295 peculiari
914 1214 980 1282 Dei
1004 1235 1081 1301 gra·
1104 1216 1225 1283 mentis
1249 1215 1313 1307 istis
1341 1235 1456 1285 contro
1482 1214 1621 1285 verbum
1640 1216 1705 1285 Dei
1726 1216 1907 1305 pugnanti-

282 1309 327 1363 us
342 1292 430 1410 'illud
451 1300 633 1385 praelletur.
682 1303 821 1378 Confer.
849 1313 983 1378 illarcus
1011 1310 1080 1378 An·
1104 1307 1165 1380 bus
1191 1333 1308 1380 votum
1339 1309 1511 1383 coelibotos
1540 1313 1711 1399 praestetur
1732 1323 1766 1384 de
1793 1308 1903 1386 serve·

281 1410 390 1464 tonius
412 1397 455 1507 de
475 1400 628 1469 Dominis
654 1399 674 1473 l.
698 1405 754 1484 d.)
803 1407 966 1475 Addimus
985 1406 1081 1496 Vll.)
1105 1428 1176 1485 tur,
1202 1397 1278 1492 Deo
1298 1406 1435 1494 probori
1456 1409 1580 1495 nequit.
1631 1411 1663 1480 si
1679 1410 1903 1497 opiniones&
1953 1430 1956 1441 ’

279 1485 542 1607 edverseriorum
579 1505 799 1584 quorumdam
833 1498 1078 1577 confeffionem.
1103 1507 1324 1576 additamento
1341 1504 1395 1575 illa
1415 1527 1669 1586 removeantur,
1692 1527 1764 1578 tum
1779 1505 1902 1587 obeo,

279 1583 433 1658 Erasmus
461 1615 495 1661 iri
530 1592 703 1669 declamet.
739 1600 779 1667 de
809 1596 909 1670 laud.¹
934 1602 1079 1674 matrim.
1104 1605 1193 1687 quod
1226 1627 1301 1673 cuni
1330 1604 1539 1673 invocatione
1566 1605 1670 1673 divini
1697 1605 1842 1675 nominis
1865 1606 1903 1677 iu

279 1680 474 1780 Mitrisane
494 1712 558 1761 riori
575 1692 708 1767 videtur
724 1693 1080 1792 peffimeroiisiilturiis
1104 1697 1212 1769 forma
1234 1703 1409 1772 iuramenti
1425 1698 1600 1771 solenniter
1615 1697 1830 1789 promissum,
1851 1722 1902 1777 tu·
1986 1694 1989 1699 ’
2122 1714 2131 1721 ’
2162 1714 2167 1723 ’

277 1782 378 1896 rmus
401 1781 442 1857 fi
462 1786 613 1902 moribus
632 1792 823 1880 bominum,
851 1793 1080 1890 quifircerdo-
1104 1821 1196 1866 mere
1219 1821 1257 1866 oc
1277 1795 1395 1869 leviter
1416 1793 1649 1869 discedendum
1672 1823 1739 1869 non
1754 1801 1816 1882 eil,
1841 1784 1900 1871 ad-

277 1880 373 1955 trbur
396 1880 437 1955 U
459 1887 629 1960 monachis
652 1915 795 1986 quoque,
826 1893 852 1977 fi
878 1918 930 1967 res
954 1893 1005 1965 ita
1022 1892 1080 1986 sp·
1105 1893 1216 1964 bibens
1237 1918 1322 1985 crgo
1348 1894 1578 1986 diligentiam,
1617 1894 1764 1974 lotium,
1802 1893 1900 1968 obsti·

277 1993 361 2099 rut,
393 2004 445 2053 titt
467 1986 643 2081 indulgent
666 1989 827 2084 coniugii.
876 1999 994 2063 AEnert
1009 1990 1080 2075 sil·
1106 1994 1271 2069 nentianr,
1294 2017 1408 2079 preces
1424 2003 1488 2087 dcc.
1540 1994 1572 2063 Si
1588 1996 1703 2064 mediis
1721 1985 1809 2067 hisce
1821 1998 1901 2066 Deo

284 2104 378 2156 rius,
414 2084 527 2165 polleo
548 2082 698 2170 pontifex
727 2093 800 2159 Pius
822 2095 864 2160 ΙΙ.
889 2093 923 2160 in
946 2090 1082 2175 epislola
1107 2091 1241 2159 iuvtnte
1260 2092 1420 2161 ostionem
1443 2094 1627 2179 reprimere
1646 2112 1759 2179 potes,
1790 2087 1901 2163 seruet

278 2180 470 2252 CCCXXl.
495 2187 536 2251 od
569 2184 705 2259 loliano.
737 2190 885 2265 Frundt,
923 2189 981 2275 qui
1011 2189 1083 2274 post
1106 2184 1297 2257 eoelibrruin
1326 2185 1446 2275 absque
1471 2189 1629 2278 opinione
1659 2190 1823 2261 meriti&
1853 2182 1902 2257 su·
1984 2192 1989 2201 “

278 2297 397 2348 votum
417 2275 590 2349 roelibrtus
613 2306 749 2354 uxorem
771 2287 927 2366 duxerat,
963 2284 1082 2372 scripta
1107 2284 1299 2354 tisfodtionis
1306 2332 1318 2364 ‚
1336 2281 1459 2370 absque
1470 2287 1657 2376 arrogantia
1671 2309 1709 2353 eo
1726 2281 1826 2365 fellu,
1842 2279 1900 2356 sed
1997 2304 2004 2337 2

279 2372 327 2485 sc
345 2373 509 2458 loquitur:
539 2371 731 2459 Credimus,
755 2390 786 2450 te
801 2383 936 2477 confilio
952 2381 1081 2452 utinoii
1106 2380 1128 2453 si
1153 2406 1220 2450 non
1248 2404 1342 2468 potes
1372 2376 1564 2470 continere,
1601 2378 1623 2451 si
1646 2376 1778 2471 spiritus
1802 2383 1902 2453 uilio·

279 2468 427 2566 criselfh,
444 2475 477 2573 fi
493 2500 565 2546 crim
584 2501 723 2570 nequeas
738 2478 1082 2562 continere,‘iixereni
1106 2504 1171 2568 ne,
1206 2502 1327 2566 corpus
1351 2479 1534 2567 pollutione
1562 2480 1826 2566 contaminator,
1860 2500 1900 2551 ee

279 2571 425 2665 quoeris,
439 2577 592 2667 pronois
609 2576 647 2646 id
657 2576 1083 2672 priurcogitirndumsiiis·
1106 2581 1140 2648 iri
1161 2574 1311 2667 periculo
1326 2573 1549 2673 fornicationis
1568 2570 1720 2658 versaris,
1744 2566 1900 2669 agnoscas
1977 2608 1980 2613 ·
2065 2672 2071 2693 ¹

269 2665 347 2766 set,
377 2680 551 2763 antequam
560 2670 676 2768 sacris
691 2674 1082 2758 initiarerirordini'bor,
1106 2671 1328 2744 necessitatem
1356 2676 1504 2765 coniugii
1535 2674 1669 2743 ineundi
1696 2672 1756 2741 tibi
1783 2670 1899 2759 iniiei,

269 2763 423 2864 sednon
438 2775 652 2862 juratoriis,
683 2775 741 2867 qui
754 2773 879 2865 sutriro
899 2771 1084 2869 prospicere
1107 2794 1207 2859 etque
1226 2768 1324 2856 ipsius
1345 2773 1409 2841 Dei
1431 2796 1511 2842 voce
1533 2796 1594 2859 per
1616 2767 1799 2855 apostolum
1820 2792 1901 2856 pro·

280 2862 466 2941 ualeamus.
526 2868 670 2965 Quando
699 2871 761 2943 siric
786 2884 918 2942 ventum
947 2872 1009 2969 esi,
1046 2867 1191 2950 ollito,
1227 2889 1292 2938 non
1318 2877 1356 2938 ut
1381 2866 1531 2963 loqueum
1554 2865 1649 2940 vobis
1677 2867 1902 2952 iniiciuirr,e

280 2962 355 3067 segi
376 2969 489 3040 curnis
510 2956 646 3066 refislire
669 2993 733 3039 iton
754 2969 940 3051 ualeamus,
965 2967 1083 3041 metirer
1107 2989 1186 3037 voto
1207 2964 1442 3039 inconsiderate
1462 2960 1574 3039 emisso
1595 2962 1738 3042 absolvi,
1769 2968 1810 3038 de
1833 2987 1900 3051 qu·

279 3064 327 3163 esi
348 3064 467 3140 nubere
488 3088 585 3158 qnam
608 3068 673 3139 uri.
721 3066 901 3151 Polydorus
922 3067 1082 3158 Virgilius
1107 3085 1174 3135 tota
1202 3087 1238 3133 re
1263 3088 1303 3135 eii
1331 3061 1551 3135 fundamentis
1577 3058 1723 3151 superius
1747 3062 1898 3135 adiuerit

280 3158 344 3232 tib.
369 3171 442 3237 ΙΙΙΙ.
463 3172 504 3234 de
525 3189 590 3237 rer.
612 3169 737 3237 invent.
758 3191 831 3251 cop.
852 3172 876 3236 Ι.
941 3160 1079 3235 Nullum
1106 3165 1195 3232 redte
1215 3161 1351 3230 iudicari
1379 3163 1493 3250 potest.
1556 3164 1622 3251 ΙΙ.)
1646 3166 1692 3231 Ex
1714 3156 1900 3259 apostolica

279 3271 437 3335 uotorum
460 3262 628 3334 uinculum
655 3267 714 3354 (in
741 3285 890 3333 veterum
916 3265 1077 3335 monoste-
1103 3257 1370 3329 comminutione.
1410 3262 1534 3328 iTim.
1555 3263 1596 3326 V.
1625 3283 1676 3330 iz.
1744 3259 1902 3327 volenter

278 3361 341 3429 riis
359 3364 451 3439 erat)
483 3362 552 3440 ito,
583 3373 621 3433 iit
645 3363 812 3454 integrum
832 3360 1005 3456 unicnique
1017 3358 1080 3451 so·
1104 3355 1230 3427 nubere
1244 3354 1366 3426 habent
1381 3356 1643 3432 damnationem,
1669 3354 1901 3440 quiapriniem

279 3468 333 3531 ret
362 3482 491 3531 moriere
513 3471 573 3531 urit
596 3460 787 3557 proficisci,
826 3480 889 3553 quo
914 3469 1078 3529 terrorum
1104 3453 1203 3525 fidem
1227 3451 1378 3524 fecerunt
1398 3455 1544 3532 irritam,
1571 3448 1629 3524 obi·
1648 3450 1816 3548 aposlolus
1832 3449 1899 3537 (in-

279 3552 402 3640 uelset,
438 3558 493 3628 nel
504 3561 535 3656 s
557 3583 649 3652 qiiern
671 3557 833 3629 riurinodr'
858 3558 1002 3653 instituti
1021 3553 1080 3649 sin'
1104 3554 1175 3639 quit
1205 3548 1418 3622 Bellarminus
1446 3555 1479 3621 d.
1506 3546 1556 3646 l.)
1587 3571 1653 3620 non
1679 3545 1821 3620 damnat
1848 3543 1899 3618 vi·

278 3653 501 3753 poenituisti,
527 3660 628 3727 etiam
652 3660 794 3755 poteslas
809 3651 883 3745 esset
905 3657 951 3726 ud
965 3654 1079 3752 pristi-
1102 3650 1187 3721 duas
1211 3646 1305 3733 ilius,
1332 3648 1411 3742 quia
1430 3649 1601 3747 postquam
1622 3646 1807 3720 luxuriatae
1819 3642 1900 3737 sue·

279 3778 361 3831 riam
378 3759 484 3829 uitam
498 3755 672 3840 redeundi,
686 3778 752 3827 riori
765 3750 884 3850 absque
899 3764 1009 3825 tamen
1026 3753 1079 3825 in·
1102 3758 1198 3827 rosit,
1226 3744 1344 3819 nubere
1362 3745 1558 3825 uoluerunt,
1589 3743 1627 3817 it
1646 3746 1733 3817 enim
1754 3743 1917 3816 torridam.

278 3850 475 3963 constantiis
494 3864 586 3927 nota.
1103 3847 1296 3928 duruerat,
1330 3868 1393 3917 non
1422 3842 1702 3940 vituperandum,
1734 3841 1798 3938 seit
1819 3842 1901 3936 quir

1103 3941 1222 4017 nubere
1244 3943 1386 4017 uolentes
1406 3945 1553 4038 primuni
1572 3940 1677 4043 fidem
1697 3939 1737 4012 dr
1757 3937 1899 4036 seruor-
1991 3972 1999 3994 r

611 4061 637 4143 ς.
651 4054 1080 4138 Dillidrgomentrpon-
1104 4043 1150 4114 do
1169 4044 1375 4115 continentia
1404 4038 1478 4113 Deo
1499 4040 1616 4112 ilatum
1637 4039 1773 4112 irritam
1786 4036 1900 4130 socie·

546 4147 747 4227 rilitioruni,
782 4146 901 4231 quibus
922 4146 1081 4216 eiusmodi
1105 4141 1196 4213 bont.
1246 4138 1346 4229 Resp.
1367 4143 1409 4212 de
1430 4143 1493 4210 hoc
1510 4141 1583 4212 loco
1600 4134 1699 4225 plene
1717 4141 1845 4228 egimus
1865 4137 1902 4208 iu

280 4183 492 4270 tapoiitificio·
632 4251 639 4263 ·
847 4245 853 4259 ί
1297 4241 1303 4253 α
1681 4234 1712 4259 Ι,

280 4283 356 4329 rum
393 4270 496 4324 contra
544 4272 675 4338 nuptiis
701 4244 904 4315 damnabiles
926 4267 964 4312 ec
991 4245 1080 4314 dcte
1105 4238 1378 4325 procedentibus.
1432 4240 1510 4321 ill.)
1530 4241 1575 4308 Ex
1600 4247 1807 4307 uotorroriim
1826 4256 1901 4307 curii

279 4345 410 4437 mli&
443 4361 496 4403 υθ-
546 4341 747 4418 slandoselfe
761 4340 903 4428 probrre
917 4338 1081 4430 satagunt,
1110 4334 1242 4436 Christo
1266 4332 1524 4431 desponsatione.
1547 4412 1550 4417 ,
1578 4330 1684 4407 Nullo
1705 4331 1905 4431 desponsata

311 4432 473 4486 iamim·
548 4447 715 4532 precipua
753 4439 862 4508 isthaec
894 4435 1081 4509 habentur:
1105 4438 1235 4525 vivente
1255 4431 1380 4531 sponso
1404 4436 1507 4530 potest
1535 4432 1642 4505 olium
1672 4435 1738 4529 sne
1764 4431 1903 4503 crimine

547 4540 592 4637 1.)
608 4547 652 4610 Ex
667 4537 740 4609 riuti
752 4533 969 4628 obligatione.
997 4535 1080 4604 Scri·
1106 4533 1269 4606 adulterii
1285 4534 1418 4617 ducere,
1437 4529 1499 4625 sed
1514 4532 1663 4628 virgines
1684 4527 1759 4602 Deo
1774 4527 1900 4603 dicore

281 4664 384 4733 ptum
405 4645 466 4716 esi:
497 4639 610 4715 Redde
628 4635 784 4733 altissmo
804 4646 884 4704 uoto
901 4643 960 4703 tua
980 4636 1080 4705 Deut.
1099 4630 1183 4728 sunt
1206 4627 1337 4731 Christo
1363 4626 1576 4724 desponsatae.
1630 4625 1731 4718 Resp.
1760 4624 1900 4715 scriptu·
2041 4680 2049 4701 .

276 4748 402 4816 ·XXlll
434 4765 491 4814 ii.
509 4739 585 4810 Psal.
606 4741 754 4806 lxxvi.
780 4759 831 4802 ι).
854 4726 972 4802 Eccles.
992 4736 1032 4798 V.
1052 4753 1081 4813 3.
1107 4757 1142 4802 ra
1166 4734 1207 4802 de
1229 4727 1387 4825 spirituali
1407 4728 1530 4799 Christi
1552 4723 1670 4811 sponsa
1698 4752 1736 4798 ac
1758 4723 1901 4815 despon-

286 4838 371 4913 Efai.
384 4840 472 4912 ΧΙΧ.
490 4865 546 4910 ri.
565 4832 777 4906 bellarminus
792 4834 833 4899 de
849 4831 990 4898 mettim.
1007 4851 1080 4912 cap.
1108 4826 1230 4899 satione
1261 4831 1394 4914 piorum
1424 4852 1500 4896 cuin
1533 4824 1666 4899 Christo
1695 4823 1808 4913 sapius
1822 4845 1902 4904 ,tru-

285 4946 380 5014 χχι,
402 4961 502 5026 prop.
535 4960 561 5003 i.
645 4929 771 5005 Votum
792 4937 956 5023 perpetiere
979 4925 1069 4995 coner·
1108 4933 1194 5005 dior,
1224 4922 1279 4995 scd
1303 4920 1452 5011 nuspiam
1474 4924 1562 4994 hunc
1583 4924 1744 4995 honorem
1762 4925 1797 4996 ἃ
1816 4920 1903 4992 haue

285 5042 410 5131 rimtiae2
429 5038 471 5131 rs
490 5031 634 5103 licitum.
691 5023 1005 5122 Ergo-servandum
1024 5025 1086 5122 est,
1109 5025 1364 5114 prerogativam
1394 5023 1605 5107 peculiariter
1632 5020 1722 5106 illis,
1757 5023 1816 5109 qui
1843 5042 1902 5090 vo·

284 5164 361 5214 carri
382 5136 553 5229 scripturo
575 5132 694 5202 dicut:
725 5127 748 5197 fi
776 5127 854 5213 quid
877 5122 1014 5206 rosilli,
1046 5142 1089 5192 ne
1112 5144 1183 5193 tum
1213 5120 1384 5192 coelibatus
1406 5117 1608 5202 emiserunt,
1647 5117 1755 5192 sedin
1777 5138 1902 5213 genere

300 5282 305 5291 ·
328 5232 438 5318 Tum.
463 5229 575 5308 XVI.
710 5340 713 5346 Ι
945 5262 961 5299 t
1163 5220 1188 5289 Ρ
1804 5218 1913 5290 omni.
