4884 5984
369 465 458 569 ἔῃ,
490 439 778 555 metim.
825 451 923 552 cnr.
940 482 980 549 v.
1032 451 1835 557 utrinqu.''nnn.1t:²nna's7u.·'stcr.
1863 477 1906 550 1..

307 709 310 714 ·
376 671 531 754 bibitum.
579 667 662 770 Ego
677 683 788 747 antem
810 669 853 748 ὃ
871 647 1087 770 prohibitum
1101 666 1182 767 affl·
1203 676 1244 745 nd
1268 671 1358 766 leges
1377 678 1412 748 in
1440 656 1860 768 Levitico-,promulgata'cc
1888 651 2006 746 Sinti*

376 795 417 849 ro
440 772 508 847 &a
558 768 832 871 Interditlnmest
847 771 935 844 enim
950 780 1081 844 natura
1092 772 1179 864 jure,
1204 796 1296 860 mur,
1317 797 1357 846 nc
1369 775 1444 872 quir
1453 774 1610 872 fidelium
1625 775 1853 870 propinquam
1861 768 2003 867 sangui·

376 866 588 946 inretitam
613 872 656 971 est
678 868 750 966 lege
763 920 775 955 ,
805 891 877 967 quae
898 872 941 971 est
963 872 998 945 in
1025 866 1181 943 cordibus
1201 871 1259 944 nic
1279 870 1366 968 sui,
1401 869 1563 969 usquequo
1590 872 1783 970 adfinitatis
1803 867 2004 942 lineamenta

236 975 280 1038 “.
367 969 590 1073 smgnlornm.
661 965 878 1043 Interdibium
910 971 955 1138 cp
983 961 1181 1040 inviolabili
1201 970 1334 1064 generis
1345 968 1538 1069 succeffione
1554 968 1746 1065 cognoscit,
1778 970 1813 1040 in
1833 968 2005 1041 matrina·

371 1066 515 1169 praescri
553 1066 628 1140 ione
650 1067 814 1165 pictatis,
852 1066 954 1139 tituo
980 1064 1180 1165 neceffitudi·
1202 1067 1261 1139 nio
1274 1065 1343 1167 fibi
1366 1063 1523 1169 desideret
1549 1068 1724 1165 copulari,
1750 1068 1909 1163 quoniam
1921 1062 2006 1163 scri·

374 1168 441 1242 nic.
541 1173 646 1237 nanta
665 1162 857 1261 bnjnsmodi
880 1165 1026 1237 invenies
1043 1159 1180 1261 noncffc
1200 1175 1297 1262 ptum
1321 1168 1387 1265 est:
1413 1170 1534 1241 Omnis
1554 1167 1654 1237 homo
1673 1171 1713 1238 ad
1735 1168 1922 1254 proxima'm
1939 1160 2005 1233 san-

354 1347 361 1360 „
377 1262 555 1340 interdiba
569 1263 641 1358 lege
656 1287 715 1360 pcr
727 1260 849 1360 Mosen
871 1262 980 1348 edita,
1008 1257 1050 1335 δ’
1068 1273 1179 1334 tamen
1204 1267 1315 1355 guinis
1336 1261 1384 1335 sui
1399 1292 1465 1337 non
1487 1270 1641 1346 accedam
1667 1288 1724 1335 nec
1748 1264 1812 1356 fine
1830 1259 2006 1336 denuntia·

375 1361 553 1439 interdicta
589 1358 674 1457 sunt
710 1363 855 1457 quadam
896 1385 974 1434 voce
1009 1355 1179 1433 natnrae?
1203 1364 1293 1434 tione
1342 1371 1361 1433 t
1369 1361 1570 1458 sententia,
1600 1387 1678 1434 nam
1705 1352 1830 1452 insert:
1860 1362 2005 1445 Anima,

375 1457 626 1547 chrysostomus
646 1459 738 1534 hom.
760 1484 820 1551 49.
839 1460 874 1529 in
892 1486 922 1534 c.
938 1456 1035 1530 XIV.
1053 1459 1176 1530 Mut'th.
1203 1485 1275 1548 qua
1331 1464 1413 1532 cerie
1436 1460 1799 1533 de·nbominationibuc
1820 1460 1887 1529 istis
1913 1456 2006 1548 qnid·

383 1549 546 1658 Qnaeriam
569 1566 642 1630 erat
664 1554 724 1630 illa
741 1560 801 1656 pri
818 1578 857 1628 ια
876 1555 950 1641 lex,
975 1578 1074 1649 quam
1100 1547 1178 1654 ,Jo-
1199 1560 1313 1649 piam,
1336 1558 1524 1647 neribiede
1540 1563 1654 1630 medio
1675 1558 1793 1646 populi
1814 1552 1876 1630 sui.

374 1659 498 1736 bannis
517 1651 728 1743 inculcabat,
828 1653 983 1730 Herodm
998 1651 1178 1751 ulcisceba·
1274 1667 1309 1747 §.
1331 1651 1488 1730 CCCVI'.
1541 1663 1618 1745 lx.)
1634 1662 1679 1730 En
1693 1657 1754 1730 ad·

309 1741 324 1768 ⁸*
375 1751 462 1831 tur?
487 1752 529 1828 Si
550 1756 624 1850 quis
640 1754 760 1852 absque
774 1752 890 1827 libcrir
906 1753 1042 1840 obierit,
1063 1751 1178 1848 sratri
1201 1752 1425 1849 versariorum
1451 1753 1651 1850 confeffionc.
1685 1759 1750 1827 Cn·
1801 1722 1879 1886 IX?
1889 1718 2006 1860 ἓξ

372 1859 444 1953 ejus
460 1876 550 1927 uxor
574 1853 610 1948 ip
625 1877 674 1925 mc
699 1852 795 1925 detur
821 1848 903 1940 &a
963 1847 1047 1924 Cum
1078 1851 1178 1925 liberi
1201 1851 1298 1923 tintus
1319 1857 1353 1924 in
1370 1856 1464 1945 epist.
1481 1856 1522 1926 nd
1542 1849 1639 1940 episc.
1657 1853 1745 1927 Gall.
1798 1819 1970 1967 fflp'pffss

371 1964 470 2029 erant
488 1948 568 2043 desa
623 1952 659 2036 ι’,
684 1951 772 2026 nullo
794 1952 892 2025 modo
912 1949 981 2023 talc
1001 1952 1177 2023 matrimo·
1201 1949 1673 2047 &cienturc.Conjnrcilioncs
1692 1975 1748 2039 35.

373 2054 467 2128 nium
490 2048 700 2148 procedebat.
763 2046 831 2122 Set
853 2071 992 2123 curnam
1018 2051 1097 2133 ita,
1125 2052 1177 2120 in·
1200 2072 1233 2134 q.
1250 2075 1284 2123 2.
1338 2045 1592 2145 Conjnnbiiones
1610 2047 1930 2140 consanguineorum
1944 2041 2004 2139 fir·

374 2157 484 2240 quies,
511 2168 590 2221 nam
602 2149 635 2248 fi
650 2147 717 2222 alii
734 2171 873 2221 uxorem
896 2147 1043 2241 defundi
1063 2147 1177 2220 ducere
1200 2146 1235 2217 ri
1250 2147 1480 2241 probibentur.
1540 2143 1685 2246 Quare?
1704 2148 1784 2242 quia
1800 2146 1862 2218 luas
1881 2141 2004 2214 diuina

223 2319 229 2334 „
374 2246 516 2333 licebat,
541 2269 648 2320 nonne
662 2244 767 2321 multo
784 2246 895 2341 magis
905 2245 1021 2340 fratri
1031 2246 1053 2319 ,³
1078 2247 1178 2320 mini·
1193 2235 1364 2342 seculiq'ue
1376 2246 1555 2344 probibent
1575 2248 1672 2341 leger.
1727 2241 1835 2338 Leges
1852 2263 1934 2333 ergo
1955 2234 2005 2310 di·¹

371 2371 432 2444 mr.
496 2344 619 2424 Voluit
643 2347 729 2419 enim
756 2343 862 2418 latiur
886 2345 1081 2445 adfinitates
1099 2367 1177 2418 eva·
1201 2343 1289 2414 uinae
1311 2344 1378 2417 boc
1393 2357 1546 2442 agentes,
1575 2344 1615 2416 ii
1637 2365 1690 2416 eos
1706 2344 1763 2438 qui
1782 2365 1827 2414 cx
1846 2339 1895 2412 eis
1907 2333 2005 2434 prol·

372 2446 493 2543 gari,
518 2454 556 2515 ut
582 2441 699 2518 multis
725 2442 833 2515 modic
860 2443 947 2517 inter
968 2442 1008 2538 sc
1028 2443 1177 2516 bornines
1201 2450 1306 2525 eunt,
1330 2467 1396 2516 non
1412 2443 1712 2540 solmnejicinnt,
1729 2435 1916 2537 sedetiam
1936 2453 2004 2508 nco·

370 2544 593 2617 vincirentur.
664 2543 865 2632 Augustinus
890 2543 925 2612 in
952 2547 1031 2615 Len.
1058 2568 1090 2629 q.
1118 2553 1176 2629 64.
1201 2538 1338 2615 tedittos
1356 2542 1533 2631 adpellant.
1594 2538 1740 2630 [Confer
1762 2563 1840 2610 cum
1862 2536 1930 2606 hoa
1951 2536 2005 2605 de·

371 2662 455 2713 tom.
477 2637 541 2712 IV.
564 2637 627 2710 col.
653 2661 736 2712 ιιι.
794 2634 895 2710 Talia
926 2638 981 2711 bic
1000 2638 1178 2735 prohibita
1201 2661 1294 2710 creto
1316 2642 1414 2712 verbu
1431 2640 1618 2711 Bellnrmini
1635 2642 1678 2710 de
1691 2639 1835 2707 matrim.
1853 2635 2004 2706 chXV.
2041 2653 2045 2668 ¹

365 2737 469 2839 funt,
492 2758 563 2832 quae
582 2734 684 2807 etiam
701 2746 845 2831 tempore
863 2759 941 2810 nou.
963 2740 1030 2838 test.
1048 2746 1177 2810 remota
1200 2743 1233 2829 ς.
1246 2738 1354 2811 adde:
1394 2734 1477 2834 Quae
1502 2727 2005 2808 Clcemnitionidenturdiuinae

371 2834 566 2910 umbrarum
594 2845 738 2908 veterum
760 2832 1005 2931 observatione,
1021 2836 1095 2936 stne
1116 2834 1177 2908 dul
1197 2831 1460 2928 prohibitiones,
1489 2832 1530 2908 ii
1548 2836 1583 2907 in
1602 2832 1721 2928 qnibuc
1740 2827 1927 2926 aliquando
1939 2846 2002 2926 pa·

370 2934 427 3009 bio
446 2931 656 3034 custodienda
669 2928 764 3028 sunt.
834 2938 926 3006 idem
951 2931 1010 3006 lib.
1032 2941 1107 3006 xv.
1133 2937 1245 3027 depo
1275 2930 1463 3031 dispensat,
1499 2955 1554 3006 cos
1577 2955 1643 3005 non
1673 2923 1733 3027 effe
1757 2930 1897 3003 divinar
1916 2920 2004 3022 apud
2044 2959 2045 2970 ¹

369 3037 436 3106 dv.
453 3034 518 3104 Dei
534 3055 564 3103 c.
582 3029 679 3103 XVI.
731 3028 892 3103 Humano
909 3054 1025 3126 genere
1035 3030 1180 3128 crescen-
1198 3028 1398 3129 cbristianoc
1417 3028 1746 3199 demorplrabimns.]
1798 3024 2005 3102 innocentior
2044 3081 2045 3120 ζ

372 3144 404 3204 te
415 3126 799 3224 &multiplicatoetiam
812 3130 900 3202 inter
911 3130 1175 3225 impiordcorwn
1199 3134 1258 3198 111.
1285 3134 1327 3200 ad
1352 3132 1515 3201 bituricen
1531 3156 1584 3228 ern
1605 3128 1784 3201 archidiac.
1805 3127 1840 3195 in
1859 3149 1891 3197 c.
1915 3119 2004 3196 [su
2044 3147 2045 3152 ¹

372 3228 552 3305 multorum
562 3224 795 3322 falsorumque
808 3227 1008 3326 cultorecstc
1022 3226 1175 3323 obser-nn·
1198 3248 1257 3300 rar
1282 3249 1362 3298 extr.
1388 3231 1431 3298 de
1457 3231 1556 3297 restit.
1582 3226 1708 3314 spoliat.
1773 3221 1819 3295 In
1842 3218 2003 3317 grooten

373 3330 407 3402 ri
429 3327 614 3404 cernimus,
645 3335 683 3396 nt
706 3326 835 3423 etiamst
856 3328 1017 3421 pcrvcrfir
1044 3324 1175 3422 legibus
1199 3322 1504 3419 consanguinitatir
1524 3325 1643 3397 divina
1666 3320 1738 3416 lege
1751 3320 1938 3417 probibitir
1952 3316 2002 3389 ti·

367 3425 612 3526 permittantur
638 3420 801 3516 fraterna
834 3424 1023 3517 conjugia,
1057 3423 1176 3497 melior
1191 3420 1349 3520 sponsari
1370 3447 1435 3495 non
1454 3427 1568 3518 potell.
1631 3421 1791 3493 Careriusv
1810 3419 1869 3490 tib.
1898 3416 1943 3488 ΙΙ.
1964 3418 2004 3486 de

371 3538 482 3598 tomen
508 3518 705 3617 consuetudo
729 3517 837 3617 ipsam
867 3521 968 3596 malit
999 3523 1175 3596 exborrcre
1199 3525 1343 3594 matrim.
1361 3548 1391 3596 a.
1413 3529 1452 3593 V.
1472 3514 1649 3594 Falluntur
1664 3515 1791 3590 Putat.
1811 3506 2001 3588 Florem&

372 3623 560 3716 licentiam,
587 3616 629 3693 ii
643 3641 715 3690 cnm
725 3617 861 3715 sorores
879 3621 1029 3716 accipere
1046 3623 1082 3694 in
1104 3644 1185 3693 ma··
1200 3618 1314 3715 Majo.
1351 3624 1385 3691 in
1423 3645 1458 3706 4.
1495 3616 1574 3692 senc.
1613 3620 1685 3689 dist.
1726 3642 1785 3711 40.
1833 3616 1894 3710 qni
1920 3610 2029 3714 anfi·

370 3719 566 3795 trimonium
585 3716 708 3811 primic
730 3717 869 3790 bomani
893 3719 1023 3815 generis
1050 3733 1175 3815 tempo-
1192 3717 1275 3814 sunt
1296 3720 1501 3816 adfirmare,
1529 3718 1720 3813 pontificem
1745 3715 1780 3785 in
1805 3712 1908 3787 nullis
1926 3729 2002 3807 gra·
2044 3769 2045 3776 ,

371 3820 464 3894 ribuc
483 3815 617 3888 omnino
636 3813 789 3899 licuerit,
804 3816 1064 3914 perversam,
1084 3819 1174 3915 pnaſs
1198 3819 1309 3894 dibus,
1329 3816 1439 3913 quiin
1468 3814 1622 3889 Leuitico
1639 3813 1901 3908 exprimuntur,
1920 3805 2005 3907 paffr

367 3938 534 4011 nunquam
553 3912 651 3985 licere
662 3914 820 4010 potnerit.
871 3920 912 3987 Et
931 3918 1059 4004 poster:
1087 3916 1174 4007 Inest
1198 3914 1403 4014 dispensare.
1424 3921 1599 4001 Tempore·
1620 3909 1758 3984 Hnnrici
1792 3909 1891 3981 vttt.
1915 3916 2002 3999 Ang-

369 4011 481 4111 nescio
500 4009 662 4107 quomodo
684 4010 841 4086 bumana
856 4013 1057 4086 uerecundia
1077 4005 1170 4109 qnid-
1199 4019 1249 4087 liae
1271 4018 1378 4105 regis,
1404 4013 1576 4084 nonnullos
1594 4009 1739 4083 dationes
1757 4008 1793 4084 in
1811 4006 2001 4081 nariirnri·

366 4113 448 4212 ¹ciam
470 4107 627 4181 naturale
641 4119 738 4204 atque
755 4109 953 4196 landabile,
979 4121 1017 4182 nt
1041 4114 1095 4186 cui
1120 4112 1175 4183 dc·
1200 4111 1413 4212 nerfitatibur
1437 4106 1649 4207 adfirmaffe,
1688 4105 1776 4200 quad
1808 4106 1941 4200 gradus
1969 4127 2003 4176 o·

370 4213 423 4289 b'et
445 4205 545 4294 caula
564 4208 829 4306 propinquitatis
844 4208 1057 4283 aercamdnm
1073 4210 1175 4283 bono·
1200 4235 1314 4299 mnec,
1337 4212 1396 4305 qui
1417 4214 1495 4279 Len.
1522 4204 1658 4281 xv111.
1683 4202 1912 4297 recensentur,
1931 4208 2002 4300 jun

370 4337 461 4398 rem,
484 4306 529 4382 ab
550 4327 589 4378 ια
607 4310 799 4390 contineat,
821 4310 974 4405 qncamaic
990 4309 1177 4404 generatriss
1199 4323 1330 4385 natura
1349 4312 1399 4381 ita
1417 4304 1567 4401 absolute
1579 4308 1643 4399 βαι
1664 4303 1846 4398 probibiti,
1871 4316 1911 4376 ut
1924 4303 1998 4376 irri-

369 4437 435 4488 eem
472 4420 582 4482 tamen
610 4405 811 4492 libidinem,
836 4407 877 4479 de
902 4429 967 4502 qna
994 4406 1174 4504 erubescere
1197 4419 1270 4482 tent
1288 4408 1564 4488 matrimonium,
1604 4405 1690 4474 testis
1713 4404 1760 4471 est
1789 4404 1998 4475 Corneliana
2044 4407 2045 4412 ’

371 4511 521 4588 videmur
540 4503 581 4580 8
601 4504 711 4603 ipsam
726 4504 928 4603 pudicitiam
949 4506 1171 4601 conjugalem·
1197 4510 1311 4596 Lepid.
1332 4509 1366 4574 in
1390 4530 1512 4575 comm.
1536 4509 1614 4574 Len.
1634 4498 1733 4570 Vnt.
1755 4503 1847 4570 addit
1867 4522 2000 4592 tamen,
2043 4583 2046 4594 .

366 4616 403 4682 in
421 4630 521 4696 quem
532 4608 719 4676 Ludovicus
735 4606 832 4675 Vives
849 4604 892 4674 sne
907 4628 1172 4674 commentrmr:
1196 4630 1251 4678 coc
1271 4602 1456 4698 Angelotic
1470 4601 1560 4693 regis
1567 4593 1667 4691 suisti
1693 4608 1876 4692 corruptor.

371 4703 537 4780 Fraterno
561 4700 829 4797 conjugiaapncl
851 4696 904 4773 AE
929 4702 1039 4794 nptias
1060 4699 1102 4773 δι’
1118 4699 1174 4773 A·
1303 4715 1330 4781 §.
1362 4702 1535 4774 cccvu.
1602 4691 1747 4766 Descen·
1874 4768 1879 4778 ,

372 4800 550 4897 tinniensec
559 4797 701 4891 suerunt
717 4811 874 4894 recepto,
901 4725 1049 4872 {arnoni
1062 4810 1172 4876 ιαιαια
1197 4804 1344 4873 dandam
1361 4807 1426 4886 Jnm
1442 4798 1621 4883 porroerit
1636 4797 1675 4864 nd
1693 4820 1752 4864 en·
1797 4762 1967 4905 A'mt'b‘i‘
2029 4885 2037 4898 ,

372 4929 444 4979 enm
469 4921 588 4971 morem
616 4920 781 4993 nunquam
804 4908 998 4993 receperunt.
1052 4902 1174 4971 Conci·
1199 4904 1409 4989 pendendam
1428 4891 1621 4965 sententiam
1642 4901 1676 4963 δε
1694 4916 1747 4962 nr·
1813 4864 1898 4985 Ἦ
1922 4866 1980 4932 ⁶⁸⁰⁷

354 5007 455 5072 diam
482 4997 681 5068 Toletanum
702 4991 770 5068 sels.
798 5003 839 5065 ti.
859 5022 931 5084 cop.
955 5002 995 5066 V.
1019 4998 1174 5086 conjugia
1200 5021 1358 5088 gomanno
1380 4992 1636 5082 pontificiorum.
1659 4992 1754 5061 Con·
2006 5037 2008 5042 -

371 5096 600 5192 inprouibnis
620 5095 780 5189 gradibus
801 5095 999 5169 interdicens
1013 5117 1176 5185 provocat
1201 5095 1315 5169 odium
1341 5086 1752 5185 T1·id.scls.24.caa3.
1802 5084 1847 5162 Si
1861 5089 1938 5187 quir
1956 5083 2004 5159 di·

378 5211 384 5222 ⁴
1916 5184 2015 5275 necte,
