4884 5984
519 499 591 575 226
641 490 793 569 rocus
817 431 949 566 xxm.
975 485 1073 588 can.
1097 491 1142 565 x.
1169 489 1299 567 sacr.
1324 491 1385 566 111.
1411 488 1524 564 aar.
1551 489 1596 576 n,
1623 469 1873 569 utamuqu„
1889 485 2128 566 ruamur.

520 671 675 751 addusia
692 675 870 773 probant,
896 677 994 770 quod
1015 696 1035 750 a
1057 671 1147 748 statu
1165 677 1249 749 ritae
1265 698 1333 751 coe·
1367 692 1508 748 tantum
1544 695 1606 749 eos
1632 725 1644 764 ,
1685 675 1748 770 qui
1784 673 1868 773 lege
1902 671 2061 747 mosaica
2084 671 2173 744 'Len

517 767 605 854 'sabis
625 798 775 871 „quam
807 778 890 870 quis
911 777 1133 872 praecedente
1159 776 1333 850 delibera·
1366 774 1495 846 XVIII.
1528 782 1562 847 δι
1586 775 1667 846 XX.
1692 773 1931 869 prohibentur
1953 822 1966 862 ,
1990 772 2174 846 sedetiam

521 878 620 951 tione
642 885 675 951 δι
695 876 906 974 probatione
923 877 1093 948 diuturna
1111 878 1240 974 elegit,
1259 899 1332 948 non
1369 896 1451 960 eos,
1479 896 1570 969 quos
1585 874 1752 972 pontifex
1767 874 1805 946 in
1820 875 1898 946 iure
1910 873 2174 968 canonico'pto·

522 977 563 1050 stt
581 998 715 1050 temere
731 976 868 1071 absque
880 994 1033 1073 urgente
1052 977 1246 1048 necessitate
1261 977 1333 1048 dis·
1368 972 1501 1047 hibiros
1519 970 1584 1046 esse
1608 975 1753 1059 voluit,
1780 972 1870 1044 olim
1891 972 2047 1070 quidem
2066 983 2175 1067 usque

449 1155 453 1172 ¹
523 1078 758 1166 cedendum,
785 1073 842 1149 sed
868 1098 914 1147 ex
936 1099 978 1147 eo
1012 1076 1176 1148 nondum
1203 1075 1333 1149 inferri
1368 1075 1414 1146 ad
1424 1073 1630 1168 septimam,
1653 1074 1761 1146 hodie
1782 1093 1869 1143 vero
1888 1095 2008 1168 usque
2025 1075 2070 1146 ad
2085 1095 2177 1169 qnar-

521 1173 662 1274 potest,
690 1176 788 1269 quod
813 1174 837 1246 fi
860 1177 942 1270 quis
967 1175 1161 1247 necessitate
1188 1173 1332 1249 eoasius
1366 1187 1439 1245 tant
1458 1175 1625 1271 gradum.
1677 1172 1728 1266 3.)
1754 1173 1797 1243 In
1821 1171 1996 1266 gradibus
2020 1175 2103 1271 Iege
2123 1172 2176 1261 di·

521 1276 568 1350 ab
599 1299 640 1348 eo
666 1274 819 1347 discedat
846 1284 880 1350 δι
904 1277 1180 1348 matrimonium
1210 1278 1333 1363 ineat,
1367 1276 1454 1346 vina
1470 1274 1661 1371 prohibitis
1682 1270 1845 1368 pontifici
1867 1271 1928 1345 suo
1956 1270 2176 1372 dispensatio·

522 1396 610 1449 tunc
623 1375 898 1449 matrimonium
912 1373 1002 1448 iliud
1017 1375 1055 1447 Iit
1072 1372 1334 1448 dissolvendum
1370 1395 1455 1446 nem
1473 1375 1700 1461 concedunt,
1728 1394 1801 1442 non
1814 1372 1937 1446 minus
1956 1394 2072 1466 quaro
2090 1373 2128 1444 in
2143 1371 2176 1444 il·

524 1475 596 1548 five
621 1475 768 1546 irritum
788 1476 1117 1570 pronunciandum.
1166 1478 1226 1572 7.)
1252 1472 1335 1548 Me·
1370 1474 1444 1560 lis,
1473 1475 1536 1571 qui
1555 1475 1634 1546 iure
1659 1476 1831 1546 duntaxat
1853 1469 2086 1546 ecclesiastico
2103 1493 2175 1567 pro·

523 1575 597 1649 lius
624 1571 672 1646 est
694 1570 801 1675 κρῖμα
821 1578 856 1645 in
887 1577 1003 1646 indicio
1034 1574 1197 1674 ccclesiae,
1225 1596 1336 1670 quam
1364 1571 1551 1646 hibentur.
1601 1572 1680 1646 Nos
1709 1571 1757 1663 1.)
1778 1571 2037 1669 cognationem
2051 1586 2178 1644 natara-

524 1681 736 1776 κατάκριμα
749 1679 784 1746 in
804 1677 919 1747 inditio
933 1677 1022 1761 Dei,
1047 1676 1166 1769 Inquit
1182 1677 1338 1770 Epipha·
1371 1673 1432 1744 itm
1454 1675 1489 1743 in
1507 1673 1670 1772 gradibus
1689 1670 1979 1771 consanguinitatis
2002 1670 2051 1747 Εἴ
2071 1670 2180 1769 orbini-

525 1776 610 1848 nius
639 1774 760 1848 haeres.
780 1775 871 1846 LXI.
925 1776 963 1847 si
984 1776 1043 1848 vel
1066 1776 1225 1846 maxime
1253 1796 1338 1850 cum
1372 1774 1453 1843 totis
1471 1775 1584 1846 diuina
1606 1773 1673 1874 iege
1682 1771 1857 1868 prohibitis
1873 1767 1940 1843 eise
1962 1770 2179 1845 matrimonii

520 1873 687 1948 scandalo
712 1878 872 1970 quodam
894 1872 1129 1947 coniunsium
1150 1875 1337 1961 videatur,
1373 1873 1738 1970 impedimentum&
1765 1872 2055 1945 contrabendum
2075 1874 2178 1970 impe-

523 1974 550 2048 fi
574 1975 656 2069 quis
669 1996 690 2046 a
705 1975 842 2050 solenni
862 1974 1049 2047 coelibatus
1066 1972 1277 2070 profeisrone
1293 1975 1338 2045 ad
1374 1974 1503 2062 dienS,
1530 1981 1563 2046 δι
1583 1968 1807 2047 contrabium
1828 1972 2006 2043 dirimens
2024 1973 2195 2044 concedi.

525 2074 805 2147 matrimonium
845 2074 999 2147 discedat
1027 2094 1186 2162 ,tamen
1215 2071 1340 2144 coram
1374 2093 1468 2144 mus.
1503 2073 1658 2160 Quidam
1672 2091 1798 2169 putant
1813 2072 1871 2142 hic
1890 2067 2180 2167 distinguendum

524 2173 597 2244 Dei
615 2174 748 2245 iudicio
764 2175 872 2271 longe
887 2175 1005 2246 maius
1019 2173 1159 2245 malum
1172 2169 1219 2243 est
1232 2171 1338 2244 ustio·
1373 2171 1467 2242 inter
1487 2193 1572 2259 ees,
1600 2174 1664 2265 qui
1683 2173 1815 2261 srintter
1834 2174 1869 2241 in
1885 2175 2051 2268 gradibus
2064 2173 2133 2272 lega
2141 2174 2181 2242 di·

525 2272 638 2344 nibus
661 2319 673 2360 ,
696 2271 958 2368 pollutionibus
986 2279 1020 2344 &
1043 2271 1337 2360 scortationibus,
1372 2273 1451 2341 vina
1468 2271 1642 2365 probibitis
1655 2320 1667 2355 ,
1691 2271 1739 2349 &
1757 2276 1887 2369 quidem
1897 2273 2182 2368 propinquioribus

528 2370 638 2442 stnon
656 2374 837 2459 externis,
861 2391 981 2443 tamen
995 2373 1146 2445 internis
1163 2390 1337 2467 perpetuo
1372 2365 1595 2458 toirtraiant,
1623 2380 1657 2445 δι
1678 2395 1739 2446 eos
1757 2373 1861 2469 ,uui
1881 2396 1922 2442 ex
1946 2372 2183 2469 ignorantiair

526 2467 841 2558 subterraneae,
866 2471 964 2564 quod
985 2472 1222 2544 metuendum
1238 2468 1285 2541 est
1298 2471 1337 2540 in
1369 2473 1529 2568 gradibus
1544 2473 1656 2543 divina
1676 2474 1746 2572 iege
1763 2472 1935 2565 prohibitis
1951 2521 1966 2547 .
1991 2470 2044 2548 89
2064 2475 2183 2570 quiden

524 2569 622 2657 illis,
646 2570 711 2662 qui
731 2570 903 2666 coniugio
927 2570 1077 2642 initote
1105 2568 1178 2665 ipsa
1199 2567 1336 2656 testati,
1372 2573 1596 2643 remotioribus
1617 2573 1811 2644 contrabant
1830 2597 1852 2654 ;-
1865 2572 2037 2668 priorum
2069 2573 2183 2647 matri·

525 2666 560 2742 se
585 2669 811 2742 continentiae
843 2673 936 2742 dono
969 2668 1152 2742 destitutos
1175 2663 1241 2742 esse
1265 2717 1276 2753 ,
1304 2675 1338 2741 δι
1373 2671 1497 2742 monia
1532 2666 1748 2746 dissolvenda
1773 2668 1839 2743 eise
1864 2673 2101 2763 concedunt,
2126 2695 2183 2771 po·

483 2809 486 2814 >
527 2768 690 2864 coniugii
706 2771 866 2842 remedio
884 2769 1074 2865 indigere,
1103 2766 1186 2840 stab
1209 2769 1338 2840 eodem
1372 2767 1537 2842 steriores
1555 2794 1668 2867 poenae
1684 2769 1912 2871 magistratus
1930 2768 2181 2861 subiiciendos,

524 2889 593 2964 per
612 2868 809 2941 divortium
830 2889 1030 2939 arceantur.
1083 2867 1133 2961 8.)
1158 2868 1230 2954 Qui
1255 2889 1338 2939 con·
1373 2868 1520 2940 interim
1549 2892 1595 2941 ex
1623 2873 1781 2966 quadam
1805 2867 1975 2963 instantia
2000 2875 2181 2958 martimo·

525 2966 685 3039 tinentiae
706 2968 800 3039 dono
817 2964 1008 3039 instrusius
1032 2964 1108 3054 est,
1133 2988 1205 3037 non
1227 2965 1339 3061 potest
1374 2968 1434 3038 nia
1451 2990 1578 3040 eorum
1596 2972 1781 3044 toleranda
1794 2966 1860 3043 eise
1870 2969 2052 3060 statuunt,
2081 2973 2182 3046 nitui-

253 3091 257 3098 ·
331 3069 333 3074 '
412 3101 424 3158 .'
470 3061 474 3076 '
524 3077 596 3137 ¹nec
618 3063 722 3137 debet
742 3065 891 3138 eccletiae
909 3064 1005 3137 irase
1023 3066 1212 3162 obligate,
1238 3065 1336 3137 utab
1372 3069 1502 3161 tumst
1518 3070 1691 3141 brneintrr
1706 3073 1996 3165 piorronveniat,
2012 3073 2180 3174 fidiato-

527 3185 570 3236 ea
592 3165 636 3235 ad
653 3187 866 3261 perpetuam
883 3167 1141 3238 continentiam
1164 3185 1336 3260 cogatur,
1372 3165 1571 3255 habitarint,
1579 3169 1695 3267 pinati
1709 3195 1749 3243 ex
1767 3174 1915 3270 coningio
1929 3173 2050 3259 tiberi,
2064 3174 2101 3274 fi
2114 3175 2181 3246 abi·

525 3265 615 3335 aIIas
631 3286 753 3358 peccat
770 3285 892 3337 contra
905 3267 1071 3362 regulam
1088 3263 1336 3359 apostolicam:
1371 3290 1430 3362 que
1440 3267 1597 3361 scandolo
1611 3270 1767 3365 separari
1797 3284 1967 3367 rtrqneont.
2024 3272 2177 3346 Beustius

526 3364 561 3433 Si
569 3364 607 3458 se
626 3389 691 3434 non
711 3369 891 3441 continent,
914 3368 1058 3442 trabant,
1084 3364 1253 3460 raeliasrst
1277 3387 1337 3436 nu·
1373 3367 1415 3437 de
1431 3370 1588 3441 matrim.
1605 3389 1783 3467 pagno.
1810 3373 1878 3444 Sed
1891 3396 1958 3446 nos
1977 3372 2014 3444 b.
2029 3377 2174 3447 Luthero

526 3465 597 3535 bere
618 3488 716 3559 quom
735 3470 788 3535 ori
814 3489 844 3539 1.
863 3463 944 3536 Cor.
959 3465 1037 3536 VII.
1051 3487 1087 3556 9.
1371 3466 1408 3536 in
1419 3467 1516 3561 epist.
1530 3471 1573 3540 ad
1585 3470 2028 3566 Spalatin.apudContad.
2045 3477 2175 3546 Portant

1371 3566 1408 3635 in
1418 3565 1582 3660 pastorali
1591 3569 1745 3643 absolute
1760 3579 1792 3643 δι
1805 3571 2009 3645 indistiniie
2027 3597 2172 3669 pronun·
2221 3653 2224 3665 1

874 3674 904 3749 §.
929 3660 1117 3734 DCXLIX.
1168 3660 1245 3755 IV.)
1278 3660 1338 3735 Co·
1372 3665 1524 3752 ciamus,
1541 3670 1710 3765 coniugIa
1724 3672 1759 3741 in
1771 3671 1946 3765 gradibus
1965 3674 2050 3770 Iege
2064 3675 2170 3746 divina

527 3760 598 3840 tv.)
608 3760 749 3844 cognatio.
798 3767 939 3856 gnatia,
964 3760 1081 3846 idest,
1105 3763 1240 3856 gradus
1255 3786 1337 3834 con·
1370 3765 1561 3857 prohibitis
1571 3767 1751 3841 contracta
1761 3767 2073 3861 esseditsolvenda,
2084 3774 2170 3844 cuius
2214 3763 2224 3792 ''

800 3861 1046 3959 sanguinitatis
1072 3869 1104 3932 δι
1122 3859 1336 3951 adfinitatis,
1372 3861 1550 3937 sententiae
1571 3869 1726 3940 rationes
1746 3871 1878 3966 ignotae
1899 3869 1966 3942 esic
1988 3891 2064 3946 non
2086 3891 2168 3968 pote·
2214 3883 2224 3900 ·

524 3964 562 4036 in
586 3961 718 4056 quibus
744 3967 952 4034 contrahere
971 3959 1206 4055 prohibitum.
1246 3965 1336 4033 Pon·
1372 3966 2168 4067 runtei,qui,quaedeprohibitioneiilasupe·
2219 3981 2224 3995 ‘

524 4062 626 4136 tificii
646 4061 871 4155 cognationis
891 4061 1036 4130 nomine
1053 4060 1260 4154 intelligunt
1286 4063 1332 4155 1.)
1370 4065 1447 4133 rius
1479 4065 1654 4161 disputata
1679 4066 1783 4155 sunt,
1818 4074 2001 4144 memoria
2023 4090 2167 4170 repetere

522 4183 596 4232 non
609 4179 746 4229 tanturn
763 4161 1016 4254 cognationem
1034 4161 1237 4237 naturalem,
1253 4184 1332 4254 quae
1367 4163 1535 4236 voluerit.
1587 4165 1642 4235 De
1658 4168 1726 4266 iege
1746 4193 1837 4239 nemo
1852 4169 2038 4265 dispenstarr
2065 4167 2167 4263 potati,

524 4256 869 4350 consanguinitatem
905 4267 937 4330 &
971 4257 1191 4330 adfinitatem
1236 4283 1332 4330 com·
1367 4261 1427 4358 nisi
1447 4266 1590 4356 quirem
1612 4268 1696 4336 tulit.
1747 4271 1797 4361 2.)
1826 4268 2067 4367 Cognationtrn
2083 4270 2169 4367 spiri·

522 4355 718 4453 pieintur,
745 4356 802 4428 sed
826 4361 935 4430 etIam
959 4359 1211 4452 cognationem
1229 4357 1333 4453 spiri·
1369 4360 1487 4431 taniam
1519 4386 1585 4435 nec
1611 4366 1783 4439 dirimens
1806 4391 1871 4441 nec
1885 4371 2095 4466 impediens
2119 4367 2169 4464 tp·

521 4457 663 4534 taniam,
695 4479 773 4553 quae
798 4460 912 4529 oritur
933 4481 978 4530 ex
1002 4456 1172 4552 baptismo
1193 4467 1227 4531 ὅ(
1249 4482 1331 4529 con·
1367 4453 1533 4554 πύθωμ’.)
1548 4462 1613 4534 esse
1627 4465 1826 4541 statuimus.
1882 4470 1932 4564 3.)
1962 4473 2014 4545 Co
2038 4473 2170 4544 nativit·

521 4555 750 4644 firmatione,
767 4560 1063 4654 &cognationem
1079 4557 1230 4654 segniam,
1251 4581 1331 4654 quae
1364 4563 1451 4659 gaiis
1479 4566 1546 4636 erit
1572 4566 1874 4659 impedimentum
1903 4498 2129 4665 prohibens,
2154 4567 2170 4642 st

520 4658 636 4728 oritur
665 4680 709 4728 ex
741 4659 932 4752 adoptione
956 4707 967 4744 ,
997 4678 1037 4727 ac
1059 4677 1248 4752 utramque
1272 4681 1330 4729 co·
1367 4664 1581 4756 provinciali
1596 4667 1753 4758 quadam
1768 4669 1850 4764 lege
1870 4670 2171 4766 magistratussia-

517 4758 763 4852 gnationem,
791 4775 863 4828 tatu
892 4756 1111 4853 spiritualem
1142 4779 1253 4851 quam
1280 4761 1329 4829 le·
1366 4761 1537 4849 bilietur,
1555 4787 1743 4859 nunquam
1759 4789 1880 4840 autem
1896 4768 2170 4867 fieripotestim

516 4857 665 4950 galeni,
699 4877 770 4924 non
804 4859 1049 4949 minusquam
1076 4859 1329 4950 cognationem
1364 4862 1616 4953 pedimentum
1637 4866 1824 4938 dirimens.
1876 4870 1938 4963 4.)
1967 4873 2074 4943 Ponti
2099 4875 2170 4943 cion

517 4953 717 5025 naturalem
732 4948 796 5023 esse
819 4957 1118 5048 impedimentum
1141 4957 1327 5026 matrimo-
1357 4960 1626 5051 prohibitionem,
1653 4987 1732 5059 quae
1742 4988 1861 5061 usque
1876 4972 1921 5042 ad
1943 4993 2118 5066 quartum
2132 4970 2149 5042 s
2159 5011 2169 5026 ·

516 5055 569 5124 nii
591 5054 765 5124 dirimens
790 5050 953 5125 statuunt.
1004 5054 1055 5146 a.)
1082 5056 1148 5123 Per
1167 5055 1326 5148 prohibi·
1363 5059 1395 5130 se
1418 5064 1576 5135 extendit
1601 5066 1783 5156 gradum,
1808 5070 2031 5163 neutiquam
2052 5071 2168 5167 proba·

515 5171 570 5228 tos
602 5153 827 5252 cognationis
851 5156 985 5249 gradus
1016 5154 1224 5254 intelIIgunt
1253 5178 1325 5229 non
1361 5182 1470 5252 mus,
1499 5164 1865 5262 magistratuIautem
1883 5170 2168 5247 cbriiiianohant

2086 5290 2167 5370 pote·
