4884 5984
703 502 770 572 iu
818 504 887 575 srr
937 503 1211 575 otvourrvn
1260 502 1311 571 ru
1362 504 1475 574 nov.
1532 488 1675 574 rasrss·
1771 488 1780 515 “
1865 536 1868 543 -
1913 520 1999 593 ,ιη

358 693 504 765 dimittit
529 718 665 765 uxorem
691 690 799 779 suam,
835 697 900 771 five
924 700 966 769 ab
989 722 1090 769 uxore
1114 693 1167 768 sua
1192 716 1248 768 net
1266 683 1434 785 uinculum
1456 694 1637 786 coniugalis
1653 693 1805 774 unitatis,
1830 691 1883 766 sei
1901 690 1994 762 n'efa-

358 794 548 875 dieattium
574 791 670 875 facit,
703 805 737 866 ἅ
761 794 857 866 aliam
881 802 991 874 ducit,
1023 794 1165 867 uzoeclra·
1191 796 1241 864 rie
1269 818 1328 879 per
1358 794 1557 869 adulterium
1588 790 1829 881 disrumpitur,
1871 800 1905 862 δι
1932 813 1994 878 per

357 908 438 969 tur,
473 888 679 977 nequaquam
700 916 781 963 vero
805 917 866 981 pro
889 895 1056 979 particulis
1082 918 1167 963 corn·
1192 887 1392 978 consequens
1413 891 1561 961 adultere
1589 894 1695 979 potest
1727 893 1904 979 repudiari.
1945 893 1994 976 5.)

356 987 536 1085 paratinis
561 986 626 1058 sive
651 995 905 1081 comparationis
941 993 1063 1065 habere
1094 987 1167 1079 pos·
1193 994 1317 1059 Locum
1338 995 1444 1060 Marc.
1459 987 1500 1059 X.
1522 1014 1575 1061 ιι.
1594 994 1723 1063 &lum
1743 988 1843 1059 XVl.
1866 1007 1917 1081 ¹8·
1939 986 1995 1087 (iu

356 1081 463 1164 funt,
501 1082 588 1172 quali
614 1087 722 1157 miuus
742 1112 915 1174 peccatum
940 1086 976 1159 ht
1001 1093 1166 1161 dimittere
1194 1112 1259 1173 quo
1280 1088 1430 1174 exceptio
1452 1083 1676 1157 fornicationis
1693 1111 1759 1157 non
1780 1085 1922 1162 habetur
1937 1091 1995 1159 ad·

356 1206 503 1255 uxorem
520 1207 659 1271 propter
677 1181 930 1258 fornicationem
946 1197 980 1260 &
996 1186 1092 1258 aliam
1108 1191 1168 1258 du·
1193 1186 1299 1274 ictio)
1322 1181 1543 1272 supplendum
1566 1180 1629 1255 elle
1651 1209 1691 1255 ex
1712 1185 1892 1266 Mattbaeo,
1919 1188 1996 1272 quia

356 1306 461 1375 eece,
495 1282 597 1349 maius
621 1306 703 1352 vero
734 1275 799 1352 fine
826 1282 1049 1354 fornicationis
1075 1281 1167 1355 carisa
1192 1284 1281 1351 iuxta
1305 1281 1477 1371 vulgatum
1503 1305 1662 1352 canonem
1680 1285 1844 1376 pauciora
1870 1282 1996 1378 exponi

356 1384 517 1450 eamdem
538 1380 724 1462 dimittere,
753 1381 896 1453 &aliam
912 1388 1051 1465 ducere,
1077 1376 1309 1453 decedebant
1327 1377 1512 1474 secundum
1531 1379 1653 1475 plura,
1691 1378 1731 1451 fi
1755 1381 1874 1474 regua
1899 1405 1997 1476 gene·

356 1480 455 1549 enim
480 1498 692 1565 peccatorum
724 1483 970 1565 comparatione
1003 1479 1067 1549 laoc
1092 1480 1167 1550 loco
1192 1475 1279 1549 rosis
1310 1501 1370 1571 per
1395 1478 1617 1572 exceptionem
1646 1477 1735 1551 aiiii
1760 1483 1927 1552 traditum
1952 1483 1997 1580 esi

356 1598 488 1667 egere,
521 1572 654 1644 Chrillu
671 1599 713 1645 ne
735 1578 769 1645 iu
789 1602 932 1646 mentem
952 1580 1085 1663 quidem
1113 1603 1163 1648 te·
1192 1575 1387 1648 limitanda.
1440 1581 1494 1647 De
1511 1576 1584 1647 loco
1601 1576 1723 1648 Matth.
1739 1578 1782 1649 V.
1796 1602 1850 1665 32.
1868 1583 1903 1650 in
1922 1578 1996 1670 spe·

356 1676 422 1746 eit.
478 1675 598 1758 Neque
619 1674 708 1744 enim
737 1674 904 1760 propofita
924 1699 993 1745 erat
1017 1677 1168 1763 questio,
1192 1676 1242 1746 cie
1262 1680 1465 1752 natandum,
1502 1672 1683 1752 Christum.
1698 1672 1787 1744 suam
1810 1680 1997 1750 dofirinam

356 1794 481 1843 utrum
511 1794 549 1839 ex
575 1769 762 1863 illegiiinrir
792 1775 945 1851 divortiis
970 1777 1105 1861 gravius
1132 1772 1168 1842 sit
1193 1775 1303 1857 (quod
1331 1773 1530 1842 adulterium
1553 1775 1780 1843 committatur
1808 1800 1870 1860 per
1895 1802 1995 1862 repu-

356 1891 559 1960 peccatutn,
586 1865 636 1938 sed
654 1872 869 1952 quc÷lioerat
883 1874 923 1939 de
940 1868 1039 1938 carrlia
1055 1874 1167 1939 ditor·
1192 1870 1283 1937 dium
1313 1875 1554 1955 quodcunque,
1590 1866 1648 1938 nih
1670 1868 1726 1938 fiat
1747 1870 1840 1941 causa
1865 1868 1995 1966 liupri)

356 1968 394 2039 rii
413 1963 597 2060 'legitiniu
633 1966 780 2035 Pharilni
796 1969 1167 2052 existinrahant,quam-
1192 1990 1364 2052 opponere
1384 1993 1450 2037 nou
1467 1964 1532 2057 legi
1556 1968 1692 2048 diuinae,
1726 1963 1778 2039 sed
1798 1972 1998 2059 corruptelis
2105 1962 2109 1973 ¹

356 2067 410 2138 eis
437 2060 567 2134 causam
583 2058 753 2139 sufficere,
790 2060 842 2135 scd
860 2061 1010 2135 Christus
1033 2061 1168 2153 respou-
1194 2059 1402 2150 pharisaicis,
1417 2066 1555 2149 perinde
1568 2087 1605 2134 ut
1623 2069 1657 2134 in
1672 2065 1887 2152 explicatione
1900 2072 1996 2152 quiu-

356 2166 441 2239 ιιι,
476 2157 578 2231 solam
603 2159 829 2233 fornicationis
848 2158 975 2232 causam
1000 2163 1167 2237 vinculum
1194 2162 1218 2228 ti
1238 2162 1395 2248 precepti
1417 2157 1550 2232 fecera't.
1605 2163 1694 2258 Quia
1714 2166 1803 2234 enim
1823 2160 1996 2240 Molaria

356 2259 569 2333 matrimonii
593 2255 739 2336 solvere,
767 2282 802 2329 ut
825 2257 971 2331 adultera
992 2259 1115 2330 dimitti
1134 2268 1167 2332 de
1193 2280 1237 2347 gc
1267 2254 1319 2326 lua
1346 2254 1466 2328 furensr
1495 2256 1688 2345 permiserat
1716 2264 1910 2349 repudium,
1944 2266 1997 2333 iu.

356 2358 426 2433 ilia
440 2359 525 2427 duci
543 2352 650 2442 poffit.
705 2354 755 2452 2.)
772 2359 1004 2440 Exceptionem
1024 2356 1114 2426 illam
1128 2360 1169 2425 de
1194 2354 1274 2425 bens
1295 2356 1474 2440 repudiatae
1488 2358 1567 2425 dare
1588 2352 1738 2426 libellum
1753 2361 1903 2442 repudii,
1921 2364 1996 2433 ideo

356 2454 509 2553 ηρφόᾳ
537 2452 605 2524 sive
623 2453 723 2549 λόγῳ
744 2454 899 2552 ποριιίας
925 2453 1000 2528 dni
1019 2455 1110 2529 torri
1136 2456 1167 2521 iu
1194 2447 1342 2536 pharisei
1366 2454 1398 2521 iu
1419 2476 1617 2539 quocunque
1641 2456 1771 2540 repudii
1801 2453 1874 2525 casu
1896 2457 2007 2530 talem'

356 2550 517 2642 sequenti
537 2552 636 2621 etiam
660 2551 813 2622 membro
829 2551 1055 2647 repetentium,
1079 2563 1111 2623 dt
1129 2555 1168 2619 ad
1194 2545 1336 2617 formam
1353 2547 1457 2618 libelli
1474 2551 1723 2620 introduxerant
1738 2577 1775 2622 ac
1789 2577 1995 2641 receperant,

356 2656 473 2725 :otum
501 2648 624 2720 Christi
650 2644 842 2720 sententiam
871 2646 1079 2719 referendam
1107 2645 1169 2716 elle
1194 2666 1229 2713 ut
1246 2647 1382 2714 maritus
1400 2649 1491 2714 uxori
1516 2673 1532 2715 a
1555 2644 1584 2715 se
1603 2650 1784 2736 repudiate
1799 2656 1998 2723 concederet

356 2751 431 2822 hoc
449 2752 579 2817 modoz'·
596 2749 666 2838 Qui
685 2742 844 2818 dimiserit
861 2772 995 2816 uxorem
1011 2743 1168 2815 sunmer-
1195 2742 1361 2811 licentiam
1388 2752 1422 2814 &
1448 2747 1661 2827 potestatem,
1694 2754 1732 2817 ui
1752 2746 1831 2818 duci
1848 2744 1998 2845 poſjeto

356 2838 826 2937 :eptafornicationiscausa‚
851 2842 991 2914 illerum
1006 2839 1169 2929 ipsemoe-
1193 2862 1379 2934 quocrtnque
1400 2838 1497 2918 uiro,
1527 2841 1652 2911 neruine
1676 2838 1878 2936 prohibente.
1934 2849 1998 2921 Sed
2105 2877 2115 2897 ⁴

356 2946 510 3028 abatur,
537 2963 607 3014 turn
629 2946 727 3013 etiam
750 2938 908 3011 dimissam
931 2966 1065 3010 uxorem
1087 2965 1154 3009 moe
1196 2935 1346 3009 Christus
1369 2940 1524 3019 ostendit,
1559 2962 1625 3007 non
1647 2964 1686 3010 ex
1709 2940 1841 3032 legibus
1861 2940 1998 3017 forenfi·

356 3043 462 3117 thari
484 3036 581 3120 fecit,
606 3036 1063 3126 &quintodecimum
1088 3034 1170 3107 scili·
1195 3033 1276 3117 bus,
1308 3029 1361 3104 sed
1377 3038 1423 3102 *ex
1448 3033 1523 3124 lege
1541 3035 1679 3116 morali,
1715 3050 1749 3110 ὃ(
1774 3042 1806 3111 itt
1826 3040 1886 3113 hac
1910 3068 1999 3129 φη.

356 3162 419 3216 tet
452 3161 545 3210 extra
578 3137 807 3207 fornicationis
837 3133 987 3218 causam,
1027 3133 1170 3204 moecha·
1197 3136 1300 3202 llione
1328 3156 1367 3201 ex
1396 3134 1505 3223 urimo
1531 3135 1683 3227 coniugii
1711 3137 1915 3235 institutione
1938 3164 2015 3229 pe<

356 3262 452 3325 tur,
493 3233 645 3305 videlicet
682 3238 833 3303 ducendo
861 3233 995 3302 alterius
1023 3258 1170 3302 uxorem.
1197 3226 1417 3299 tendumcll'e
1447 3232 1624 3307 iudicium,
1663 3235 1741 3317 quid
1764 3236 1797 3302 in
1821 3233 1897 3305 foro
1919 3260 1998 3305 con.

356 3353 415 3427 3.)
437 3335 649 3420 Exceptionis
672 3332 759 3399 iliius
783 3335 851 3401 viru
876 3328 939 3400 elii
963 3356 1056 3407 catti,
1091 3353 1127 3397 ut
1150 3326 1169 3395 li
1199 3323 1335 3395 scientia
1367 3351 1405 3394 nc
1428 3350 1537 3396 coram
1566 3329 1631 3397 Dei
1658 3331 1780 3398 iudicio
1809 3330 1933 3401 licitum
1959 3329 1999 3401 fit

356 3428 472 3529 causo
489 3428 732 3523 ,fornicationis
757 3453 839 3497 uxor
863 3431 1073 3504 dimittetur,
1109 3424 1172 3497 hoc
1200 3422 1251 3491 vel
1265 3423 1438 3499 illicitum,
1464 3427 1602 3508 proinde
1618 3451 1823 3512 nequaquam
1840 3430 1882 3498 it,
1897 3427 1999 3501 infer.

357 3537 435 3611 eu,
462 3531 645 3598 divortium
667 3528 871 3604 instituatur,
897 3551 962 3594 nou
989 3522 1085 3610 possit
1107 3525 1171 3592 dici
1197 3522 1227 3590 ri
1244 3515 1350 3609 posse:
1378 3523 1443 3588 lex
1460 3516 1601 3600 hlosaica
1621 3519 1755 3591 foreufis
1773 3528 1938 3610 permittit
1959 3525 2000 3599 li·

360 3631 512 3703 maritus
526 3624 702 3706 manuari,
724 3623 854 3693 stalianr
870 3626 1016 3702 duxerit,
1036 3626 1067 3691 id
1082 3623 1169 3691 enim
1195 3614 1320 3689 bellum
1338 3620 1486 3704 repudii,
1512 3643 1595 3706 crgo
1616 3645 1726 3687 coram
1745 3626 1818 3691 Deo
1837 3648 1901 3693 non
1919 3650 1999 3713 pec·

366 3719 557 3799 firmissime
583 3721 704 3808 probat
728 3743 961 3810 argumentum
991 3724 1126 3789 duflum
1152 3742 1169 3785 a
1195 3740 1273 3792 cat,
1313 3718 1365 3783 led
1394 3715 1613 3880 resin-‘ticin
1648 3719 1706 3803 qui
1735 3743 1929 3807 quacunque
1957 3729 2000 3796 de

363 3821 561 3907 ,controrir's
576 3819 797 3902 immediatis,
813 3816 960 3904 'tritorum
975 3839 1088 3888 natura
1103 3814 1171 3882 hec
1195 3808 1295 3897 causa-
1307 3835 1443 3880 uxorem
1466 3815 1622 3890 muniuit,
1644 3816 1723 3900 quia
1740 3815 1899 3887 iuliitutio
1917 3844 1998 3889 con.

357 3928 434 4006 mu,
464 3942 521 4004 ut,
554 3921 641 4005 quod
663 3921 705 3987 de
726 3940 791 3988 utro
811 3912 1026 3995 adfirmatur,
1062 3915 1103 3981 de
1125 3910 1170 3981 al·
1196 3910 1278 3997 irgii
1297 3909 1437 3976 'osieudit
1459 3907 1521 3978 ell'c
1543 3910 1697 3997 copulam
1721 3911 2001 3998 indissolubilem

356 4012 449 4090 itero
465 3995 657 4104 lingendum
673 4013 727 4094 fit,
752 4023 786 4085 dt
804 4018 874 4083 vice
888 4005 996 4087 versa,
1023 4012 1173 4095 quotide
1197 4006 1330 4075 interim
1359 4008 1391 4073 in
1422 4005 1477 4075 illa
1505 4003 1572 4094 ipsa
1600 4009 1747 4095 generali
1775 4012 2001 4096 prohibitione

368 4112 439 4189 'uuo
466 4135 633 4202 negatur,
669 4114 711 4182 de
731 4109 836 4182 altero
862 4110 897 4177 lit
921 4106 1171 4178 adfirmandum.
1198 4104 1363 4173 temerarii
1389 4105 1522 4174 divortii
1548 4108 1669 4191 excipi:
1695 4107 1844 4178 Christus
1867 4109 2003 4207 cucusum

357 4188 421 4305 ti..)
440 4216 700 4284 fundamentum
722 4207 817 4279 huius
838 4205 1081 4293 explicationis,
1111 4229 1174 4288 qua
1191 4198 1457 4293 fornicationis,
1500 4202 1657 4271 uimittuu
1685 4207 1760 4290 quit
1790 4206 1844 4276 illa
1873 4212 2000 4282 ditefle

364 4312 540 4401 excipitur
566 4304 659 4379 cause
676 4306 828 4378 adulterii
850 4331 866 4372 a
889 4303 1035 4393 generali
1060 4300 1174 4388 prohi·
1199 4319 1327 4388 pugnat
1344 4322 1419 4368 curn
1442 4323 1557 4368 natura
1574 4303 1718 4389 coniugii
1737 4327 1773 4372 ac
1795 4329 1906 4375 contra
1927 4305 2001 4378 sub-

357 4392 503 4485 ibitione
516 4407 670 4484 diuortii,
690 4431 729 4475 ex
743 4402 917 4474 collatione
932 4398 1176 4493 oliorumsori·
1200 4395 1358 4466 llatrtialia
1390 4398 1619 4477 matrimonii,
1658 4400 1797 4484 ideoque
1830 4404 2000 4492 vinculum
2057 4482 2064 4492 ,

357 4500 485 4607 splene
505 4503 666 4578 cineram
686 4499 727 4575 δ’
746 4526 789 4574 ex
812 4497 886 4597 ipso
904 4511 1027 4570 natura
1045 4496 1175 4568 adulte·
1200 4494 1346 4581 coniugii
1373 4488 1479 4563 solvit.
1541 4499 1594 4566 De
1618 4494 1692 4564 loco
1717 4496 1838 4570 Matri.
1855 4499 1945 4572 XlX.
1967 4527 1999 4595 9,
2031 4546 2035 4553 .

357 4608 423 4693 {rii
446 4599 665 4677 deminslrari
690 4597 788 4689 polle.
846 4601 1017 4686 Coniuges
1043 4621 1081 4667 ex
1103 4597 1175 4678 pri·
1200 4593 1234 4658 in
1247 4588 1355 4683 specie
1371 4594 1572 4677 notandum,
1600 4589 1775 4677 phariseos
1790 4601 2005 4678 questionem

372 4728 481 4777 mana
497 4703 562 4772 Dci
578 4702 780 4770 institutione
799 4694 869 4766 sunt
887 4715 1062 4773 triturato,
1092 4697 1175 4795 Gerr.
1202 4686 1335 4759 Christo
1362 4711 1550 4774 proponere
1576 4693 1617 4758 de
1643 4714 1721 4760 vero
1748 4694 1907 4779 divortio,
1939 4699 2002 4770 hoc

373 4798 421 4875 ll.
441 4823 498 4882 ze.
521 4799 642 4879 Matth.
658 4795 749 4867 XlX.
767 4808 800 4868 6.
822 4791 874 4863 sel
896 4816 995 4871 uxor,
1020 4817 1090 4876 quae
1111 4788 1177 4860 for·
1202 4786 1248 4855 est
1271 4780 1429 4857 solutione
1452 4787 1652 4855 matrimonii
1681 4798 1787 4871 quoad
1813 4794 2002 4876 vinculum,

377 4901 529 4987 nicatur,
554 4893 594 4966 iit
611 4922 674 4968 una
688 4917 764 4964 caro
780 4918 854 4961 ruzn
873 4890 1041 4966 adultero,
1064 4900 1096 4958 dt
1111 4913 1177 4956 mn.
1201 4909 1246 4953 an
1264 4907 1457 4970 quacunque
1477 4887 1519 4953 de
1541 4879 1633 4953 causa
1655 4882 1736 4955 illud
1764 4886 1800 4956 sit
1821 4891 1948 4964 licitum
1970 4888 2001 4968 u.

377 5001 481 5084 ritus,
501 4995 557 5082 qui
572 4992 772 5069 fornicatur,
790 4987 825 5057 ftt
840 5015 901 5058 unn
914 5011 990 5058 caro
1004 5010 1079 5054 cum
1094 4982 1179 5055 scor·
1208 5005 1237 5065 3.
1274 4981 1423 5053 Christus
1450 4976 1698 5078 responfionem-
1721 4988 1806 5071 petit
1830 5014 1869 5060 ex
1893 4994 2002 5077 prima

379 5117 426 5170 to.
459 5098 571 5168 tCor.
583 5090 644 5166 Vl.
660 5094 712 5166 16.
764 5092 852 5179 Ergo
870 5111 936 5158 non
954 5085 1095 5173 amplius
1110 5107 1176 5154 ma·
1202 5078 1351 5169 coniugii
1381 5078 1608 5163 institutione,
1621 5140 1628 5153 .
1642 5104 1715 5170 qua
1741 5084 1881 5159 olleudit
1902 5113 2006 5177 copu-

1753 5213 1755 5216 ⁴
1939 5187 2006 5258 lam
