4884 5984
384 513 453 599 236
630 517 921 587 tocvsxxvt.
952 482 1388 587 cernentem.
1418 484 1837 587 err.1t.toeteu.t.'

382 725 450 776 rtort
478 702 651 801 discedot,
689 729 730 777 oc
758 709 783 802 fi
805 702 1006 802 discefferit,
1042 704 1184 797 innupto
1210 705 1251 791 fit
1265 704 1420 778 adultero
1433 756 1443 775 .
1458 705 1483 793 d
1499 703 1604 787 suerit
1618 728 1691 776 eum
1708 702 1788 777 viro
1805 698 1895 775 olio.
1910 720 1923 773 t
1937 698 2012 771 Cot.

382 816 543 887 monem,
576 804 750 879 edmittere
773 802 981 877 necetieriam
1007 806 1183 890 quemdem
1209 809 1283 876 vtt.
1301 829 1357 891 39.
1407 800 1540 877 Mulier
1556 795 1715 896 diderat,
1743 798 1960 896 adligatoesl
1974 794 2014 866 le·
2054 812 2056 849 Ι

382 904 631 991 exceptionem,
667 926 708 972 ex
731 928 797 991 quo
819 902 1034 974 fundamento
1058 924 1183 969 novum
1207 900 1265 995 gi,
1289 910 1412 996 qttoeto
1429 914 1572 995 tempore
1589 901 1678 971 vivit
1698 898 1759 971 uir
1776 900 1873 982 eius,
1894 892 2011 991 quodi

381 997 477 1073 nobis
507 996 647 1070 nascitur
669 1022 932 1088 argumentum,
964 998 1055 1084 quod
1081 994 1183 1083 paulo
1209 999 1387 1073 dormierit
1411 1002 1468 1073 vir
1492 1002 1580 1080 tius,
1600 990 1893 1094 itttvSipees’clr,
1917 990 2012 1065 tibere

381 1098 454 1185 poll
474 1094 718 1187 subiungemus.
768 1097 818 1180 d.)
843 1093 957 1167 Get-eei
974 1096 1183 1180 interpreter,
1209 1100 1267 1195 est,
1293 1100 1345 1169 eni
1369 1097 1459 1180 nult,
1483 1096 1609 1175 tiebat,
1642 1105 1778 1167 tontum
1805 1096 1845 1164 in
1861 1086 2008 1180 Doepipo.

387 1188 656 1291 Cltrpsoslomtcr,
694 1188 953 1288 Theoplyloiiur
971 1189 1010 1264 sd
1033 1187 1185 1262 Occurre-
1211 1201 1255 1265 Ex
1284 1196 1332 1266 ltis
1357 1196 1438 1265 loeis
1466 1194 1687 1284 intelligitur,
1735 1184 2015 1269 dictatorium

384 1292 478 1369 nius,
496 1303 592 1386 atque
605 1314 649 1362 ex
661 1287 799 1365 Latinis
809 1288 1007 1387 Ambrossos
1019 1288 1184 1381 exceptio·
1210 1302 1222 1365 t
1232 1316 1268 1361 ut
1291 1292 1333 1363 sto
1354 1290 1494 1379 loquer)
1510 1290 1657 1381 petsooae
1675 1284 1818 1360 desert:
1835 1284 1920 1357 nihil
1934 1284 2012 1357 eliud

383 1413 456 1462 nem
488 1387 595 1483 coteste
614 1388 861 1480 fornicationis
886 1390 921 1459 itt
956 1388 1186 1482 explicatione
1210 1386 1295 1472 etse,
1332 1413 1434 1475 quom
1451 1387 1660 1485 euripynorr
1682 1380 1762 1461 deo*
1789 1382 1840 1457 roi
1869 1383 1955 1474 ripe
1973 1380 2012 1453 ti

385 1485 545 1559 Poulioae
565 1484 741 1578 ,terentia
768 1487 906 1559 addunt.
971 1483 1104 1578 Quibus
1128 1486 1186 1552 sd·
1211 1479 1326 1589 cirdpdt
1349 1515 1402 1578 eni
1426 1484 1627 1586 ἐλευθερίαν
1645 1484 1881 1577 γαμηθῆνᾳ,
1907 1470 2011 1559 libere·

384 1586 480 1675 iungi
494 1586 603 1674 potest
617 1583 787 1655 Primtstus
808 1589 842 1656 in
859 1605 1037 1655 comment.
1071 1610 1080 1654 r
1106 1585 1185 1651 Cor.
1213 1587 1339 1655 tionem
1357 1610 1376 1651 s
1394 1584 1469 1672 lege
1487 1585 1552 1653 viri
1564 1583 1687 1671 prioris
1701 1588 1737 1653 oc
1753 1578 1949 1651 libertatem
1961 1600 2012 1649 nrt·

387 1688 464 1752 vlt.
487 1680 529 1752 stc
546 1675 707 1751 scribens:
743 1678 886 1778 Quando
904 1678 1069 1779 aposlolus
1087 1677 1187 1759 dicit,
1214 1679 1314 1751 beodi
1339 1684 1411 1752 viro
1436 1679 1542 1752 elteri.
1610 1679 1710 1749 Ratio
1741 1676 1925 1749 decifiooie
1946 1698 2011 1767 epo·

386 1778 441 1852 stit
456 1780 513 1875 qui
532 1780 567 1849 io
588 1780 805 1855 matrimonio
820 1780 920 1875 sunt,
948 1776 1106 1874 precipio
1124 1797 1189 1846 oon
1215 1777 1333 1848 stolitae
1353 1780 1420 1857 etl,
1451 1780 1542 1863 quod
1557 1771 1695 1866 persona
1719 1768 1875 1860 deserta,
1906 1794 2013 1863 utpote

386 1901 468 1974 ego,
492 1874 555 1972 sed
584 1876 763 1957 dominus,-
812 1880 960 1975 loquitur
979 1874 1115 1972 proprie
1144 1873 1191 1943 od
1215 1880 1393 1954 innocens,
1414 1900 1482 1946 non
1500 1875 1620 1949 debeat
1639 1873 1734 1943 luere
1752 1868 1899 1964 culpam
1916 1866 2011 1973 pets·-

389 1977 605 2069 cortiugotos‚
629 2000 668 2047 rte
681 1975 888 2049 dimitterent
903 1999 1026 2047 uxores
1043 1972 1082 2046 &⁴
1097 1970 1189 2043 otior
1200 1988 1205 2033 ¹·
1214 2000 1263 2044 nae
1283 1970 1486 2051 destruitis,
1514 1991 1631 2059 utpote
1651 1972 1830 2052 nocentis,
1857 1997 1931 2060 que
1948 1992 2012 2063 pro·

384 2072 559 2155 ducerent,
583 2084 643 2144 out
657 2073 832 2167 pulchrior,
856 2085 916 2146 out
934 2074 1076 2149 diriter,
1100 2071 1189 2168 stetit
1212 2094 1287 2161 pter
1311 2068 1411 2143 fidem
1435 2070 1646 2141 christianam
1677 2088 1781 2151 atque
1803 2092 1848 2141 ex
1873 2072 1951 2141 odio
1974 2090 2013 2141 se·

386 2168 704 2262 Iudeisociebont3
735 2173 958 2246 &neutum
999 2168 1187 2245 onremo
1211 2170 1347 2259 ligionis
1388 2166 1558 2238 discedens
1600 2160 1797 2256 groviffitne
1839 2188 1958 2255 peccet
1988 2166 2014 2235 in

388 2270 463 2343 niro
484 2290 549 2337 non
570 2266 732 2361 discedere
749 2275 907 2347 adnotet,
947 2269 972 2355 fi
990 2269 1065 2362 quir
1084 2266 1186 2338 dimi·
1207 2272 1343 2344 ‚Deum,
1360 2265 1571 2345 ¹matrimonii
1589 2264 1785 2347 sudorem,
1814 2274 1852 2341 δι
1867 2268 1903 2357 ip
1922 2262 2013 2363 ipsun

382 2363 472 2461 serit
488 2387 626 2435 uxorem
649 2378 788 2459 excepto
808 2364 908 2461 causa
922 2365 1185 2458 fornicationis,
1214 2367 1264 2435 lus
1284 2365 1509 2442 matrimonii,
1535 2364 1627 2431 cuius
1643 2359 1824 2433 vinculum
1841 2388 1907 2454 per
1925 2366 2016 2435 dire·

386 2463 578 2558 faciteam
607 2460 771 2536 moecltori.
828 2467 884 2554 3.)
907 2467 1068 2534 Posterius
1091 2487 1190 2551 orgu-
1216 2461 1343 2531 stentem
1366 2460 1536 2551 religionis
1557 2459 1694 2529 minime
1718 2455 1927 2535 dissolvitur.
1974 2464 2015 2533 le·

357 2647 361 2651 Ι
388 2583 539 2634 mentum
557 2563 702 2633 nostrum
717 2585 757 2632 ex
776 2560 837 2631 ltoe
853 2560 926 2631 loco
941 2559 1119 2650 apostolico
1135 2564 1190 2630 de·
1215 2561 1328 2644 quitur
1344 2559 1447 2646 igitur
1466 2553 1652 2634 conclutio,
1678 2560 1769 2639 quod
1792 2561 1890 2630 iuxta
1909 2557 2015 2631 dedei-

389 2662 528 2731 dudum
552 2657 595 2727 stc
621 2657 743 2729 habet:
788 2661 820 2731 Si
851 2654 995 2745 persone
1024 2657 1192 2727 innocenti
1216 2681 1291 2725 nam
1313 2653 1451 2743 apostoli
1475 2657 1509 2724 in
1531 2651 1604 2725 cusu
1626 2651 1785 2724 adulterii
1808 2658 2014 2749 potestisne·

304 2782 311 2789 ·
389 2758 550 2844 competit
571 2756 712 2842 poteslas
736 2757 814 2826 novi
838 2755 1038 2826 ntatrimonii
1065 2756 1099 2823 in
1118 2751 1190 2823 casu
1217 2755 1249 2824 vi
1268 2753 1471 2824 matrimonii
1487 2753 1574 2843 perti
1590 2752 1763 2825 innocenti
1781 2752 1970 2849 competat}

393 2849 605 2930 desertionis,
639 2850 744 2922 multo
769 2856 873 2942 magis
893 2856 925 2922 in
946 2847 1019 2922 casu
1039 2850 1191 2922 adulterii

392 2954 509 3023 eedem
532 2952 700 3019 innocenti
722 2947 869 3036 personae
890 2948 1068 3036 competet.
1125 2953 1193 3019 Ra·
1291 2955 1319 3034 ς.
1341 2950 1496 3019 Dtxxt.
1525 2949 1619 3040 Quid
1635 2944 1765 3021 edhaee

369 3054 371 3059 '
394 3050 441 3117 tio
465 3045 682 3118 connexionis
700 3048 765 3125 est,
798 3050 874 3134 quia
897 3047 1094 3118 adulterium
1116 3042 1191 3132 ipsis
1217 3042 1451 3115 Bellerminuse
1479 3052 1516 3116 ln
1534 3068 1659 3135 genere
1674 3048 1763 3117 exci-
1821 3040 2009 3136 Exc‘rlitttf

389 3139 650 3217 substantialibus
680 3144 881 3215 mutrimonii
911 3155 945 3216 &
974 3145 1089 3214 unitati
1112 3167 1190 3211 con·
1215 3146 1282 3229 pit,
1307 3139 1455 3215 Paulum
1472 3165 1538 3215 noo
1554 3142 1640 3239 poffe
1657 3166 1766 3237 expo·
1833 3122 2001 3219 mm
2054 3129 2056 3171 ²

391 3240 494 3331 iuguli
528 3243 632 3332 magis
660 3263 852 3330 repugnet,
900 3267 998 3328 quern
1038 3236 1189 3312 desertio.
1214 3240 1270 3325 ni,
1302 3241 1364 3335 nist
1384 3239 1424 3311 de
1443 3236 1626 3337 disceffione
1646 3239 1688 3312 ob
1707 3243 1763 3313 io·
1830 3202 2003 3345 1⁰42?pr
2054 3225 2056 3265 ¹

345 3370 348 3375 ·
391 3341 453 3411 Sed
481 3339 645 3424 apostolus
672 3340 706 3408 in
729 3333 802 3409 casu
828 3336 1017 3411 desertionis
1042 3333 1297 3437 personalium
1318 3337 1472 3432 consum,
1506 3336 1561 3411 sed
1584 3340 1764 3411 haedere
2055 3357 2056 3367 ¹

380 3437 560 3515 ‚innocenti
588 3437 741 3505 concedit
762 3438 957 3523 potestatem
977 3438 1057 3507 novi
1078 3438 1190 3505 metri·
1215 3432 1353 3525 inferius
1368 3439 1402 3506 in
1419 3440 1568 3509 examine
1583 3461 1766 3528 argumen-

391 3535 510 3605 monii:
536 3528 578 3606 Si
592 3530 738 3621 infidelit
752 3530 909 3627 discedit,
927 3529 1190 3634 (inquittdthte
1217 3557 1328 3603 toroni
1357 3533 1605 3618 pontificiorum
1641 3557 1776 3623 agetur.
1814 3576 1819 3581 ·
1860 3532 2011 3611 l’olletio
2052 3520 2056 3583 l

390 3632 518 3702 ratione
544 3634 586 3703 de
612 3629 699 3701 fauo
720 3633 901 3704 divortium
930 3636 1103 3713 instituat,
1137 3629 1189 3700 di·
1214 3627 1320 3717 specie
1349 3632 1534 3704 Cltemnitii
1559 3635 1703 3706 rationes
1729 3634 1939 3721 examinet,
1970 3630 2010 3703 dl
2053 3621 2056 3659 ⁴

382 3724 520 3825 freden,
547 3720 788 3824 utillima,
812 3754 877 3801 oon
892 3734 934 3826 est
948 3723 1190 3821 servitutisub·
1210 3729 1358 3823 primam
1379 3735 1524 3823 regerit,
1549 3732 1586 3802 in
1608 3727 1718 3801 uerbis
1741 3732 1897 3827 apotioli
1911 3724 2011 3829 effeti·
2052 3720 2056 3760 ¹

382 3823 489 3911 ,tettae
504 3822 622 3916 freter
638 3835 699 3896 out
711 3823 811 3919 soror
832 3829 867 3899 in
889 3827 1097 3907 leuittrmodi,
1124 3825 1189 3895 hoc
1214 3826 1312 3921 lipfin
1337 3829 1398 3924 ipst
1411 3828 1724 3924 frequentifflmom.
1778 3820 2013 3929 Praeeiptortot
2052 3815 2056 3856 ¹

388 3926 454 4004 eli,
480 3920 620 4013 persono
644 3921 749 3994 fidelis
771 3921 897 3997 deserte
920 3950 985 3995 non
1003 3928 1050 3996 est
1065 3921 1190 3995 servili·
1213 3924 1393 4011 discedere,
1413 3924 1547 4024 scilicet
1561 3929 1625 4021 fine
1645 3926 1733 4035 iuslo
1750 3928 1883 4023 causo,
1904 3920 2012 4026 quod!
2052 3916 2056 3977 l

391 4044 443 4095 ter
470 4020 613 4110 adligata
641 4015 809 4091 desertriei
830 4046 886 4093 eut
911 4017 1094 4100 desertori,
1133 4016 1188 4091 sed
1213 4020 1409 4118 discederit,
1426 4022 1701 4121 ..viteticeeeneja
1716 4024 1884 4115 inventa,
1909 4038 2013 4101 outre·
2053 3982 2056 4051 l

390 4118 496 4190 libere
515 4121 562 4191 ell
582 4144 601 4190 a
622 4114 697 4209 lege
717 4118 826 4189 uxoris
848 4116 1031 4193 desertricis
1055 4117 1107 4191 vel
1125 4119 1187 4187 viri
1212 4123 1428 4208 concilietur,
1446 4136 1506 4196 out
1523 4135 1655 4197 monent
1670 4124 1832 4222 innupto.
1866 4120 2011 4217 Resplo·
2054 4106 2056 4150 l

389 4212 584 4295 desertoris,
624 4236 661 4285 ut
685 4214 834 4309 legitime
856 4219 950 4306 iungi
977 4213 1074 4305 posset
1093 4215 1189 4286 alteri
1212 4224 1325 4309 quitur
1338 4222 1502 4309 spostolus
1518 4227 1559 4297 de
1572 4220 1728 4301 dissidiis,
1752 4250 1831 4311 quae
1848 4228 2009 4299 intercor-
2055 4234 2056 4239 ’

281 4358 287 4367 ·
375 4308 535 4399 ¹foeminae
552 4311 606 4388 rel
624 4313 710 4383 viro.
762 4319 858 4387 Hunc
876 4317 966 4387 enim
988 4311 1050 4387 else
1069 4308 1189 4404 signifi·
1212 4322 1307 4409 iuges
1320 4345 1360 4391 et
1376 4318 1476 4391 causis
1498 4322 1642 4410 politicis
1655 4321 1708 4393 vel
1725 4326 1947 4399 oecunomicis
1959 4317 2010 4391 osi·

390 4414 556 4491 cntionem
592 4405 746 4498 tlhfflswss
779 4404 1015 4493 ileidnonn
1047 4410 1190 4501 intelligi
1218 4439 1338 4505 untur,
1370 4441 1510 4506 propter
1532 4445 1604 4511 quae
1626 4442 1748 4509 negot,
1778 4417 1913 4509 ipsese
1935 4416 2012 4495 seit·

388 4513 498 4599 potest
519 4535 557 4582 ex
578 4506 755 4579 collatione
772 4507 923 4581 locorum
947 4516 1046 4584 Rom.
1068 4516 1139 4581 vtt.
1164 4531 1193 4580 t.
1220 4518 1326 4588 vicem
1344 4512 1512 4589 discedere
1531 4518 1669 4599 debere,
1692 4514 1830 4591 ebaliis
1847 4538 2012 4595 tutemet·
2054 4556 2056 4567 ⁴

393 4604 471 4681 Lex
485 4603 648 4706 overseer,
669 4603 864 4716 dominator
879 4608 1069 4691 intromitte,
1091 4632 1195 4703 quon·
1218 4609 1288 4684 sum
1315 4609 1542 4686 fornicationis
1557 4636 1736 4707 exceptum
1757 4616 1847 4703 esse,
1882 4644 1922 4691 et
1941 4614 2012 4688 dido

389 4715 425 4777 to
447 4716 588 4793 tempore
612 4703 700 4773 niort
723 4732 754 4775 v.
781 4732 812 4779 2.
839 4729 910 4802 quae
930 4708 1016 4779 enim
1031 4704 1095 4801 sub
1120 4707 1194 4778 uiro
1219 4711 1343 4783 Christi
1365 4723 1399 4785 dt
1423 4738 1461 4786 ex
1487 4710 1709 4786 fundamentis
1735 4714 1848 4805 poulo
1871 4736 1945 4791 eote
1966 4712 2011 4783 ad·

388 4798 585 4903 ostendier,
613 4800 740 4874 viventi
756 4802 830 4877 uiro
848 4798 990 4901 diditur,
1033 4805 1195 4898 odligota
1221 4810 1328 4877 dustis
1354 4809 1524 4882 manifeste
1550 4815 1682 4885 constat.
1750 4816 1806 4887 Ad
1832 4806 2010 4889 secundent

390 4904 434 5000 est
453 4899 523 4992 legi
530 4954 539 4981 ‚
560 4898 592 4996 fi
613 4909 722 4983 ostem
742 4915 890 4976 mortuos
901 4904 1013 4996 suerit
1033 4905 1088 4975 oir
1111 4903 1198 4983 eius,
1233 4901 1377 4978 Verbum
1399 4908 1611 4982 reconciliari
1632 4904 1691 5005 effe
1721 4933 1903 4987 commune
1926 4906 1963 4989 ss
1974 4904 2011 4987 tlt

390 4994 629 5101 κατήργηται,
656 4996 801 5072 liberoto
819 5005 900 5103 esto
923 5002 994 5098 lege
1016 5002 1095 5075 oiri.
1116 5029 1148 5072 e.
1170 5023 1200 5086 3.
1226 5004 1285 5099 qui
1305 5005 1405 5103 sesti,
1438 5002 1478 5081 t!
1500 5008 1550 5094 ei,
1584 4992 1646 5102 qui
1663 5006 1765 5097 laestts
1787 5014 1854 5111 ιβ,
1884 5002 2011 5103 mit·
2054 5016 2056 5021 ⁴

316 5152 330 5185 ,
389 5096 569 5197 ἐλευθέρα
586 5095 677 5184 icit,
693 5095 971 5201 liberoestolcge
985 5100 1071 5193 oiri,
1088 5111 1205 5181 otton
1229 5104 1371 5186 modurn
1384 5103 1595 5206 scripturum
1620 5102 1661 5183 θ’
1684 5131 1746 5184 nor
1763 5110 2012 5215 ‘temnetis-r

1941 5164 2056 5285 ml
