4884 5984
900 522 963 602 nr
1008 517 1280 599 cortuum.
1523 593 1525 598 ,
1842 526 1942 646 σς.

281 705 386 786 nense
400 705 464 786 lll.
483 737 554 810 can.
570 713 639 791 tv,
661 705 847 808 Gtekorios
867 713 926 792 lib.
944 720 1076 820 liepisl.
1101 720 1144 789 tir
1162 712 1388 810 arripiebant,
1413 739 1490 792 cum
1509 717 1657 790 oontlotn
1672 717 1899 792 decontinen·

281 826 345 898 43.
373 831 451 882 ente
474 839 608 888 eunom.
648 834 700 904 18.
728 834 816 886 vetet
844 810 921 888 fieri
949 842 1076 890 votum.
1102 818 1155 888 tite
1171 820 1261 890 dono
1282 812 1347 892 sese
1367 813 1611 906 explorassent,
1635 843 1673 889 ec
1691 818 1850 906 petebant-
1865 819 1898 890 se
1948 889 1956 904 ,

278 907 352 980 Set
379 907 541 996 pontificii
562 916 662 987 etiam
682 941 701 987 c
724 901 906 986 constituitis
926 917 960 986 in
983 939 1078 989 uetare
1100 918 1204 1004 recipi
1224 920 1257 988 in
1278 916 1458 1010 collegium
1486 914 1568 984 illud
1590 917 1764 989 viduatum
1788 916 1896 988 eccle-

269 1005 393 1078 euhoe
422 1008 553 1083 minore
576 1033 693 1084 votum
719 1015 874 1100 perpetui
903 1011 1077 1106 crelibattic
1099 1012 1286 1100 uillicum,
1322 1019 1356 1086 in
1383 1040 1450 1104 quo
1475 1041 1495 1085 a
1516 1015 1604 1086 curis
1626 1016 1838 1093 oeconomieir
1859 1022 1895 1086 &

279 1105 493 1195 &coniugii
519 1108 762 1183 oblocutionem
791 1105 978 1202 suscipiunt.
1038 1121 1076 1184 lo
1100 1113 1258 1206 coniufilo
1280 1112 1393 1184 liberte
1420 1110 1551 1186 servitiu
1572 1110 1624 1206 sua
1646 1111 1788 1186 ccclefiae
1808 1137 1895 1202 ρετ-

279 1197 571 1280 masculisennum
587 1232 642 1299 ¹4·
658 1212 691 1280 in
712 1205 1000 1280 iornenl'icannum
1023 1233 1076 1284 ιιι
1099 1208 1238 1285 liabent.
1313 1216 1377 1285 Sed
1404 1215 1480 1300 quic
1507 1215 1719 1299 postmodum
1749 1213 1894 1283 ultiones

263 1304 322 1400 :etl
344 1303 565 1390 praellctrdum
592 1291 674 1378 illud
696 1329 810 1377 votum
831 1305 980 1379 sufficere
997 1332 1076 1379 cen·
1087 1303 1302 1399 sentiebant,
1328 1335 1365 1382 ac
1381 1308 1449 1382 siue
1468 1331 1547 1380 notu
1563 1310 1709 1382 levitatis
1727 1315 1761 1382 &
1776 1311 1894 1380 incon·
2020 1330 2025 1342 ·

273 1393 1075 1498 ·scnt.cap.t‹lnolltamri.deregularib.c.Signi.
1099 1410 1220 1479 sltotiae
1247 1412 1336 1498 apud
1358 1405 1550 1479 christianos
1579 1402 1611 1480 se
1629 1430 1696 1479 noo
1720 1403 1811 1496 posse
1833 1430 1894 1478 uu·

276 1493 429 1570 ficetum.
453 1523 484 1572 c.
509 1523 586 1570 cunr
605 1504 727 1572 airum.
752 1501 804 1572 tit.
824 1506 948 1575 eod.-c.
964 1503 1076 1594 puella
1100 1503 1180 1576 bere
1200 1503 1452 1596 intelligebant,
1477 1507 1609 1575 cundem
1629 1507 1760 1591 penitus
1781 1504 1824 1574 rb
1838 1527 1894 1574 ec-

280 1619 344 1670 co.
363 1621 396 1684 q.
411 1622 450 1682 ,2.
486 1595 675 1668 Concilium
697 1597 896 1670 Trullnnom
915 1623 989 1676 can.
1004 1605 1074 1670 XL.
1099 1599 1193 1670 elefia
1207 1602 1422 1683 deficiebant,
1448 1622 1484 1670 ut
1499 1597 1623 1687 absque
1634 1597 1894 1689 exprobratione

278 1703 318 1770 dt
344 1694 522 1768 concilium
544 1690 760 1769 Triburicnse
775 1719 846 1768 can.
861 1702 984 1768 XXlV.
998 1719 1074 1785 per·
1098 1699 1221 1787 Joeaeit
1245 1694 1298 1768 vel
1318 1695 1500 1788 gentilibus
1523 1700 1648 1768 meritis
1667 1697 1793 1770 nubere
1816 1693 1894 1788 pos·

276 1795 421 1866 mittunt
450 1789 685 1883 profeffionem
712 1795 812 1865 ctiam
843 1815 919 1865 tute
951 1818 1074 1866 annum
1098 1791 1188 1876 sent,
1213 1793 1277 1866 hoc
1300 1796 1382 1866 tristi
1396 1793 1570 1866 viduorum
1585 1795 1717 1866 illerum
1737 1794 1893 1884 exemplo

287 1917 344 1965 η.
382 1890 571 1964 Concilium
586 1894 681 1963 Trid.
702 1886 770 1963 sess.
784 1897 890 1964 XXV.
910 1915 981 1963 can.
997 1897 1072 1962 XV.
1096 1891 1264 1980 apostolus
1291 1891 1463 1980 permotus
1489 1914 1617 1966 etatem
1642 1900 1699 1969 60.
1725 1917 1892 1986 tonorum
1981 1949 1985 1958 .

279 1991 414 2074 stetuit,
437 1987 665 2087 prosefflonem
689 2012 754 2059 non
770 1988 883 2061 debere
892 1989 976 2085 fieri
997 1999 1075 2060 onte
1097 1987 1272 2074 definivit,
1297 2015 1396 2080 quam
1412 1997 1585 2083 tdtingerc
1608 1993 1705 2064 vitlua
1718 1991 1890 2075 debuerit,

278 2109 408 2161 meum
447 2101 500 2163 16,
585 2087 800 2159 Bellarminut
835 2092 877 2158 de
918 2086 1072 2161 monach.
1097 2112 1274 2176 antequam
1295 2090 1329 2158 in
1350 2089 1432 2160 illud
1449 2089 1630 2180 collegium
1649 2094 1822 2161 viduorum
1839 2113 1892 2160 te-

275 2203 311 2260 'c.
330 2183 478 2258 XXXV}
494 2190 576 2256 eluas
590 2183 830 2276 propositiones
844 2188 884 2256 de
906 2179 1000 2258 aetate
1016 2209 1073 2255 vo·
1097 2191 1288 2277 ciperetor,
1313 2209 1452 2277 propter
1469 2188 1655 2276 periculum
1678 2175 1800 2260 scilicet
1820 2187 1894 2275 lep·
1952 2173 1959 2202 ‘

272 2287 432 2358 pennum
450 2279 584 2355 format.
636 2289 729 2353 Prior
742 2281 890 2366 haecell,
919 2287 1009 2370 quo'd
1028 2283 1075 2356 aa'
1098 2284 1167 2370 sus,
1192 2287 1247 2356 eoi
1266 2287 1409 2356 iuniores
1431 2281 1504 2356 sont
1523 2284 1692 2370 subicere,
1719 2310 1798 2373 quas
1814 2307 1894 2374 pro·

275 2369 839 2484 uutususcipieetdncontinentie,
880 2377 1074 2456 obedientie
1098 2387 1232 2457 indeed
1254 2384 1447 2474 coniugium
1465 2383 1664 2476 ablegandus
1684 2382 1747 2455 esl'e
1769 2377 1889 2457 censet.
2034 2457 2036 2462 ,
2164 2371 2167 2378 ’

247 2569 250 2574 ,
284 2481 329 2558 8
343 2481 555 2582 paupertatis
573 2481 763 2574 requiretur
777 2477 906 2574 quidem
923 2492 1073 2564 enatus,
1103 2488 1144 2554 Et
1162 2484 1368 2570 quirendum
1392 2480 1452 2552 huc
1471 2484 1505 2552 io
1528 2504 1622 2571 porte
1646 2483 1816 2571 virginum
1842 2483 1893 2551 iu·

280 2585 321 2658 itt
432 2582 475 2678 fit
490 2577 568 2676 usus
584 2577 685 2652 liberi
705 2576 862 2663 arbitrii,
884 2573 947 2672 sed
968 2575 1028 2650 ubi
1045 2579 1075 2650 is
1097 2584 1233 2653 niorum
1258 2581 1304 2651 esl
1331 2581 1444 2658 tutio,
1480 2603 1553 2666 quat
1583 2583 1781 2664 viduarum,
1817 2582 1893 2650 ideo

280 2680 332 2756 ad
348 2679 450 2766 eterit,
461 2719 465 2730 ·
477 2679 515 2752 t‘et
537 2701 723 2774 quacunque
742 2687 841 2748 atate
862 2675 963 2748 licere
986 2675 1075 2748 tolia
1099 2682 1188 2750 idem
1210 2681 1254 2750 de
1271 2676 1338 2747 illis
1360 2677 1459 2749 debet
1484 2673 1547 2748 else
1570 2680 1748 2758 iodicium,
1777 2702 1814 2746 ac
1832 2679 1893 2747 lle·

279 2789 365 2872 volu
380 2775 577 2876 nuncupure.
618 2774 780 2872 Pollerior
795 2772 837 2844 fio
851 2772 970 2853 habet,
986 2779 1075 2862 qood
1100 2778 1222 2848 tuenda
1254 2772 1325 2844 lucc
1346 2773 1508 2865 praetulit
1532 2777 1675 2866 regula,
1703 2775 1794 2861 quod
1813 2796 1894 2861 pro·

282 2879 333 2956 etri
344 2877 572 2980 ptosefflo'nem
592 2867 761 2972 publicum
778 2871 962 2968 expetentia
979 2874 1020 2962 fit
1037 2894 1076 2944 ea
1099 2896 1177 2964 pter
1199 2873 1371 2962 pericula,
1399 2897 1471 2960 quae
1494 2895 1533 2943 ex
1554 2896 1595 2944 eo
1620 2874 1699 2945 oriri
1718 2873 1893 2962 experien-

283 2991 392 3065 aetes,
419 2999 520 3074 quom
555 2976 642 3070 leges
668 2965 806 3063 erilesae
832 2970 1075 3068 praescribunt,
1100 2976 1145 3043 tia
1167 2972 1327 3049 testatur,
1360 2970 1401 3041 iu'
1419 2970 1556 3042 iuvenili
1582 2995 1620 3042 ac
1643 2969 1771 3041 lubrice
1796 2989 1894 3054 crete

281 3099 439 3178 μαργο
465 3087 647 3173 temporum
671 3069 712 3145 ὃ
730 3071 877 3143 locorum
891 3069 1000 3145 'eliber
1012 3081 1079 3143 tta·
1099 3073 1141 3142 cd
1156 3068 1329 3140 colluatur
1346 3061 1584 3156 professionem
1602 3094 1639 3141 tt
1656 3089 1773 3142 votum
1794 3089 1895 3144 nemo
2029 3075 2033 3084 '

281 3189 317 3253 te
336 3177 525 3280 exstiterint
549 3173 666 3246 uarie.
718 3170 835 3240 l’rorin
857 3163 959 3256 ipsam
1024 3192 1076 3240 re·
1101 3167 1140 3240 stt
1164 3167 1427 3256 adstringendae.
1494 3167 1658 3262 Quamvis
1679 3167 1731 3238 lex
1755 3163 1897 3238 mosaice

280 3273 409 3368 spicere
424 3274 582 3356 velimus,
603 3265 796 3356 reparabit,
812 3262 1075 3339 veriffimumes·
1100 3272 1205 3339 Num.
1230 3269 1336 3335 XXX.
1368 3287 1421 3337 ιο.
1452 3268 1487 3335 in
1515 3290 1639 3356 genere
1672 3265 1893 3353 pronunciet:

280 3373 343 3460 se,
380 3377 469 3462 quod
492 3376 527 3443 in
557 3376 644 3460 Aug.
671 3361 803 3438 consuli.
828 3390 901 3454 cap.
923 3369 966 3438 de
992 3366 1078 3434 votis
1108 3363 1227 3439 Vsum
1258 3357 1299 3433 8
1320 3362 1500 3458 repudiata
1528 3361 1690 3457 quidquid
1713 3360 1895 3439 voverint,

282 3471 438 3548 monath.
461 3472 607 3544 dicitur:
647 3464 898 3559 quotusquisque
928 3460 1078 3558 consulto
1101 3461 1257 3538 reddente
1281 3481 1391 3532 tamen
1408 3459 1525 3550 Paulus
1540 3459 1706 3530 viduitatis
1720 3455 1894 3548 proselitu-

282 3573 413 3668 poot's?
472 3564 597 3644 Puella
623 3560 663 3637 8
688 3559 930 3657 adolescentes,
968 3563 1079 3659 prius·
1101 3585 1178 3637 nem
1192 3555 1893 3637 iniunioribusviduioreiitiendutustatuit,
2041 3575 2045 3582 ·

281 3673 384 3771 'quam
412 3667 561 3741 iudicare
580 3657 737 3760 polline,
767 3659 1008 3758 persuadentur
1033 3657 1080 3732 nd
1101 3687 1140 3750 ae
1159 3656 1377 3732 Timotheum
1392 3652 1585 3746 episcopum
1608 3656 1764 3740 instituit,
1790 3677 1828 3726 nt
1848 3656 1913 3762 ἐπὶ
1937 3663 1944 3668 “

281 3767 491 3852 vovendum,
517 3763 683 3838 interdum
699 3761 800 3832 etiam
815 3771 987 3856 teguntur.
1008 3765 1080 3830 Noe
1103 3767 1182 3830 duas
1205 3757 1372 3834 iuniores,
1396 3754 1460 3826 hoc
1478 3757 1542 3834 ell,
1566 3763 1626 3826 60.¹
1644 3756 1737 3825 annis
1753 3755 1898 3826 minoret

237 3869 241 3874 ’
282 3870 364 3942 huic
391 3865 568 3942 adsertioni
590 3869 624 3933 te
651 3862 746 3950 praxi
771 3857 947 3948 pontificiae
972 3881 1079 3944 oppo·
1102 3857 1146 3928 ab
1168 3853 1230 3925 ltuc
1249 3848 1451 3943 professione
1469 3855 1642 3942 repudiet,
1668 3862 1702 3925 ὅ(
1723 3855 1763 3922 ael
1783 3854 1900 3924 coniu-

296 3975 324 3998 ·'
544 3962 652 4032 aimus
690 3964 741 4040 r.)
774 3954 896 4030 didam
923 3953 1082 4052 aposloli·
1104 3957 1159 4047 gia
1182 3955 1302 4023 mittat.
1358 3959 1469 4025 Annus
1491 3973 1578 4041 ergo
1597 3951 1744 4020 decimos
1764 3969 1900 4040 quartur

286 4060 402 4126 eontra
440 4077 496 4120 ur·
537 4055 642 4141 euru,
683 4057 806 4130 tTim.
820 4063 860 4126 V.
882 4081 914 4140 9·
964 4051 1081 4127 Vidua
1105 4050 1159 4125 vel
1174 4072 1214 4122 eo
1230 4049 1338 4120 adhuc
1356 4050 1466 4122 minor
1480 4054 1627 4122 nondum
1647 4048 1693 4118 cll
1710 4047 1900 4136 legitimum

282 4135 497 4286 ἕψω·
547 4155 780 4251 eligaturnon
798 4141 1083 4246 minorsexagin'i
1104 4152 1208 4222 artatis
1231 4159 1387 4236 tempus,
1420 4159 1629 4234 quo'votonr
1646 4139 1783 4217 solenne
1800 4141 1901 4228 ftoeli·
1957 4217 1960 4224 ,

284 4235 498 4364 gffi'am'
548 4254 714 4329 irc-utteris.
732 4280 833 4329 intr.
877 4247 1083 4348 Adolesceu·
1104 4247 1199 4320 batur
1224 4248 1313 4338 exigi
1339 4242 1393 4315 vel
1420 4241 1536 4334 suscipi
1559 4239 1674 4333 poffit;
1707 4264 1787 4313 tunc
1809 4244 1900 4316 enini

354 4345 393 4440 V]
408 4389 439 4456 9,
463 4340 497 4390 ”
547 4357 652 4427 tiores
673 4362 782 4422 autem
809 4350 931 4425 uiduus
953 4377 986 4428 rr
1031 4375 1084 4422 aer·
1106 4346 1253 4418 nondum
1278 4346 1425 4416 constare
1449 4347 1585 4431 potest,
1617 4367 1659 4412 an
1685 4339 1766 4411 atlstt
1794 4344 1903 4413 conti·

546 4456 593 4528 τῦ
619 4451 763 4526 relicere
792 4478 826 4526 v.
859 4473 912 4536 14.
1027 4447 1082 4520 olo
1106 4429 1388 4526 nentiae'elonum‚
1414 4438 1466 4511 sed
1486 4437 1667 4530 exspesitri
1683 4437 1783 4512 tlebet
1799 4464 1903 4512 onnus

285 4555 436 4634 malens
457 4548 578 4625 viduas
598 4547 736 4632 nubere,
756 4571 796 4621 ete
815 4548 1012 4644 occafionem
1026 4543 1082 4616 eass
1105 4537 1332 4632 professionis,
1359 4563 1460 4625 quem
1477 4536 1546 4630 ipsa
1568 4536 1728 4628 scriptura
1745 4539 1905 4609 determi-

285 4650 577 4732 somniantium
599 4646 806 4745 aduersario.
854 4649 943 4719 Cum
965 4645 1083 4716 Paulus
1105 4662 1180 4711 nat:
1204 4663 1243 4708 rc
1259 4637 1400 4728 proinde
1425 4635 1448 4706 st
1472 4657 1614 4725 propter
1637 4637 1769 4704 decreta
1792 4635 1906 4725 ponti·

258 4751 379 4828 -sua'm
403 4757 445 4825 de
465 4751 623 4823 coelibatu
639 4744 835 4819 sententium
860 4741 1003 4817 ecclesis
1027 4767 1082 4813 cr·
1106 4735 1175 4810 ficis
1188 4735 1285 4808 liberi
1303 4732 1375 4804 sunt
1393 4759 1510 4806 ancxu
1533 4733 1619 4815 voti,
1642 4727 1807 4819 quiinfra
1822 4757 1904 4824 pro·
2018 4802 2020 4808 ,

288 4847 466 4948 posuisset,
494 4852 582 4934 quod
605 4845 643 4916 fit
667 4843 753 4915 utilis
779 4863 921 4933 propter
941 4836 1083 4929 prusen-
1106 4835 1410 4914 butionisennum,
1435 4857 1535 4918 quem
1560 4828 1619 4920 ipfi
1643 4832 1903 4924 constituerunt,
2018 4843 2026 4856 “

288 4973 363 5025 tem
379 4943 618 5028 necesfitatetn,
648 4943 887 5031 &expeditior
904 4943 947 5010 ud
968 4965 1084 5012 curon-
1109 4934 1302 5020 coelibatum
1324 4953 1507 5009 voverunt,
1533 4953 1594 5004 cur
1615 4950 1682 4998 nort
1708 4930 1815 5001 multo
1836 4956 1907 5003 ma·

288 5037 409 5134 doec,
442 5070 515 5133 quae
539 5040 611 5128 sunt
627 5041 782 5126 Domini,
806 5031 954 5110 iuniorer
977 5040 1084 5108 viduae
1111 5037 1161 5124 gis
1180 5052 1322 5121 propter
1341 5033 1512 5100 decretum
1536 5023 1674 5115 aposloli
1692 5023 1789 5096 libc'ri
1808 5050 1908 5101 erunt

288 5145 376 5220 illud
395 5141 575 5226 confilium
593 5162 755 5234 protextu
779 5138 911 5211 maioris
936 5131 1086 5212 santern-
1111 5155 1228 5205 anexu
1242 5128 1329 5207 uoti,
1348 5127 1437 5215 quod
1450 5123 1536 5206 inim
1551 5119 1758 5216 probotionis
1772 5109 1909 5208 tonuin,

346 5239 440 5324 Tem.
464 5235 577 5319 XVI.
1161 5227 1179 5300 l
1806 5245 1907 5332 ‘luem
1970 5313 1972 5318 ,
2006 5273 2008 5278 ·
