4884 5984
349 451 351 455 ’
441 521 517 600 240
567 504 717 623 rocos
742 476 994 584 moneat.
1020 507 1065 580 x.
1092 506 1306 587 sacrorn.
1328 506 1440 585 aar.
1465 504 1509 578 u.
1534 492 1700 581 neme.
1725 492 1776 581 rt
1798 505 1960 580 rnatu
1981 508 2035 581 nr.

441 680 578 776 pollet,
604 706 644 759 ut
658 689 760 759 tadio
787 688 952 783 coniugis
977 689 1035 761 vel
1049 711 1097 760 cx
1120 706 1246 759 mutuo
1281 685 1396 758 statim
1413 686 1688 759 matrimonium
1705 684 1871 781 separari
1894 687 2009 781 poteli.
2046 688 2075 759 Si
2094 742 2096 753 .

444 781 548 873 patio
573 789 719 878 quercla
732 788 774 856 de
794 789 1002 879 impotentia
1021 784 1246 871 instituatur,
1283 784 1330 855 est
1349 786 1559 877 impotentia
1578 784 1803 878 molejr'cialis,
1833 790 1936 855 iuxta
1958 787 2072 855 monni-
2094 870 2096 879 Ι

395 883 399 887 ’
444 878 1246 977 idcofinefirmationeobcorpornminhabili-
1281 881 1506 952 stassolvinrr
1523 884 1829 985 matrimonium,
1862 881 2070 975 hpolltrien

441 993 554 1048 tatem
566 981 838 1051 matrimonium
848 1003 918 1049 non
938 981 984 1051 est
1003 982 1148 1051 irritum
1163 1002 1246 1072 pro·
1280 981 1399 1049 nalem
1422 979 1722 1065 cohabitationem
1741 980 1927 1050 iuraverit
1946 1001 2070 1072 uterque

319 1104 324 1114 .
434 1077 699 1148 nunciandum.
741 1077 1075 1170 Veraeimpotentiae
1097 1080 1244 1148 nomine
1279 1078 1336 1147 vir
1360 1084 1505 1147 &uxor
1529 1075 1790 1170 cauo-septima
1817 1099 1934 1148 manu
1955 1079 2070 1170 propin·

442 1169 666 1268 intelligitur.
682 1198 750 1263 ea,
779 1197 858 1269 quac
881 1172 1105 1271 congretlum
1120 1177 1243 1245 coniu·
1279 1192 1458 1267 quorum,
1473 1176 1569 1265 quod
1585 1195 1782 1266 nunquam
1793 1176 1987 1246 carna-liter
2000 1196 2069 1244 corn

438 1269 563 1362 galem
585 1274 727 1364 penitus
753 1275 927 1366 impedit,
954 1297 1024 1343 non
1052 1297 1121 1358 ca,
1163 1294 1242 1365 quae
1277 1271 1417 1342 misceri
1434 1272 1638 1372 potuerint,
1667 1274 1856 1343 rationem
1874 1275 1973 1343 addit
1987 1270 2069 1368 glotlt

441 1370 685 1458 generationis
720 1375 892 1442 duntaxat
927 1369 1095 1442 effeunm
1136 1372 1243 1439 inter·
1277 1370 1313 1438 in
1339 1390 1414 1461 cap.
1437 1365 1532 1437 final.
1555 1391 1600 1464 x.
1626 1370 1670 1438 de
1699 1369 1791 1464 frig.
1819 1379 1857 1441 dc
1880 1371 2069 1465 maleique

434 1467 577 1552 vertit,
611 1469 706 1538 unde
734 1466 922 1542 scholastici
949 1467 1169 1563 distinguunt
1190 1470 1243 1537 in·
1270 1463 1442 1563 progreffn
1462 1471 1613 1551 temporis
1636 1469 1712 1536 talis
1732 1472 1935 1558 impotentia
1957 1494 2068 1538 renote-

438 1578 493 1630 ter
521 1565 743 1655 impotentiam
769 1571 812 1634 ad
828 1569 1046 1662 generationis
1070 1565 1176 1636 atium
1208 1574 1242 1638 &
1275 1569 1307 1632 ri
1316 1566 1417 1656 solet,
1454 1566 1555 1657 atqui
1567 1587 1633 1635 nec
1654 1566 1749 1634 dolas
1764 1589 1837 1635 nec
1860 1569 2004 1638 errario
2026 1569 2067 1637 tali

436 1660 658 1750 impotentiam
678 1668 946 1762 regenerationis
964 1661 1104 1761 ffiinnr
1121 1711 1136 1738 ,
1167 1687 1239 1735 non
1276 1662 1666 1756 coniugiointercellit,
1690 1665 1849 1755 quando
1862 1668 2019 1736 alterutri
2028 1666 2068 1734 tel

437 1757 532 1844 haec,
556 1759 612 1831 sed
634 1763 694 1833 illa
712 1765 883 1834 duntaxat
904 1763 1176 1832 matrimonium
1193 1763 1239 1831 ir·
1273 1760 1420 1852 utrique
1448 1758 1647 1854 coniugum
1673 1783 1739 1853 per
1771 1759 1957 1834 fascinum
1980 1765 2067 1858 impe

436 1855 547 1926 ritum
573 1860 700 1931 reddit.
752 1855 944 1931 Canonillae
964 1861 1007 1929 ad
1035 1859 1240 1952 specialiora
1273 1859 1383 1928 tentia
1404 1855 1642 1943 conciliatur,
1683 1859 1778 1927 adde
1797 1863 1904 1951 quod
1929 1865 2066 1933 ultraan

429 1950 676 2042 descendunt,
705 1956 760 2027 sed
794 1955 875 2025 calli
899 1958 1048 2048 pudoris
1077 1954 1239 2027 habenda
1274 1955 1486 2026 numetiam
1500 1955 1647 2025 tertium
1663 1956 1892 2048 impotentia
1919 1958 2039 2053 perias
2049 1961 2055 1973 '

436 2047 484 2118 est
503 2055 620 2138 ratio,
647 2062 680 2124 δι
699 2055 888 2147 prudentia
908 2054 1037 2123 iudicis
1060 2075 1105 2122 ex
1129 2073 1239 2147 gene·
1272 2073 1363 2121 num
1381 2050 1479 2120 illata
1496 2051 1646 2137 durare,
1671 2073 1714 2122 ac
1735 2054 1985 2129 nihilominus
2001 2054 2066 2151 polt-

435 2147 502 2214 rali
524 2149 649 2243 regula
669 2153 793 2223 eadem
814 2149 916 2219 facile
935 2151 1091 2244 colligit.
1113 2149 1161 2240 3.)
1177 2150 1235 2220 An
1269 2147 1531 2241 catulli-polin,
1547 2149 1618 2218 iam
1629 2171 1716 2220 vero
1732 2170 1895 2245 propter
1910 2158 2063 2226 eamduo·

435 2239 474 2312 stt
503 2243 713 2337 impotentia
742 2248 885 2338 confiant
909 2256 942 2317 δι
958 2260 1131 2340 perpetuo.
1195 2248 1233 2318 Si
1270 2261 1367 2315 taxat
1392 2244 1642 2338 impotentiam
1664 2248 1830 2318 irritum.
1846 2254 2063 2342 pronuntiar-

434 2339 532 2407 enim
558 2343 694 2428 ratione
724 2346 834 2416 aetatis
859 2346 894 2413 in
921 2342 1168 2437 impuberibus
1188 2341 1236 2415 est
1269 2339 1422 2437 dumest
1443 2342 1738 2431 matrimonium,
1767 2350 1856 2437 quae
1876 2345 1929 2418 est
1946 2346 2061 2443 prorsus

432 2435 658 2524 inhabilitas,
683 2462 831 2535 propter
847 2462 926 2511 eam
940 2461 1013 2510 non
1030 2439 1078 2510 est
1091 2442 1236 2512 irritum
1269 2437 1491 2509 incurabilis.
1540 2437 1684 2513 Radius
1705 2442 1828 2535 igitur
1862 2444 2062 2541 fecerirrtpii

432 2530 639 2606 faciendum
666 2539 968 2623 matrimonium,
993 2537 1168 2632 fiquidern
1193 2558 1234 2609 ea
1265 2536 1468 2631 coniuges,
1507 2535 1801 2629 himpotentiam
1819 2564 1896 2633 per
1913 2543 2060 2615 sarchan

432 2631 629 2725 corrigimr
650 2633 835 2730 progrellu
848 2634 1049 2728 temporis3
1075 2636 1170 2706 unde
1184 2654 1232 2706 et·
1267 2629 1329 2701 fibi
1344 2631 1479 2702 illatam
1499 2634 1815 2721 animadvertant,
1845 2656 1891 2708 ut
1914 2644 2058 2733 poeniten

430 2723 505 2796 iam
524 2750 660 2802 certum
677 2752 819 2827 tempus
834 2729 1028 2824 exspectari
1044 2729 1151 2817 solet,
1171 2753 1232 2805 an·
1266 2726 1337 2814 tia,
1363 2726 1455 2813 fide,
1492 2729 1658 2823 precibus
1674 2740 1740 2801 &e
1768 2755 1904 2806 contra
1932 2738 2058 2810 satanan

430 2842 578 2916 tequam
608 2850 755 2923 propter
777 2825 1025 2927 impotentiam
1053 2827 1113 2899 fiat
1135 2825 1230 2924 sepa·
1262 2844 1453 2920 pugnent,
1494 2848 1604 2920 quam
1631 2826 1822 2929 hpropter
1847 2855 1936 2906 eam
1961 2837 2056 2911 matri
2082 2878 2086 2893 ·

429 2921 542 3006 ratio,
569 2944 640 3016 qua
659 2930 701 2997 de
725 2949 763 2999 re
781 2924 965 2999 canonista
985 2922 1227 2998 hc'libtuunt:
1264 2922 1430 2994 monium
1459 2923 1606 2996 irritum
1625 2929 1868 3020 pronunciari
1890 2928 2056 3026 postulent.

428 3015 520 3087 hest
536 3020 746 3114 impotentia
766 3024 967 3111 namralis,
993 3046 1035 3095 ac
1054 3024 1231 3095 veraciter
1262 3018 1321 3113 4)
1347 3019 1406 3089 An
1430 3018 1468 3089 fit
1499 3021 1709 3115 impotentia
1731 3026 1960 3110 incurabilis,
1994 3051 2054 3124 otto

427 3133 494 3208 per¹
512 3115 610 3210 hgna
633 3121 810 3194 evidentia
831 3123 874 3194 de
900 3122 1135 3216 perpetuitate
1161 3121 1227 3192 im·
1262 3117 1360 3219 enim
1382 3118 1551 3218 remediis
1580 3119 1746 3191 adhibitis
1771 3127 1918 3221 corrigi
1943 3125 2055 3224 potcll,

425 3215 592 3304 potentiae
611 3217 741 3289 constat
760 3221 899 3306 ,nullo
918 3239 1080 3315 tempore
1107 3216 1226 3314 exspe·
1260 3230 1386 3285 e'anon
1401 3213 1447 3302 est
1468 3217 1773 3309 impedimentum
1793 3225 2054 3298 matrimonium

424 3305 542 3396 diato,
570 3311 627 3385 sed
640 3313 754 3386 statim
769 3317 915 3389 solvitur
930 3313 1225 3406 matrimonium
1260 3313 1468 3383 dirimens..
1495 3336 1570 3408 cap.
1598 3316 1656 3384 En
1674 3315 1793 3388 litteris
1816 3317 1897 3393 &a
1919 3327 1961 3395 de
1984 3322 2055 3417 fr'g.

426 3404 551 3478 sivero
564 3413 740 3483 veraciter
757 3414 901 3509 probari
920 3435 960 3483 ea
974 3414 1123 3505 nequit,
1140 3432 1225 3485 tunc
1260 3407 1421 3480 &malci
1446 3410 1646 3482 scholastici
1671 3413 1796 3487 dicunt
1813 3464 1827 3502 ,
1870 3419 1984 3493 aliam
1999 3422 2051 3490 im·

425 3505 557 3573 triennii
579 3527 721 3602 tempus
745 3509 939 3605 exspectari
953 3510 1115 3596 iubetur,
1144 3509 1224 3601 (lu-
1259 3507 1455 3600 potentiam
1489 3510 1676 3579 excludere
1704 3512 1816 3618 adon»
1841 3516 2051 3610 feretum.

422 3598 593 3676 stinianus
616 3607 639 3675 l.
655 3609 692 3677 in
711 3608 833 3679 causis.
852 3629 909 3682 10.
929 3606 968 3679 C.
979 3609 1026 3690 ,dc
1039 3610 1221 3701 repudiis,
1258 3605 1366 3678 aliam
1383 3602 1553 3678 duntaxat
1568 3606 1675 3705 atium
1685 3610 1907 3705 proesmtene.
1959 3610 2050 3710 5.)·Si

420 3699 579 3769 biennium
593 3703 723 3798 statuit)
742 3727 814 3799 quo
830 3704 1074 3802 praeterlaplo,
1091 3704 1222 3777 stuter·
1258 3699 1306 3772 est
1317 3701 1525 3795 impotentia
1533 3710 1742 3797 praecedens,
1775 3733 1860 3784 nera
1875 3762 1890 3792 ,
1909 3728 2048 3810 perpetu

424 3815 495 3887 que
526 3797 735 3873 confiteatur
764 3804 1041 3898 impotentiam,
1066 3811 1100 3874 δι
1128 3804 1222 3875 iuret
1258 3804 1291 3870 &
1314 3799 1521 3876 incurabilis.
1545 3801 1833 3897 dispiciendum,
1852 3833 1908 3889 ‚an
1926 3816 1976 3900 is,
1998 3809 2049 3906 qui

423 3913 507 3978 cum
535 3895 681 3990 septima
710 3923 820 3972 manu
848 3902 1137 3996 propinquorum
1162 3902 1223 3974 vel
1256 3917 1340 3968 cum
1358 3896 1554 3990 impotente
1570 3903 1770 3991 contraxit,
1797 3913 2047 3983 nortboldo

420 3991 627 4066 vicinorum
654 3997 754 4068 honae
788 3997 892 4069 famae
919 4046 931 4084 ,
957 4016 1042 4068 tunc
1073 3996 1221 4072 solvitur
1254 3996 1467 4087 impedimenti
1484 3996 1668 4085 habuerit,
1707 3999 1731 4071 sr
1759 4008 1863 4080 enim
1888 4009 1997 4083 sciens
2016 4028 2047 4079 at

318 4170 326 4175 ¹
418 4092 726 4181 matrimonium,
753 4102 787 4166 δι
807 4095 900 4188 parti
920 4091 1008 4164 lanae
1028 4094 1132 4167 dattrr
1156 4118 1233 4189 po.·
1253 4095 1379 4165 volens
1402 4108 1486 4164 cum
1512 4093 1707 4189 impotente
1736 4103 1821 4196 quis
1857 4109 2045 4191 contraxit,

351 4267 353 4271 ⁸
422 4186 1031 4284 testasaliudconiugiumineundi.
1058 4189 1217 4281 (britius
1253 4211 1324 4259 non
1343 4188 1445 4259 facile
1467 4188 1636 4283 separatio
1661 4193 1890 4292 instituitur,
1918 4208 1979 4279 nist
1998 4204 2046 4279 tei·

417 4304 540 4354 autem
569 4287 614 4356 ad
642 4287 867 4358 medicorum
899 4308 940 4359 ac
963 4286 1217 4383 chirurgorurn
1251 4286 1334 4358 licet
1359 4288 1561 4381 periculum
1579 4286 1831 4373 fornicationis
1854 4306 1955 4398 parti
1973 4304 2045 4379 lane

332 4464 338 4471 ,
416 4381 593 4454 iudicium
622 4406 732 4478 quarn
756 4384 801 4455 ad
826 4382 961 4455 biennii
980 4384 1041 4454 vel
1071 4386 1234 4459 triennii·
1250 4382 1465 4477 impendeat.
1514 4407 1590 4482 cap.
1606 4389 1848 4484 consultationi
1867 4401 1945 4483 &a
1963 4421 2045 4483 exta

415 4480 699 4574 explorationem
717 4483 775 4557 hic
796 4482 1035 4577 decurritur.)
1078 4482 1114 4555 Si
1127 4504 1215 4555 vero
1251 4482 1294 4551 de
1313 4481 1441 4578 frig&
1455 4484 1575 4565 meleis.
1599 4486 1694 4561 Beza
1712 4510 1840 4571 umen
1862 4501 1904 4577 in
1919 4500 2045 4574 libndt

414 4598 511 4648 unus
537 4577 781 4666 confiteatur,
809 4586 842 4652 dt
870 4580 959 4652 alter
984 4600 1116 4677 neget,
1141 4601 1215 4653 non
1250 4577 1379 4651 divort.
1404 4580 1513 4652 etiam
1536 4576 1629 4656 illud
1663 4589 1890 4689 coniugium
1918 4601 2045 4673 irritum

416 4672 520 4747 debet
549 4673 702 4769 separari
730 4677 1040 4765 matrimonium,
1072 4677 1135 4749 nist
1159 4679 1212 4766 is,
1246 4676 1559 4770 pronunciandum
1574 4680 1721 4773 statuit,
1745 4694 1928 4780 quinionit
1944 4696 2044 4769 bened

414 4772 479 4863 qui
491 4769 553 4843 stat
564 4792 686 4844 contra
700 4775 992 4860 matrimonium,
1007 4775 1134 4869 probet
1146 4775 1211 4853 im·
1248 4774 1379 4853 &ionem
1395 4776 1556 4852 diuinam,
1581 4781 1703 4853 nullam
1726 4793 1880 4891 coniugii
1884 4797 1989 4890 finem
1998 4798 2042 4867 od·

409 4868 660 4960 pedimemum
681 4893 745 4963 per
775 4868 907 4942 iustum
936 4872 1122 4946 iudicium.
1175 4871 1212 4949 Si
1245 4873 1369 4967 tingit,
1394 4871 1440 4947 Εἴ
1455 4878 1638 4950 continuom
1659 4885 2041 4979 qunſsbomieittieneot·

408 4961 457 5034 est
484 4965 694 5057 impotentia
713 4970 942 5046 accidentalis,
970 4992 1049 5064 quae
1074 4970 1210 5043 nullam
1244 4969 1502 5044 tennemonn.
1532 4977 1604 5068 ¹6.)
1630 4977 2039 5089 Siestimpnremiapm

407 5061 800 5143 conten-curationem
819 5063 1210 5169 necspemsanationis,
1244 5072 1369 5157 redens,
1406 5093 1519 5170 vno„
1539 5088 1728 5171 perpetrm,
1767 5086 2038 5178 emmanu&

402 5209 587 5259 ,μων
850 5244 857 5253 α
1140 5278 1142 5283 ,
1963 5208 2033 5272 m
