4884 5984
545 507 618 581 tte
651 513 668 542 ⁸
782 471 1070 568 mcvsxxvi.
1097 469 1529 547 cervix.ttcr.iii.
1555 467 1725 541 Atinii
1751 463 1938 537 MEMM.

546 679 673 751 nonen
706 671 774 748 lire
802 672 1003 747 ndultetium
1035 694 1119 742 uror
1146 669 1352 746 dimittitur,
1452 667 1674 755 polivit.
1701 657 1787 758 ΙΙΙ.)
1808 660 1859 732 Ad
1879 663 2120 750 argumentum
2139 671 2182 724 ei

546 797 611 856 nee
627 797 694 845 tani
709 795 856 862 propter
867 769 1069 843 adulterium
1081 764 1236 845 dimill'e,
1254 789 1353 853 quini
1377 767 1543 834 contrario
1563 755 1654 829 sensti
1676 760 1814 828 dunum
1832 753 2048 827 Bellirminns
2067 747 2111 821 fic
2125 770 2183 820 ex·

545 895 690 965 propter
705 869 927 943 dimisionem
946 865 1105 941 idultere
1119 864 1182 938 ilia
1197 866 1356 942 instedu·
1376 862 1480 950 cipit:
1509 853 1551 930 Si
1572 878 1779 952 exponamus
1800 849 1901 926 deria
1924 847 2073 922 Domini
2078 831 2104 930 ,'
2120 841 2184 918 itae

403 1039 409 1061 ,
540 963 658 1055 ἀπε,
691 971 770 1058 quia
789 969 870 1040 iulia
892 962 1035 1038 dimillio
1056 963 1252 1056 ppteltttem
1276 983 1355 1031 eon·
1378 956 1496 1030 medo:
1530 951 1600 1051 Qui
1621 951 1789 1050 dimiserit
1807 954 1947 1024 nitorem
1965 945 2085 1044 suam,
2117 941 2184 1041 nisi

547 1069 635 1141 tinet
652 1063 841 1140 manseundi
855 1067 897 1137 ad
913 1062 992 1136 aliar
1008 1063 1152 1151 nuptiis.
1205 1060 1301 1151 Quin
1319 1067 1354 1132 ἀ
1379 1054 1422 1128 ab
1434 1054 1733 1150 fornicationem.
1748 1046 1789 1125 ii
1799 1050 1905 1122 aliam
1919 1046 2075 1130 ditxrrit,
2100 1060 2182 1115 mtt-

549 1165 753 1239 adulterium
791 1165 941 1236 iniuiinin
972 1156 1193 1233 dimittionem
1220 1155 1357 1244 sequent
1379 1154 1517 1238 citatur,
1544 1152 1676 1251 diocesi,
1702 1149 1883 1222 maritatur
1898 1147 1992 1221 iilam
2008 1142 2182 1216 dimittere·

375 1343 380 1352 ,
446 1319 448 1324 -
548 1288 621 1337 iton
642 1263 953 1335 tiateoniinittitur
972 1279 1114 1349 propter
1137 1259 1260 1344 prioris
1279 1280 1359 1325 con·
1381 1253 1441 1338 da,
1466 1252 1547 1348 quia
1561 1250 1655 1345 facit
1678 1272 1751 1320 eam
1776 1245 1950 1328 machari,
1978 1239 2019 1316 8
2045 1237 2185 1314 marita-

548 1364 640 1452 iugii
658 1353 898 1439 dimiffiotieni,
930 1381 1031 1445 quain
1049 1355 1183 1427 alterius
1207 1377 1245 1424 ae
1264 1376 1359 1424 nouae
1383 1349 1567 1425 ruralium
1589 1346 1754 1434 ducmdo,
1792 1346 1871 1443 quia
1895 1341 2034 1440 proprie
2056 1335 2184 1412 adulte·

552 1461 706 1548 maingis
727 1460 931 1529 dudionem.
996 1455 1050 1549 3.)
1075 1457 1274 1526 {evertimur
1297 1453 1360 1544 {gt
1383 1451 1471 1526 rium
1488 1447 1690 1529 committit,
1714 1457 1812 1540 atque
1833 1446 1884 1516 ita
1905 1441 1957 1514 bii
1980 1437 2182 1517 maritatitt

550 1563 611 1628 tur
632 1555 822 1628 Bellirmini
846 1554 994 1636 irc-teeti.
1045 1550 1197 1625 cntinuo
1219 1572 1360 1642 egene·
1384 1546 1680 1623 tentarantrario
1688 1541 1787 1641 smsit
1800 1531 2008 1637 insermdum
2022 1539 2089 1638 es:
2118 1531 2185 1610 Er·

550 1653 618 1729 rili
632 1655 773 1730 divortii
793 1651 1019 1744 prohibitione
1040 1646 1152 1722 cesum
1169 1647 1360 1750 fornicatio·
1383 1671 1430 1745 go
1442 1648 1500 1744 qiti
1557 1656 1650 1746 apter
1655 1639 1922 1738 fornicationem
1935 1636 2086 1712 dimittit
2103 1655 2186 1708 ixa-

551 1754 607 1825 nis
626 1754 795 1838 excipiens
821 1772 1003 1835 utrumque
1030 1749 1207 1837 exprimit,
1243 1749 1360 1830 unius,
1384 1772 1474 1827 rem,
1503 1669 1556 1819 g
1565 1744 1672 1816 aliam
1688 1739 1798 1826 ducit,
1822 1764 1889 1814 nori
1910 1735 2095 1812 mactatur
2116 1730 2182 1813 diso

555 1845 683 1922 seilicet
703 1850 886 1932 idulterte,
924 1842 1146 1920 dimillionem
1171 1857 1206 1918 dc
1228 1843 1362 1916 ulterius
1378 1845 1441 1942 sed
1458 1855 1590 1917 tantum
1604 1840 1731 1937 semel,
1767 1841 1887 1939 idest,
1916 1861 1984 1910 nori
2009 1833 2187 1908 maritatur

480 2001 492 2018 .
547 1949 669 2022 utorio
692 1948 948 2038 inceptionem,
980 1967 1066 2036 ergo
1092 1968 1128 2015 re
1150 1938 1218 2026 ipsi
1241 1943 1362 2027 donet,
1386 1942 1608 2022 dimittmdo,
1633 1938 1697 2036 sed
1709 1938 1822 2032 solum
1849 1938 1956 2010 aliam
1979 1931 2188 2030 accipiendo.

556 2069 702 2138 propter
721 2044 973 2116 fornicationem
994 2044 1039 2113 ita
1060 2042 1159 2112 licere
1179 2042 1363 2112 adulteram
1391 2039 1432 2116 tr
1461 2039 1522 2115 noc
1551 2042 1593 2142 esi
1620 2037 1829 2136 ueriffimum.
1892 2031 1958 2110 Siti
1988 2032 2189 2130 accipiamur

558 2146 753 2223 dimittere,
787 2165 824 2212 ut
848 2141 943 2210 licent
964 2140 1061 2210 iliam
1087 2143 1220 2210 darete.
1242 2139 1363 2212 Manili.
1388 2138 1531 2215 alteram
1546 2127 1805 2235 expuitionem,
1824 2155 1895 2230 qitae
1915 2132 1998 2208 talis
2012 2134 2077 2232 esi:
2110 2125 2190 2228 Qni-

558 2237 697 2328 XiX.9.
756 2234 827 2335 Qui
844 2234 1012 2324 dimiserit
1023 2260 1162 2309 uxorem
1173 2234 1291 2331 sitam,
1312 2237 1366 2309 ni·
1392 2259 1516 2334 cnnptte
1539 2229 1708 2333 dimiserit
1735 2256 1873 2308 uxorem
1897 2231 2026 2329 suam,
2066 2231 2129 2324 rifi
2154 2223 2192 2300 oi

555 2338 589 2438 fi
612 2335 654 2408 ab
678 2335 968 2429 fornicationem,
1012 2331 1053 2407 8
1077 2336 1185 2407 aliam
1206 2335 1366 2414 duxerit,
1385 2338 1669 2435 fornicationem,
1692 2334 1752 2414 loc
1768 2337 1830 2431 est,
1856 2331 1943 2428 quod
1958 2355 2024 2424 iton
2042 2331 2121 2402 iicet
2135 2326 2192 2425 nis

562 2435 756 2522 maritatur.
791 2437 897 2505 Marc.
913 2440 956 2505 X.
977 2455 1030 2504 tt,
1106 2431 1176 2530 Qui
1199 2432 1368 2531 dimiserit
1392 2439 1435 2510 ob
1447 2437 1731 2531 fornicationem,
1761 2430 1801 2506 is
1816 2432 1923 2504 aliam
1939 2427 2098 2514 duxerit,
2121 2445 2192 2500 tua·

438 2525 449 2544 ⁸
564 2556 706 2648 mittem
725 2529 849 2628 suam
879 2526 920 2602 fs
941 2527 1047 2602 altam
1069 2532 1209 2604 duxerit
1230 2529 1367 2620 (subin
1393 2536 1528 2618 citatur,
1556 2534 1765 2605 acontrmia
1774 2529 1874 2626 sensit
1893 2553 1959 2602 non
1973 2530 2077 2627 potest
2094 2521 2193 2619 inser·
2222 2603 2224 2626 Ι

565 2630 683 2723 tellige
706 2653 747 2703 et
769 2628 955 2708 Matheo,
992 2635 1084 2700 cuius
1103 2635 1302 2716 epitomator
1323 2629 1369 2700 eii
1394 2635 1444 2718 ri,
1469 2633 1531 2721 nis
1547 2632 1627 2704 troc:
1659 2627 1756 2724 Ergo
1772 2631 1829 2725 qni
1842 2624 2193 2725 proprersoriiicati'a·
2222 2629 2224 2646 '

566 2733 722 2807 Marcus,
748 2737 887 2821 excepta
900 2725 1147 2818 ‚fornicationis
1164 2726 1370 2897 εαυῘαξζαά·
1395 2758 1467 2805 nem
1489 2720 1636 2802 dimittit
1654 2754 1812 2809 uxorem,
1843 2725 1883 2800 is
1900 2726 2007 2798 air-rim
2025 2725 2119 2796 deicit
2134 2743 2193 2796 nni
2222 2727 2224 2738 '

1308 2821 1370 2896 t'l.
1392 2841 1508 2928 peccat
1535 2827 1762 2912 dimittenda,
1797 2824 1859 2922 seri
1877 2825 1990 2920 salom
2020 2821 2194 2896 maritatur
2215 2829 2224 2896 ,“

566 2825 727 2900 alterium
746 2825 929 2896 committit
943 2822 1044 2921 snper
1068 2848 1150 2899 eam.
1172 2832 1251 2898 Luc.

450 2970 452 2974 -
571 2942 630 3009 ¹8·
688 2920 809 2996 Ontnir
834 2923 891 3017 pti
917 2922 1064 2996 dimittit
1084 2948 1223 2998 uxorem
1244 2920 1371 3018 suam,
1395 2929 1506 3001 uliam
1535 2926 1691 3000 dacmdo.
1764 2925 1863 3017 nup.
1898 2948 1924 2993 ι.
1935 2951 1947 3006 ,·
1983 2921 2095 3014 Eligat
2120 2940 2194 2992 vero

570 3020 618 3096 8
645 3022 753 3094 aliam
778 3021 896 3099 ducit,
933 3021 1173 3116 (subintellige
1197 3023 1312 3095 itidem
1332 3046 1373 3093 ex
1398 3026 1613 3101 Beiltrminuc
1637 3045 1760 3096 certam
1779 3035 1811 3096 ne
1832 3024 2036 3093 constantem
2059 3018 2195 3109 aliquem

494 3133 506 3160 “
569 3117 752 3233 Marthae,
774 3122 846 3232 poli
865 3142 963 3203 ouem
986 3125 1090 3193 Lucas
1109 3117 1254 3208 scripsit,
1279 3142 1374 3216 exce·
1398 3147 1506 3215 textui
1543 3122 1806 3210 expuitionem,
1843 3122 1895 3192 cui
1921 3120 2067 3191 insistere
2095 3116 2196 3194 velit,

566 3229 634 3320 pta
643 3216 895 3311 fornicationis
911 3214 1035 3312 causa)
1057 3216 1246 3290 inmolatur.
1285 3223 1375 3307 Ergo
1398 3222 1604 3296 contervitio
1633 3219 1692 3290 illa
1726 3212 1932 3291 diversarum
1968 3220 2196 3303 exceptionum

572 3319 777 3391 econtrario
794 3311 883 3386 sensu
898 3319 953 3405 qui
969 3313 1013 3384 ob
1027 3315 1279 3388 fornicationem
1298 3337 1376 3386 uio·
1399 3324 1445 3394 esi
1474 3320 1685 3389 inconstantis
1710 3325 1745 3389 dt
1774 3315 1964 3406 vogtbundi
1992 3317 2093 3383 inimi
2124 3310 2199 3382 indi·

573 3438 649 3490 retii
669 3416 822 3494 dimittit,
847 3424 880 3485 &
896 3414 992 3482 aliam
1014 3416 1123 3493 ducit,
1149 3439 1215 3484 noti
1232 3413 1376 3484 moeclia-
1401 3421 1500 3489 cium.
1551 3422 1604 3495 2.)
1623 3417 1717 3486 Prior
1738 3413 1896 3502 eipofitio
1916 3436 1983 3482 non
2005 3414 2053 3483 est
2074 3407 2199 3482 confor-

571 3535 644 3585 tur.
694 3511 752 3607 4.)
773 3512 873 3622 Quod
897 3510 1111 3580 Bellarminus
1133 3513 1242 3590 addit,
1279 3506 1378 3581 Citri-
1402 3518 1464 3586 mis
1482 3510 1591 3585 verbis
1606 3513 1742 3583 Christi.
1794 3510 2049 3583 Christusenini
2072 3507 2199 3580 nondi-

569 3614 661 3713 stum
688 3630 823 3679 omnino
841 3603 1006 3705 ,sustultffi
1029 3610 1217 3705 potestatem
1240 3601 1379 3680 ducendi
1403 3616 1466 3690 cir,
1498 3614 1590 3697 quod
1613 3634 1689 3680 eum
1712 3611 1822 3679 dicere
1849 3607 2068 3681 Bellarminus
2091 3605 2199 3696 fingit:

576 3706 711 3819 aliam,
745 3707 803 3804 ets
828 3704 1017 3802 conceserit
1044 3708 1235 3803 potestatem
1261 3706 1379 3778 dimit·
1411 3706 1480 3807 Qui
1501 3705 1668 3801 dimiserit
1691 3704 1958 3801 uxoremsitam,
1987 3705 2052 3804 nist
2073 3701 2116 3776 ab
2128 3703 2200 3797 sor·

577 3803 670 3920 tendi
683 3828 826 3921 iixorem
854 3815 991 3902 propter
1015 3801 1150 3895 causam
1169 3804 1378 3898 fornicatio·
1403 3808 1624 3892 mirationem,
1651 3804 1853 3887 moriatur,
1882 3801 1923 3875 ὅ
1940 3802 2000 3897 qui
2019 3803 2130 3875 aliam
2148 3803 2200 3873 dit·

576 3928 656 3990 itit,
681 3903 764 3975 illud
778 3924 908 3993 pugnat
923 3926 1000 3972 cum
1015 3901 1090 3989 ipsis
1109 3906 1298 3987 conmittis,
1324 3904 1381 3991 qui
1405 3907 1518 3991 xerit,
1544 3903 1741 3983 moriatur,
1764 3900 1816 3974 sed
1832 3900 1955 3975 Matth.
1970 3908 2012 3972 V.
2032 3926 2087 3992 32.
2108 3903 2201 3972 dicit:

578 4006 767 4077 concedunt
785 3996 933 4087 personet
946 4003 1114 4070 innocenti
1129 4001 1312 4074 adulteram
1332 4003 1381 4072 di·
1413 4002 1483 4101 Qui
1506 4001 1674 4099 dimiserit
1697 4024 1838 4073 uxorem
1854 3997 1955 4094 suam
1978 4010 2119 4094 excepta
2134 3997 2204 4093 sor·

580 4101 727 4209 mittenti
759 4092 914 4168 secundas
940 4098 1095 4186 nuptias,
1135 4097 1380 4170 siadnlterium
1405 4102 1593 4176 nicationis
1611 4098 1731 4195 causa,
1758 4099 1951 4192 faciteam
1969 4091 2206 4179 maritari,&

579 4198 683 4271 suerit
710 4192 955 4307 incestuosum
991 4219 1019 4265 c.
1054 4190 1156 4291 Quod
1181 4192 1382 4295 proposuisti
1406 4203 1464 4298 qni
1482 4196 1650 4297 dimisum
1667 4198 1831 4282 duxerit,
1866 4196 2058 4270 maritatur.
2085 4196 2202 4269 Matth.

584 4291 655 4367 &a
689 4315 719 4367 e.
743 4287 954 4393 Contubuisir
971 4287 1040 4366 &a
1069 4318 1098 4365 c.
1120 4291 1283 4390 Quadam
1309 4319 1382 4365 rum
1407 4305 1497 4373 xix.
1510 4326 1543 4384 9.
1565 4299 1661 4369 dicit:
1693 4293 1763 4394 Qui
1775 4295 1942 4391 dimiserit
1961 4292 2203 4390 uxoremsitam

573 4387 780 4505 Ῐνσίνιβι.
807 4415 861 4479 32.
885 4416 919 4479 q.
934 4413 978 4504 p.
1031 4392 1082 4504 ς.)
1103 4393 1207 4485 Quod
1233 4392 1383 4464 christus
1406 4399 1469 4496 nist
1492 4396 1534 4470 ob
1544 4396 1829 4491 fornicationem,
1866 4392 1906 4467 m
1924 4393 2032 4466 aliam
2055 4394 2205 4476 duxerit.

582 4496 723 4605 repudia
739 4490 795 4562 illi
811 4488 965 4599 vulgarit
975 4501 1104 4583 partim
1123 4491 1381 4586 inprobaverit,
1411 4495 1603 4569 maritatur.
1669 4492 1765 4566 Nihil
1789 4492 1842 4563 hic
1860 4491 2000 4564 habetur
2025 4496 2067 4565 de
2085 4491 2206 4584 duplici

581 4602 711 4691 partim
736 4585 1003 4701 adprobaverit,
1044 4587 1107 4659 hoc
1128 4594 1194 4672 eti,
1230 4594 1318 4677 quod
1336 4593 1385 4662 di·
1411 4595 1609 4686 repetitione
1622 4592 1783 4675 moechiae,
1797 4587 2051 4664 sedabsoluteac
2060 4589 2210 4684 simplici·

583 4685 768 4804 mistionem
789 4689 932 4802 quidem.
946 4683 1199 4775 adprobaverit,
1233 4684 1287 4760 sed
1304 4686 1385 4760 alte·
1408 4715 1460 4764 ter
1478 4694 1677 4779 pronunciet
1694 4689 1861 4774 Christus,
1884 4714 1979 4775 eum,
2002 4691 2061 4776 qni
2078 4711 2212 4779 excepti

584 4811 654 4861 riui
675 4804 901 4875 acceptionem
922 4784 1184 4871 improbaverit,
1213 4785 1296 4857 illud
1324 4783 1383 4855 fal·
1409 4789 1633 4862 fornicationis
1646 4784 1738 4860 causa
1751 4812 1887 4859 uxorem
1904 4789 2210 4867 dimittit‚&tlinnt

445 4968 448 4972 ³
489 4869 503 4884 ⁸
569 4884 656 4957 ·-sum
677 4878 741 4955 else
761 4882 930 4956 manifeste
952 4885 1076 4954 constit
1091 4907 1133 4953 ei
1152 4884 1274 4957 Motth.
1288 4883 1380 4954 ΧΙΧ.
1407 4890 1517 4967 ducit,
1539 4887 1710 4958 moecliari.
1735 4889 1781 4955 Et
1799 4911 1862 4955 una
1876 4882 2105 4973 propositione
2115 4885 2211 4961 Cliti·

565 5001 621 5074 ⁴3.
660 4977 724 5051 Aa
741 4981 904 5092 daritiam
926 4978 1038 5051 cardis
1058 4983 1157 5080 vestii
1172 4978 1289 5076 Moses
1308 4999 1384 5080 prt-
1409 4988 1444 5058 sti
1469 4983 1683 5055 Bellarminnr
1708 4981 1786 5054 ficit
1806 4985 2003 5073 geminam,
2035 4993 2071 5058 ἀ
2090 5009 2164 5073 que
2181 4988 2211 5055 in

563 5082 682 5196 vmisit
701 5078 795 5153 iobii
815 5079 983 5190 dimittere
1005 5101 1128 5156 uxores
1157 5083 1281 5184 vestras
1293 5137 1302 5174 ,
1339 5079 1384 5155 ab
1408 5082 1553 5160 subitan
1582 5081 1733 5157 Christus
1753 5081 1944 5175 coniungit,
1967 5076 2040 5173 ipse
2064 5085 2214 5160 rudiori

581 5183 685 5263 term
702 5188 811 5256 autem
823 5199 889 5254 nan
900 5174 1045 5276 sititste.
2181 5184 2213 5256 ir
