4884 5984
335 539 456 692 νσιμ
503 505 506 522 ’
597 518 747 596 rocus
771 519 896 592 xxvi.
946 517 1048 594 cta.
1071 520 1112 592 v.
1152 520 1306 600 ,nana
1331 521 1376 592 11.
1425 518 1534 593 aar.
1560 523 1603 593 11.
1644 519 1765 596 ants
1787 525 1815 595 r.
1939 455 1944 468 ⁸

378 719 519 793 'distet-a
539 738 653 808 patre,
678 719 884 790 commodius
911 716 1012 789 fuerit
1033 722 1192 801 statuere,
1217 740 1294 789 cum
1316 716 1450 807 cognati
1481 717 1664 797 dicantur,
1693 714 1782 804 quali
1809 714 1908 810 fimus
1918 772 1928 803 ,
1963 716 2034 793 sae

385 821 478 908 quod
489 815 593 890 frater
613 816 746 890 afratre
762 815 905 907 longius,
921 841 1020 906 quam
1036 841 1104 889 uno
1116 841 1193 908 gra·
1216 839 1262 889 ex
1279 813 1389 888 eadem
1405 816 1497 897 nati,
1522 841 1594 903 qne
1613 816 1792 903 adpellatio
1806 820 1947 907 proprie
1962 841 2032 891 non
2052 839 2055 846 ·

385 920 433 992 du
447 920 562 996 distet,
585 927 620 992 δι
632 941 696 1007 per
710 911 910 1003 consequens
927 910 1134 1005 praeferenda
1155 910 1194 985 fit
1218 916 1381 1005 competit
1394 910 1463 985 filio
1479 916 1513 983 in
1528 908 1679 1004 respesiu
1693 918 1735 986 ad
1747 937 1897 1005 patrem,
1920 911 2030 990 sedin

383 1017 465 1107 juris
482 1014 589 1087 civilis
606 1016 836 1103 conmutatio,
865 1021 956 1102 juxta
975 1037 1075 1110 quam
1091 1010 1194 1085 stater
1218 1008 1372 1103 respediu
1391 1016 1433 1084 ad
1450 1009 1614 1094 fratrem,
1653 1038 1730 1085 cuna
1756 1037 1823 1102 quo
1844 1039 1887 1086 ex
1908 1016 2030 1088 codena

282 1193 290 1198 ,
384 1110 521 1187 asratre
541 1114 671 1188 duobus
688 1114 782 1184 distat
803 1111 971 1205 gradibus.
1022 1110 1193 1186 Bellatoti·
1217 1134 1357 1203 parente
1376 1132 1497 1191 natus,
1523 1121 1559 1185 dr
1577 1109 1620 1183 stc
1637 1111 1784 1201 ejusdem
1796 1113 2027 1205 cognatosest.

384 1236 446 1284 nus
474 1208 669 1300 respondet,
695 1214 855 1308 majoram
879 1206 939 1308 esse
957 1210 1194 1309 propinquita·
1291 1220 1319 1304 §.
1340 1212 1490 1285 cctvr.
1524 1208 1769 1300 Tertiarsgula

385 1321 450 1386 rem
460 1309 538 1412 filii
559 1312 607 1383 ad
619 1322 768 1408 patrem,
796 1332 894 1407 qnam
907 1309 1040 1404 fratris
1054 1310 1102 1384 ad
1109 1308 1193 1404 sra-
1215 1308 1419 1382 informatur
1442 1307 1507 1382 hoc
1527 1314 1648 1381 modo:
1686 1303 1772 1406 Quae
1820 1285 2027 1428 mim»

384 1419 468 1506 meaa
496 1411 679 1511 intenstue,
707 1432 774 1501 nan
800 1412 990 1508 tiricastro,
1022 1434 1096 1482 nrm
1126 1431 1195 1482 nan
1212 1406 1363 1508 persana
1379 1407 1591 1503 inaequaliter
1616 1408 1773 1508 distant,
1838 1384 1966 1527 3122*
1978 1385 2025 1432 “⁰

383 1507 482 1608 disier
497 1508 634 1605 longios
646 1507 764 1604 frater
785 1532 806 1581 a
818 1507 954 1603 fratre,
977 1532 1076 1606 qoam
1090 1508 1193 1609 filius
1217 1519 1288 1582 tato
1309 1506 1577 1623 gradadiflant,
1602 1519 1702 1604 quota
1718 1531 1770 1581 ra·
1947 1491 1959 1515 ’

266 1605 279 1635 '
383 1633 406 1685 a
417 1618 534 1706 patre,
560 1610 695 1683 interim
723 1609 759 1681 in
788 1609 913 1705 aequali
931 1609 1094 1711 distantia
1121 1630 1192 1681 ma-
1216 1608 1341 1682 malior
1359 1607 1507 1708 astiprte
1522 1607 1620 1706 abest.
1673 1612 1719 1680 Ex
1734 1608 1970 1681 eamatimom
1990 1603 2028 1678 il·

377 1712 487 1808 jarem
503 1702 563 1805 effa
581 1706 860 1803 conjnniiianam,
901 1704 943 1782 ss
959 1707 1101 1805 proinde
1121 1729 1193 1780 ma·
1216 1707 1273 1781 lud
1288 1700 1466 1780 absurdum
1487 1703 1641 1796 consequi
1655 1726 1796 1796 putant,
1820 1716 1859 1779 ut
1872 1726 2028 1876 unalter-

241 1850 244 1855 ·
377 1810 486 1907 jarem
514 1807 774 1905 obligationem,
799 1832 872 1880 cum
896 1806 1026 1904 gradus
1049 1806 1102 1881 illi
1124 1830 1191 1881 nan
1206 1803 1297 1905 scona
1322 1804 1422 1905 disset
1443 1805 1618 1902 aqualiter
1638 1828 1660 1877 a
1682 1804 1945 1902 multirinaeqaa
1962 1806 2025 1880 iter

368 1910 447 2011 ‘fiat
460 1908 603 2003 ejusdam
621 1909 783 2002 rationis,
841 1906 908 1979 lias
926 1910 1012 2002 enim
1033 1931 1106 1980 cam
1125 1928 1192 2005 pa-
1214 1900 1428 2006 distantibus.
1479 1902 1584 1977 Verbi
1613 1900 1707 1978 causa
1724 1907 1842 1978 Thore·
1863 1903 1903 1977 fit
1928 1906 2026 1996 stipes

383 2017 434 2082 tre
446 2010 628 2106 jungitur,
652 2018 691 2088 aa
715 2005 778 2104 effa
801 2032 862 2079 am
887 2032 959 2079 cum
982 2003 1085 2103 caasa
1108 2029 1192 2104 pra·
1215 2007 1420 2084 communis,
1441 2002 1484 2075 ab
1503 2029 1544 2074 eo
1560 2000 1761 2077 descendunt
1776 2007 1810 2075 in
1834 2029 1901 2077 uno
1923 2000 2027 2077 latere

383 2107 504 2193 xima,
538 2119 576 2180 at
591 2106 709 2202 stater
729 2131 802 2179 anm
821 2105 939 2201 fratre
955 2107 1132 2203 jungitur,
1155 2115 1194 2179 nt
1217 2101 1365 2187 aanor,
1387 2099 1549 2189 Betlsoal,
1576 2100 1717 2184 Laban.
1748 2101 1900 2179 Rachel:
1924 2104 1962 2173 in
1983 2100 2029 2174 al·

289 2223 294 2236 “
383 2203 514 2304 cffillns
541 2208 751 2279 acammrcni
775 2203 876 2300 causa
902 2207 1092 2301 procedens.
1144 2210 1192 2276 Ex
1216 2227 1289 2276 tero
1316 2199 1517 2288 Abrabam,
1546 2199 1665 2300 Isaac,
1690 2194 1824 2302 Jacob.
1888 2200 2028 2279 Schema

383 2304 604 2404 fondamento
624 2303 771 2396 superius
795 2310 940 2378 anduno
957 2299 1192 2396 simplicissime
1215 2301 1255 2376 fit
1273 2300 1362 2377 talc:

381 2400 626 2495 respondetur,
650 2429 717 2476 non
738 2407 877 2494 proprie
895 2403 1050 2476 hocloco
1066 2404 1191 2492 quari,
1540 2395 1648 2479 sisare

382 2528 485 2593 quoto
509 2509 617 2600 gradu
649 2505 734 2574 inter
763 2496 794 2574 se
818 2504 936 2574 distent
957 2500 1101 2575 fratres?
1135 2502 1190 2573 scd
1375 2493 1500 2573 Nabar
1665 2492 1848 2572 Abrabam

381 2625 486 2694 quoto
504 2603 611 2694 gradu
632 2597 772 2671 abfinta
791 2603 961 2671 commoni
978 2603 1097 2691 stipite,
1110 2623 1191 2689 pro·
1370 2594 1516 2672 Bttlroel
1663 2595 1763 2688 Isaac

380 2722 459 2793 pter
471 2710 564 2790 cujus
582 2701 865 2789 propinquitatem
889 2702 1020 2788 nuptias
1033 2703 1189 2788 quasdam
1373 2694 1498 2771 Laban
1661 2688 1786 2797 Jacob

365 2796 548 2894 ¹linguinis
567 2800 761 2871 reverentia
788 2797 973 2887 prohibet?
1006 2823 1083 2870 cunt
1106 2820 1190 2890 ergo
1375 2792 1514 2871 Racltel.

381 2901 451 2973 non
466 2896 524 2969 nisa
540 2922 623 2968 unus
637 2900 760 2989 grados
774 2895 1190 2971 intercomntunemillum
1214 2896 1248 2967 Si
1271 2902 1338 2982 jam
1354 2921 1540 2986 quantur,
1563 2918 1668 2985 quoto
1696 2896 1804 2989 gradu
1827 2893 1924 2965 distet
1946 2886 2027 2995 Ja-

382 3000 528 3089 stipitem
543 3006 578 3070 dc
596 2993 735 3068 fratrem
752 3019 791 3067 ex
811 3019 852 3068 eo
864 3017 975 3067 ortum
991 2997 1188 3082 intercedat,
1214 2994 1315 3068 cobus
1334 3018 1355 3065 a
1374 2993 1535 3076 Raclrelr,
1561 2990 1815 3085 respondebitur
1830 3001 1922 3083 juxto
1941 2996 2026 3084 juris
2047 3047 2054 3054 -

381 3098 458 3172 ideo
470 3097 589 3185 ‘primo
603 3096 758 3166 duntaxat
772 3096 879 3185 gradu
896 3092 1190 3167 fratresexeodem
1214 3096 1366 3165 canonici
1384 3095 1556 3185 regulam,
1581 3097 1699 3167 distare
1716 3103 1857 3189 quarta,
1881 3093 1957 3182 quia
1972 3117 2028 3166 re·

380 3217 489 3289 patre,
505 3192 557 3266 vel
574 3214 678 3266 matre
694 3193 800 3284 geniti
816 3195 934 3263 distare
946 3194 1113 3263 dicuntur.
1129 3190 1191 3262 Di·
1215 3195 1338 3263 morior
1349 3190 1488 3281 persana
1501 3191 1655 3264 videlicet
1676 3190 1804 3267 Rachel
1817 3216 1936 3279 quarto
1949 3217 2027 3286 gro·

381 3295 617 3384 stingoendum
634 3292 814 3382 igiturerit
829 3292 916 3361 inter
933 3289 1053 3361 lineam
1068 3284 1189 3363 reliam
1215 3294 1296 3362 dua
1321 3294 1428 3380 stipite
1455 3293 1561 3363 distat.
1613 3295 1644 3363 Si
1673 3294 1810 3361 ulterius
1833 3314 2025 3378 queratur,

383 3399 419 3468 δι
440 3389 672 3464 collateralem.
728 3394 840 3474 Maior
869 3384 932 3459 else
955 3391 1061 3476 potest
1084 3385 1191 3485 neces·
1215 3412 1329 3477 quoto.
1344 3392 1451 3479 grado
1474 3387 1612 3484 Isarcus
1630 3413 1651 3461 a
1669 3389 1815 3465 Racltele
1829 3393 1945 3471 distet,
1972 3414 2025 3463 re·

221 3561 230 3578 ,
373 3490 489 3594 fitutia
505 3492 591 3561 inter
611 3488 766 3578 personas
787 3490 821 3556 in
845 3486 931 3557 linea
953 3492 1060 3573 recia,
1088 3513 1186 3575 quam
1211 3484 1441 3576 spondendum
1459 3492 1574 3561 itidem
1595 3494 1677 3570 erit,
1698 3501 1836 3586 quarto,
1861 3491 1938 3575 quia
1955 3493 2025 3564 Ra·

380 3593 417 3663 in
431 3586 632 3669 collaterali,
657 3584 735 3657 licet
756 3588 845 3657 idem
866 3582 1043 3674 utrobique
1059 3584 1097 3657 fit
1110 3611 1187 3678 gra·
1211 3586 1353 3658 chelisa
1380 3589 1489 3673 stipite
1509 3592 1625 3661 eadem
1652 3614 1762 3662 manet
1782 3590 1943 3661 distantia.
1992 3590 2025 3661 Si

381 3694 463 3769 dus,
486 3687 533 3760 ibi
560 3688 650 3758 enim
669 3687 715 3756 eli
733 3684 838 3774 major
867 3688 1066 3772 reverentia,
1085 3685 1187 3756 veluti
1211 3690 1392 3773 quartando
1410 3710 1583 3780 pergatur,
1603 3713 1705 3776 quoto
1721 3667 1827 3782 gradu
1842 3682 2027 3776 Abrabam

256 3809 259 3814 ’
380 3790 468 3861 inter
490 3782 674 3874 superiores
707 3792 741 3855 &
763 3780 956 3862 inferiores,
994 3782 1047 3854 hic
1067 3786 1235 3871 minot,a
1267 3782 1428 3868 Rasna,
1458 3791 1573 3858 eadem
1600 3792 1708 3859 danda
1733 3791 1797 3861 erit
1824 3784 1992 3876 responsio
2015 3779 2026 3868 i

254 3957 257 3964 ,
378 3904 498 3976 utpote
527 3886 615 3954 inter
638 3879 787 3967 aquales.
845 3884 994 3975 Quidam
1025 3907 1187 3963 monent,
1211 3876 1581 3979 quidqnarmdiltant.
1631 3893 1676 3958 dt
1689 3887 1891 3960 veliementer
1904 3884 2026 3983 absar-

378 3986 534 4056 adcurate
547 3978 717 4072 loquendo
732 4004 798 4050 non
814 3978 876 4052 else
892 3980 1123 4074 cognationem
1137 3983 1186 4052 in·
1210 3982 1289 4054 dnm
1308 3985 1457 4068 videtur,
1483 3983 1631 4056 camdem
1651 3985 1827 4084 prassinam
1848 3987 2025 4083 aequaliter
2046 4025 2048 4030 v

380 4104 432 4155 tat
453 4102 582 4171 patrem
604 4089 638 4152 &
657 4076 783 4158 filiunt,
810 4075 863 4150 sed
878 4081 1184 4176 propinquitatem,
1209 4080 1332 4180 distare
1351 4082 1395 4154 ab
1416 4081 1485 4155 illis
1507 4082 1641 4167 tribus,
1667 4109 1738 4182 qua
1757 4085 1896 4182 interse
1905 4088 2025 4188 fingu-

379 4183 456 4254 ideo
473 4184 512 4253 ad
535 4179 748 4251 evertendam
765 4177 937 4270 reguiam,
964 4183 1006 4251 de
1027 4179 1184 4270 gradibus
1208 4180 1254 4253 lis
1275 4180 1441 4275 gradibus
1463 4183 1597 4282 distant.
1663 4181 1764 4274 Resp.
1792 4190 1903 4258 denuo
1925 4211 2026 4275 repe·

379 4281 585 4373 cognationis
605 4277 784 4363 traditam,
820 4302 885 4348 non
911 4276 1033 4350 debere
1060 4277 1184 4350 adferri
1208 4285 1348 4352 tendum
1384 4285 1430 4353 est
1458 4280 1713 4355 fundamentum
1743 4282 1892 4375 superius
1920 4290 2027 4359 addu-

378 4377 571 4467 exemplum
588 4376 844 4465 propinquitatis
855 4372 1184 4449 interadscendentes
1216 4382 1325 4465 dmm,
1351 4379 1505 4454 videlicet
1524 4384 1709 4456 distantiam
1738 4385 1791 4455 hic
1816 4388 1952 4457 adtendi
1973 4410 2027 4457 ra·

380 4473 1191 4568 &descendentchramvisenimacanonistis&
1215 4480 1306 4551 tione
1320 4480 1470 4578 stipitis,
1491 4508 1509 4551 a
1527 4505 1593 4567 quo
1616 4487 1738 4571 pendet
1755 4486 1931 4576 cognatio,
1955 4495 2026 4556 'noo

249 4635 261 4672 .·
355 4579 415 4650 -in
432 4575 566 4666 vulgata
587 4572 745 4659 loquendi
764 4570 998 4645 consuetudine
1016 4570 1190 4646 discrimen
1214 4579 1342 4648 ratione
1360 4576 1578 4675 perfitnamam
1603 4582 1690 4655 inter
1713 4580 1808 4677 sesa
1847 4579 2028 4656 absurdum

379 4674 1191 4764 nterpropinqoitatem&cogitationen-..itemque
1213 4679 1356 4765 proinde
1386 4704 1453 4750 non
1484 4677 1572 4763 esse,
1606 4703 1641 4750 ut
1670 4678 1810 4770 persana
1841 4708 1905 4754 una
1929 4684 2029 4755 distet

264 4826 274 4834 .
345 4850 350 4860 =
377 4776 465 4845 inter
496 4770 702 4859 propinquos
735 4780 771 4843 dc
798 4777 956 4863 c‘ognatos
981 4794 1048 4842 tam
1075 4776 1188 4845 exalte
1213 4772 1420 4863 aqualitera
1448 4776 1560 4849 moltis
1581 4780 1784 4866 inaequaliter
1805 4781 2026 4861 distantibus.

376 4896 445 4944 non
472 4870 667 4942 observetur
679 4896 691 4949 ,·
716 4894 767 4940 res
796 4867 862 4958 ipsa
883 4893 994 4942 tamen
1024 4872 1188 4957 ostendit,
1214 4887 1292 4946 curn
1314 4878 1441 4948 ratione
1464 4882 1649 4948 communis
1671 4883 1786 4967 stipitis
1807 4885 1921 4952 eadem
1944 4876 2029 4953 sem·

376 4966 552 5044 discrimen
574 4967 706 5056 aliquod
729 4972 1042 5056 propinquitatis&
1065 4995 1189 5063 cogna·
1212 4997 1275 5061 per
1309 4999 1440 5048 maneat
1468 4978 1658 5048 remotioris
1687 4975 1833 5066 persona
1863 4981 2027 5054 distantia.

376 5071 474 5142 rioms
488 5070 578 5140 reste
594 5069 704 5173 statui,
730 5064 789 5139 filii
809 5072 899 5141 enim
916 5064 1109 5158 parentibus
1130 5096 1186 5144 co-
1211 5073 1360 5144 Verbum
1385 5077 1489 5167 igitur
1511 5074 1614 5175 distat
1636 5080 1668 5147 in
1694 5078 1756 5149 hac
1783 5075 2028 5165 supputationis

370 5173 466 5266 gnati
493 5166 648 5244 nonnisi
678 5169 966 5274 mraxpntraaair
998 5170 1185 5257 dicuntur,
1208 5171 1327 5267 regula
1346 5181 1580 5266 “ponendum
1593 5177 1641 5249 esi
1654 5201 1716 5269 per
1731 5181 1953 5251 remotionem
1971 5174 2028 5252 seu

1921 5301 2031 5373 nega·
