4884 5984
383 503 452 591 398
892 501 1042 580 iocus
1067 505 1192 579 XXVL
1239 505 1391 581 curvi
1417 512 1500 582 Vl.-

389 687 537 766 ditatcm
560 692 713 792 conjugii
724 747 736 777 ,
753 692 817 794 scd
858 710 995 772 uantum
1017 697 1065 771 od
1082 698 1116 796 st
1140 696 1193 771 ni·
1216 723 1298 773 vero
1318 698 1446 789 copula
1465 700 1741 778 uullamomuino
1757 702 2022 778 nantonense:

382 789 602 889 ficationem,
625 796 704 889 quia
723 796 817 891 perse
848 798 901 870 ius
916 800 1068 870 unionem
1118 796 1193 869 tri·
1215 801 1271 869 cit.
1293 801 1430 871 Constat
1447 804 1605 894 conjugio
1624 797 1679 874 sua
1700 805 1872 893 integritas
1885 829 1927 876 ex
1943 829 2022 874 cau·

382 888 432 989 sti
452 884 494 962 8
508 890 645 966 ecclesa
662 904 739 965 tum
747 896 894 992 figurat.
921 893 1136 968 Bellmminus
1149 896 1197 968 ile·
1215 890 1247 968 sa
1268 892 1460 976 efficiente,
1488 899 1649 972 materiali
1672 910 1705 974 &
1731 897 1888 985 formali,
1917 898 1942 972 fi
1966 899 2020 972 vel

390 989 536 1063 matrim.
556 1014 628 1079 cap.
647 991 691 1064 V.
708 991 792 1083 resp.
809 1000 851 1067 ad
866 1003 899 1070 6.
914 1017 986 1085 arg.
1008 996 1050 1066 de
1070 991 1192 1082 copula
1215 998 1357 1089 maxime
1375 992 1449 1066 usus
1471 996 1806 1088 coniugalis-copula
1827 993 2020 1090 norracces·

389 1088 557 1180 coniugali
567 1088 1189 1182 dunscatlrolicotunr[Romaneosrum]
1215 1088 1309 1178 serit,
1336 1118 1412 1164 cum
1444 1089 1517 1165 linis
1544 1092 1694 1183 respectu
1725 1098 1918 1178 intentionis
1943 1097 2017 1184 qui.

390 1186 561 1274 opiniones
575 1183 640 1260 esse
659 1194 776 1276 tradit,
801 1195 958 1279 quosdam
978 1190 1068 1260 enim
1091 1192 1188 1262 dote·
1214 1193 1291 1264 dem
1307 1186 1573 1274 summissius,
1601 1187 1654 1263 sed
1676 1195 1708 1262 in
1725 1190 1933 1265 exsecutione
1948 1215 2031 1264 nou·

388 1305 446 1366 te,
470 1284 559 1379 quod
584 1287 703 1382 copula
728 1288 787 1361 iila
808 1314 866 1361 uec
876 1285 1125 1384 sacrommtum
1140 1286 1190 1382 stt
1213 1284 1343 1380 semper
1360 1294 1435 1359 acia
1452 1284 1615 1379 sequatur.
1652 1299 1699 1375 a.)
1718 1291 1770 1361 nb
1786 1291 2014 1387 exemplorum

389 1403 449 1453 nec
461 1405 546 1479 parc
553 1380 763 1479 sacramenti
770 1437 781 1468 ,
800 1386 863 1484 scd
878 1384 992 1483 solum
1013 1385 1104 1459 adius
1115 1384 1189 1482 stuc
1211 1384 1409 1460 indudionc.
1463 1395 1554 1460 inter
1569 1388 1699 1483 primos
1712 1399 1954 1483 parentesaute
1967 1388 2014 1462 la·

390 1480 532 1576 officium
556 1488 769 1559 matrimonii
778 1513 794 1567 ,·
814 1509 855 1558 ac
874 1483 1017 1582 proinde
1036 1481 1185 1556 acciden-
1209 1482 1303 1571 psum
1326 1481 1390 1555 fuit
1411 1510 1526 1557 verum
1547 1499 1578 1560 dc
1604 1509 1739 1566 ratum,
1771 1493 1913 1574 Deoque
1936 1511 2026 1578 gra·¹

391 1581 516 1654 tarium
536 1582 618 1677 quid
634 1582 774 1682 respcliu
784 1581 993 1680 sacramenti
1012 1581 1186 1655 matrimo-
1209 1604 1281 1652 tum
1300 1586 1515 1674 conjugium,
1542 1582 1584 1656 ab
1603 1580 1674 1673 ipso
1689 1589 1764 1655 Deo
1785 1586 2028 1672 conciliatum,¹

386 1679 441 1752 nii
452 1702 462 1770 3
488 1680 568 1753 alios
585 1707 666 1756 vero
689 1683 793 1768 velle,
820 1687 908 1772 quod
928 1679 1048 1779 copula
1071 1683 1183 1775 conju·
1209 1677 1439 1752 confirmatum
1458 1707 1496 1754 ac
1511 1678 1748 1781 consectatum,
1763 1685 1914 1768 quamvis
1928 1706 2009 1756 noa·

386 1776 537 1878 galirstt
551 1801 634 1876 pars
649 1782 801 1877 quadam
812 1780 1019 1878 sacramenti
1035 1779 1185 1874 nonqui·
1208 1781 1288 1848 dum
1316 1777 1489 1851 accetl'erat
1518 1781 1701 1870 conjugalis
1728 1781 1871 1867 copula,
1910 1803 2008 1870 qoam

252 1885 279 1946 .¹
304 1855 310 1866 ⁹
387 1875 672 1974 dcmeffmtialis,
685 1877 749 1976 sed
764 1879 958 1978 integralis,
976 1879 1109 1975 ideoque
1123 1899 1184 1949 an·
1207 1879 1283 1965 post
1306 1874 1431 1964 lapsum
1453 1883 1588 1950 demum
1610 1878 1702 1948 fuitl'e
1728 1876 1899 1957 secutam,
1931 1903 2011 1950 coir·

387 1976 585 2073 decapulant
602 1979 853 2053 matrimonium
873 1977 1037 2074 adpellari
1053 1987 1182 2060 ratum,
1209 1977 1291 2044 siuns
1310 1977 1356 2045 esi
1373 1999 1522 2046 veterum
1539 1973 1712 2058 sententia,
1739 1973 1887 2048 snosaicoe
1910 1977 2008 2047 hitin-

376 2071 521 2170 sednon
539 2074 823 2174 consummatum
851 2102 964 2150 omues
991 2080 1025 2147 iu
1044 2100 1084 2148 eo
1104 2099 1184 2146 con·
1208 2075 1264 2141 riae
1279 2069 1490 2161 descriptioni
1510 2071 1744 2152 conltntaneu3
1775 2080 1864 2146 unde
1891 2071 2028 2164 Augu.

306 2250 313 2266 ,
385 2176 500 2272 venire
518 2176 599 2246 dicit
614 2169 638 2257 ,'
655 2182 741 2268 quod
763 2174 883 2274 copula
905 2198 970 2247 non
979 2176 1028 2274 stt
1040 2170 1182 2270 parces·
1206 2173 1306 2239 stinus
1319 2168 1377 2242 lib.
1395 2179 1417 2241 Ι.
1435 2175 1577 2243 decen.
1595 2194 1701 2243 contr.
1713 2171 1902 2244 tinnient.
1915 2178 2007 2246 xlx.

375 2267 546 2367 scutiolis.
598 2277 649 2345 nd
668 2301 841 2350 cunonesa
856 2277 1013 2348 Gratiano
1030 2288 1065 2346 oc
1082 2277 1182 2342 Lom·
1205 2266 1515 2361 consanguinitates
1548 2267 1588 2342 Ei
1608 2294 1681 2341 accc
1706 2270 1849 2342 ctudims
1871 2293 1917 2342 cx
1936 2292 2008 2364 pcc·

384 2366 487 2443 bardo
508 2373 665 2444 adductos
689 2371 892 2464 respondet,
920 2395 977 2444 coc
999 2367 1181 2465 deprauata
1203 2377 1279 2436 cato
1310 2364 1349 2438 li
1377 2379 1481 2440 morte
1504 2371 1657 2461 profluxi
1683 2393 1701 2438 c
1727 2363 1849 2440 scribit.
1914 2375 2005 2440 tutet

383 2466 428 2539 ab
445 2478 582 2562 utroquo
601 2469 727 2560 citari,
753 2494 794 2544 ac
805 2469 948 2567 proinde
971 2465 1012 2542 fii
1035 2464 1179 2541 Gratia·
1203 2456 1396 2573 Joscpiam
1417 2462 1456 2538 it
1477 2463 1657 2550 Mariam,
1686 2487 1827 2538 matrem
1846 2468 2002 2551 Domini,

382 2564 421 2638 ni
438 2564 581 2638 codicem
606 2564 647 2640 ii
669 2566 860 2643 Lombacdi
876 2580 1003 2643 textum
1026 2592 1066 2638 en
1091 2572 1175 2639 Leo·
1203 2566 1267 2633 luit
1292 2589 1411 2635 aarum
1435 2568 1708 2643 matrimonium,
1733 2566 1888 2649 quamvis
1909 2561 2005 2657 -Jose-

380 2665 431 2735 nis
447 2666 540 2753 episi.
556 2669 663 2739 XCll.
680 2671 718 2740 td
740 2669 834 2742 uun.
848 2664 907 2765 effe
921 2665 1176 2749 iniucundum,
1201 2663 1287 2748 phut
1311 2687 1384 2733 eam
1415 2687 1482 2733 non
1511 2666 1706 2753 cognoverit
1735 2661 1859 2733 Mittit.
1886 2661 1914 2736 l.
1942 2688 2001 2755 ²5·

379 2760 433 2835 ita
453 2773 492 2840 ut
510 2761 658 2859 negandi
675 2765 846 2860 particula
862 2765 1061 2860 auferatur;
1085 2768 1175 2852 quod
1204 2761 1402 2849 Augustinus
1419 2759 1475 2832 lib.
1492 2758 1534 2833 ll.
1551 2766 1593 2834 de
1613 2756 1757 2832 consens.
1777 2781 1897 2849 evang.
1920 2784 1951 2834 c.
1970 2759 1999 2840 l.

378 2883 438 2932 nos
459 2863 493 2934 in
513 2863 624 2935 medio
644 2862 880 2952 relinquimus,
906 2887 1003 2953 atque
1021 2885 1115 2933 exeo
1131 2863 1174 2933 de
1197 2849 1278 2928 Non
1296 2871 1369 2930 crat
1382 2857 1462 2949 sas,
1486 2869 1525 2929 ut
1544 2858 1585 2931 ab
1604 2857 1671 2931 iioc
1689 2881 1760 2929 eum
1779 2852 1998 2959 [Jostphuot]

306 3039 309 3046 ,
376 2954 464 3039 fide,
486 2980 636 3049 quatum
656 2947 829 3034 Gratianus
849 2966 1061 3035 decretorum
1080 2984 1168 3031 com·
1194 2977 1218 3026 a
1256 2959 1415 3052 conjugio
1446 2954 1577 3030 Maria
1607 2953 1836 3052 separandum
1860 2965 2000 3050 putaret

376 3054 517 3142 pilator,
541 3078 613 3130 tum
635 3059 840 3132 Lonibardus
861 3057 1054 3132 scholastica
1078 3058 1173 3130 theo·
1194 3057 1419 3154 euangelista,
1445 3056 1533 3151 quod
1558 3078 1624 3126 non
1645 3079 1689 3127 cx
1708 3056 1780 3149 ejus
1801 3052 1998 3136 concubitu,

376 3149 472 3241 logie
492 3159 607 3227 audior
624 3179 776 3230 veterum
795 3152 915 3246 scripta
937 3162 1098 3234 tenuant,
1118 3163 1170 3242 ju·
1186 3150 1251 3246 sed
1272 3155 1371 3246 virgo
1390 3156 1519 3250 peperit
1547 3150 1736 3253 Ciriflum,
1759 3150 1821 3224 iac
1848 3153 1937 3225 cuim
1961 3178 2000 3226 c·

373 3251 496 3323 dicium
516 3248 586 3324 fieti
606 3253 769 3342 jubemus.
820 3249 917 3354 ὄντα
940 3259 1076 3344 antiquo
1102 3249 1169 3325 Sa·
1193 3254 1329 3347 xemplo
1351 3255 1528 3350 magnifice
1545 3248 1905 3350 instituaturficiclibuc
1919 3274 1999 3328 cau·

373 3369 499 3421 xonum
516 3353 635 3441 copula
657 3352 794 3425 carnalis
813 3357 928 3427 itidem
954 3357 995 3426 ad
1020 3341 1169 3442 comple·
1187 3353 1344 3444 jugatis,
1372 3354 1474 3423 ctiam
1489 3350 1629 3447 servata
1650 3352 1733 3446 pari
1747 3346 1904 3447 consensu
1920 3375 1999 3425 con·

372 3470 523 3522 mentum
547 3452 749 3523 matrimonii
775 3451 949 3526 ne'ceffirrio
971 3453 1097 3538 requiri
1118 3453 1168 3522 vi·
1193 3450 1337 3520 tinentia
1357 3448 1447 3547 posti
1471 3474 1664 3545 permanere
1688 3450 1864 3542 vocarique
1880 3455 1998 3546 conju·

370 3547 485 3632 datur,
507 3551 586 3620 dum
602 3549 679 3622 tecti
695 3551 877 3641 conjugalis
891 3546 1167 3630 conscensionem,
1191 3549 1286 3641 giam
1302 3571 1368 3620 non
1382 3551 1552 3643 permixto
1569 3548 1719 3643 corporis
1733 3545 1843 3644 sexu,
1860 3546 1926 3644 scd
1940 3574 1996 3621 cu·

370 3668 442 3734 que
464 3647 658 3718 concubitus
675 3649 781 3737 gratia
799 3645 869 3718 lieri
891 3641 1082 3726 consuerit,
1107 3671 1165 3719 nc·
1184 3648 1312 3745 stodito
1338 3650 1455 3719 trientis
1487 3648 1629 3740 adsciiu.
1697 3649 1788 3717 idem
1817 3644 1877 3716 lib.
1906 3654 1932 3720 i.
1953 3652 1995 3720 de

370 3739 535 3816 cessarium
550 3741 613 3815 elie
630 3746 745 3830 statuit
758 3740 815 3816 lib.
835 3745 861 3817 l.
887 3742 1079 3817 Londrcclit
1101 3765 1163 3815 art.
1188 3767 1285 3835 nupt.
1312 3745 1344 3813 ἃ
1370 3767 1512 3835 concup.
1535 3770 1563 3816 c.
1582 3754 1623 3817 ll.
1677 3740 1781 3815 Omne
1796 3745 1991 3840 nuptiarum

373 3863 429 3925 3¹·
448 3850 482 3913 dc
501 3863 559 3926 45·
580 3839 637 3915 lib.
655 3840 714 3912 lll.
732 3863 792 3914 art.
807 3866 864 3932 45.
878 3842 936 3914 niu
950 3845 1021 3930 quis
1036 3842 1098 3914 hoc
1110 3867 1163 3912 ac-
1189 3840 1308 3915 bonum
1319 3844 1491 3940 impletum
1505 3847 1548 3943 cst
1562 3846 1597 3915 in
1608 3843 1674 3914 illis
1682 3842 1878 3938 parcutilms
1892 3839 1989 3917 Ciri-

368 3940 470 4024 cipiat
485 3940 610 4010 didam
627 3943 668 4011 de
681 3939 737 4010 illo
755 3943 845 4027 ritu,
873 3938 1090 4028 cujusadhuc
1108 3964 1163 4012 ve.
1181 3943 1251 4039 sti,
1270 3942 1384 4038 fides,
1421 3941 1549 4036 proles,
1575 3940 1835 4036 sacramcutum.
1903 3941 1991 4015 Pro·

368 4037 462 4127 stigia
479 4038 627 4124 quadam
646 4041 680 4108 iu
701 4033 851 4112 infcriori
870 4039 1163 4124 Saturnalium,
1188 4038 1253 4110 lcm
1272 4037 1501 4134 cognoscimus
1515 4036 1623 4134 ipsum
1642 4037 1850 4120 Dominumr
1870 4041 1987 4138 fidens,

367 4157 434 4221 quo
460 4134 615 4224 nuptialis
642 4134 823 4209 festivitatis
849 4140 903 4208 die
932 4137 966 4205 in
992 4132 1163 4222 presentia
1186 4139 1266 4231 quia
1298 4139 1421 4210 nullum
1448 4139 1681 4217 adulterium
1709 4138 1987 4232 ,sacramentum

366 4256 584 4326 cognatorum
618 4242 653 4307 ὅ(
687 4236 869 4305 amicorum
900 4227 1014 4322 sponsa
1047 4227 1162 4322 sponso
1185 4237 1400 4330 quianullum
1420 4236 1615 4311 diuortium.
1668 4233 1987 4334 Solusibinuptia·

366 4335 475 4406 media
491 4331 565 4405 luce
580 4334 771 4410 adducitur,
789 4340 823 4405 dt
837 4352 977 4421 utaque
992 4331 1026 4400 iu
1038 4329 1161 4404 letiam
1186 4334 1232 4405 tis
1247 4334 1437 4408 concubitus
1454 4337 1622 4428 nonfuit,
1648 4339 1728 4429 quia
1751 4338 1785 4408 in
1805 4358 1905 4408 carue
1914 4362 1986 4434 pcc·

366 4429 557 4504 collocatur.
1186 4436 1256 4503 cati
1270 4436 1352 4529 fieri
1376 4459 1440 4505 non
1461 4446 1594 4530 poterat
1606 4436 1677 4531 fine
1693 4435 1855 4530 pudenda
1872 4460 1989 4510 concu-

435 4535 463 4620 ς.
490 4532 708 4602 CCCCXiV.
759 4531 933 4623 Quidquid
963 4552 1042 4600 vero
1062 4528 1099 4599 sit
1118 4531 1160 4602 de
1182 4530 1346 4626 piscantia
1362 4536 1491 4616 carnis,
1518 4555 1589 4628 quae
1611 4533 1736 4606 accidit
1764 4560 1805 4606 cx
1826 4547 1985 4630 peccato.

361 4626 557 4713 quibusdum
571 4632 650 4713 iuris
664 4626 823 4715 pontificii
835 4626 1014 4701 canonibus
1035 4626 1087 4699 vel
1104 4653 1159 4699 vc·
1176 4632 1248 4729 stuc
1263 4655 1328 4726 qua
1351 4635 1479 4729 concipi
1500 4633 1637 4711 uoluit,
1673 4636 1731 4727 qui
1745 4635 1817 4731 stne
1848 4647 1984 4727 peccato

362 4728 425 4795 teri
450 4732 610 4798 Saxonum
632 4734 727 4812 jure,
751 4730 871 4799 rectius
893 4727 1028 4797 omnino
1050 4727 1158 4796 statui·
1175 4729 1320 4822 futurus
1332 4743 1415 4804 crat.
1468 4737 1516 4816 3.)
1532 4736 1578 4802 Ex
1591 4733 1682 4824 juris
1701 4731 1817 4805 ciuilis
1834 4729 1874 4806 fi
1886 4757 1986 4806 cano·

291 4848 293 4852 ¹
361 4844 437 4902 tur,
459 4821 612 4909 copulam
634 4824 842 4914 conjugalem
868 4849 935 4896 non
961 4827 1002 4894 ad
1032 4822 1158 4904 ciclos,
1182 4829 1252 4899 nici
1268 4828 1433 4924 dccifionc.
1487 4837 1524 4900 ln
1551 4838 1624 4915 jure
1653 4830 1743 4901 civili
1767 4834 1910 4904 traditur
1927 4857 1986 4905 ex·

359 4916 416 4990 sed
434 4925 475 4992 ad
498 4916 590 4993 usum
611 4926 755 5013 conjugii
773 4925 962 5011 pertinere,
989 4925 1079 5009 quod
1099 4946 1157 5008 pa·
1182 4923 1287 5014 prelia
1309 4929 1442 5018 regula:
1470 4924 1622 5022 Nuptias
1637 4952 1702 5001 non
1716 4928 1919 5014 concubitus,
1929 4927 1985 5018 scd

357 5041 405 5090 tet
435 5024 486 5111 1.)
506 5045 544 5092 ex
567 5017 640 5115 ipsa
664 5022 815 5113 conjugii
837 5020 1056 5118 (definitiorcc,
1085 5043 1157 5104 quae
1181 5023 1351 5118 cousensus
1368 5028 1463 5119 sarit
1489 5026 1510 5099 i.
1541 5048 1597 5115 30.
1621 5025 1657 5097 ff.
1681 5032 1723 5098 de
1746 5033 1789 5100 R.
1810 5033 1842 5120 J.
1903 5025 1986 5122 Non

354 5111 462 5195 causas
477 5113 654 5197 essentiales
671 5123 818 5210 ejusdem
831 5120 987 5213 exponit,
1011 5117 1150 5194 casualis
1181 5126 1289 5202 coitus
1297 5122 1361 5222 scd
1379 5124 1712 5228 cuaritalisudseiiio
1730 5127 1984 5214 citatrimoniurn

1923 5225 1990 5318 fa
