4884 5984
800 495 861 567 na
910 491 1111 568 rameru
1161 491 1397 585 courvcn.
1823 503 1897 580 4¹⁷

276 673 480 772 mensuit,
506 677 637 760 eonsors
656 708 694 758 ac
710 661 1079 777 particeps'reduatur,
1103 687 1258 759 adnotata
1288 693 1372 759 Gen.
1403 685 1592 760 XXXVIII.
1613 702 1649 773 9.
1668 676 1904 762 10.”emnibua

231 809 235 816 ·
274 799 340 874 quo
366 786 538 874 'pertinent
565 780 735 874 scripture
756 789 871 870 dieta,
896 808 968 872 quae
999 805 1078 852 uxo·
1103 783 1312 857 manifestum
1328 785 1467 858 reddere
1484 783 1599 856 voluit.

231 925 234 976 Ξ
275 906 346 956 rem
362 883 482 954 dieunt
503 877 567 958 else
588 903 701 954 eorum
730 883 804 955 viro
823 905 977 970 tanquam
997 879 1078 952 altc·
1179 885 1490 965 §.CCCCXXXIL
1514 877 1646 953 Possunt
1692 873 1738 950 1·)
1750 872 1901 1018 θοηὶἝσ·

276 1005 351 1052 rnm
371 975 503 1078 ipsum,
531 985 616 1053 Gen.
641 977 686 1051 Il.
715 998 767 1064 ις.
791 983 861 1056 uiri
874 978 1007 1077 stiriam
1036 972 1077 1049 ss
1101 1001 1211 1051 autem
1238 1004 1301 1059 ea,
1339 1004 1411 1068 que
1453 980 1495 1049 de
1525 977 1653 1064 copula'
1692 957 1749 1016 ¹0²⁸
1766 975 1835 1116 γ’*
1868 973 1899 1018 '¹'

276 1099 416 1152 arsurem
436 1075 604 1170 foederis,
638 1078 784 1152 blasaeb.
811 1078 853 1151 ll.
884 1101 935 1166 ¹4·
967 1071 1075 1170 ipsum
1102 1077 1270 1170 conjugali
1325 1079 1389 1166 piis
1446 1077 1644 1166 conjugibus

277 1175 343 1250 riri
357 1199 478 1276 corpas
500 1171 540 1247 Θ
561 1196 710 1260 carnem,
738 1173 856 1266 Ephes.
870 1175 916 1248 V.
934 1191 990 1258 28.
1005 1197 1076 1261 quae
1101 1178 1317 1264 proponenda
1339 1170 1430 1258 sunt,
1458 1174 1586 1243 duobus
1605 1199 1641 1243 a·

277 1276 385 1346 emnia
413 1267 625 1346 tritissimum
655 1285 688 1348 δι
714 1276 916 1346 individuam
940 1268 1077 1343 societa·
1100 1268 1277 1360 pborismis
1295 1272 1431 1343 includi.
1484 1274 1579 1341 Prior
1598 1269 1640 1343 fic
1663 1269 1779 1343 babet:
1809 1264 1899 1340 Coss⁴

278 1383 340 1446 tem
358 1373 449 1444 inter
466 1369 625 1470 coniuges
644 1375 763 1443 divine
778 1372 1074 1466 institutioniscon·
1093 1367 1230 1466 'jugalis
1249 1368 1371 1464 copula
1400 1370 1436 1441 irs
1459 1363 1613 1463 legitimo
1631 1371 1789 1466 conjugio
1811 1369 1847 1441 in
1860 1363 1901 1462 se

278 1467 437 1544 issensem
455 1470 671 1557 exprimunt,
701 1495 740 1541 ex
763 1495 825 1556 qua
844 1469 899 1539 illa
920 1488 1075 1539 externo·
1100 1490 1141 1550 nc
1151 1465 1262 1564 perse
1279 1490 1351 1556 non*
1360 1469 1403 1567 esl
1413 1478 1594 1563 peccorum.
1646 1468 1808 1542 Probatur
1825 1465 1900 1550 boc,

280 1589 349 1640 nun
367 1567 627 1640 communicatio
644 1569 855 1654 postmodum
876 1569 993 1636 oritur.
1106 1566 1158 1649 1.)
1181 1592 1221 1639 ex
1240 1568 1406 1662 primaeva
1427 1567 1579 1660 conjugii
1608 1566 1834 1665 institutione,
1865 1564 1901 1633 in

581 1677 608 1750 §.
633 1667 888 1737 CCCCXXXI.
918 1668 971 1733 De
986 1683 1168 1760 com-'qua
1188 1687 1260 1736 tuna
1288 1665 1335 1734 od
1356 1661 1490 1758 causam
1514 1665 1726 1757 efficientem,
1757 1684 1828 1733 tum
1852 1657 1900 1733 ad

287 1779 394 1864 apula
420 1799 489 1844 m.
537 1763 760 1833 manicatione
786 1760 852 1834 save
879 1759 1080 1840 contnaum'o·
1102 1774 1229 1860 ternpus
1246 1763 1464 1862 institutionis
1481 1759 1739 1851 respiciendum,
1752 1785 1792 1834 ex
1807 1781 1900 1832 utro⁴

231 1927 233 1938 ,
318 1859 471 1944 jugatus
539 1881 579 1930 ne
600 1883 775 1956 corporum
803 1872 838 1932 &
861 1858 980 1947 copula
1000 1881 1079 1928 con·
1103 1867 1168 1950 que
1188 1862 1276 1934 enlm
1302 1865 1370 1950 peti
1391 1862 1498 1949 potest
1520 1863 1636 1931 noslrae
1659 1857 1824 1935 sententie
1844 1881 1901 1930 ro·

535 1958 664 2048 jugali,
689 1959 723 2030 in
748 1983 810 2046 qua
831 1959 980 2049 conjugii
999 1953 1078 2052 usus
1103 1965 1167 2029 bur
1184 1984 1222 2030 ae
1243 1955 1497 2032 firmamentum.
1549 1964 1641 2030 Deus
1659 1981 1755 2030 autor
1776 1967 1810 2031 δι
1830 1952 1903 2027 sau·

282 2049 439 2148 subfil'lit,
467 2051 532 2126 boc
556 2053 630 2126 loco
653 2061 801 2141 quaedam
824 2052 896 2125 sunt
914 2057 1078 2125 monenda
1103 2079 1156 2127 tor
1172 2059 1325 2128 eastitatis
1337 2075 1412 2127 ¹non
1430 2060 1502 2144 post
1521 2053 1647 2144 lapsum
1668 2060 1828 2135 dentum,
1846 2051 1903 2128 sed

231 2233 233 2243 ‚
283 2175 420 2244 propter
454 2147 668 2225 conscientias
702 2161 884 2244 conjugum
911 2155 1001 2224 redle
1022 2153 1078 2222 in·
1102 2153 1137 2224 in
1162 2152 1233 2242 ipso
1264 2156 1459 2245 integritatis
1487 2156 1571 2224 slatu
1597 2158 1790 2244 conjugium
1812 2154 1903 2223 insli-

268 2249 484 2331 Iarmandas,
511 2275 582 2338 quae
601 2252 670 2338 pias
693 2260 726 2322 δι
750 2254 848 2323 castas
871 2253 970 2322 etiam
988 2248 1080 2318 coeli·
1104 2253 1185 2332 tuit,
1209 2276 1244 2321 ut
1256 2277 1317 2341 per
1330 2251 1539 2342 conjugalem
1551 2253 1831 2342 protoplastorum
1846 2272 1904 2322 co·

282 2347 357 2444 bum
384 2372 482 2421 aures
508 2368 606 2433 atque
632 2351 758 2418 animos
784 2372 850 2419 non
879 2345 1079 2424 ostendent,
1106 2347 1342 2421 habitationem
1364 2345 1491 2455 soboles
1507 2373 1767 2439 procrearetur,
1794 2357 1828 2420 de
1842 2370 1905 2437 ge·

285 2469 350 2522 cem
374 2444 510 2520 mundis
539 2447 652 2516 onznia
683 2447 827 2529 attendo,
856 2446 1081 2542 coinquinatis
1104 2471 1164 2517 nus
1181 2445 1364 2518 humanum
1384 2469 1639 2539 propagaretur.
1691 2448 1795 2533 Atqui
1820 2439 1906 2517 blas·

283 2543 386 2620 mrem
406 2537 449 2618 Is
469 2541 660 2640 infidelibus
677 2545 766 2618 nilis
772 2547 819 2640 stt
833 2545 1000 2617 reitandum.
1011 2547 1077 2614 Tit.
1103 2543 1270 2634 phenaum
1285 2548 1331 2617 est
1350 2543 1498 2618 tribuere
1523 2551 1596 2618 Deo
1620 2547 1756 2632 alicuius
1778 2544 1907 2614 inllitu·

257 2641 305 2732 ·l.
322 2669 377 2738 15.
431 2637 512 2714 Non
533 2643 575 2739 est
597 2640 692 2716 nobis
714 2656 833 2738 turpe,
865 2647 973 2731 inquit
1000 2641 1078 2713 Cle·
1103 2643 1230 2713 tionem
1259 2641 1291 2710 ds
1314 2645 1579 2731 ordinationem,
1606 2649 1695 2732 quod
1726 2666 1789 2730 per
1812 2636 1844 2714 se
1868 2651 1904 2716 dc

283 2767 373 2814 nens
382 2739 625 2813 Alexandrinus
639 2739 752 2814 lib.ll.
769 2745 940 2832 pedagog.
959 2737 1076 2827 cap.X.
1104 2734 1160 2810 sua
1179 2762 1294 2811 nutura
1312 2739 1349 2810 sit
1372 2762 1564 2827 peccatum,
1594 2750 1628 2814 δι
1652 2737 1831 2813 absurdum
1856 2739 1905 2812 est

283 2863 360 2934 pag.
379 2851 461 2912 226.
483 2838 657 2910 nominare
674 2838 750 2911 illas
769 2850 899 2933 portes,
920 2863 981 2932 per
998 2858 1081 2932 quas
1104 2833 1272 2917 adserere,
1294 2840 1328 2906 in
1347 2841 1429 2909 llatu
1442 2839 1636 2909 innocentia
1652 2850 1685 2912 dr
1706 2838 1905 2929 integritatis
1919 2915 1925 2930 ,Ι

276 2937 320 3038 fit
337 2936 537 3034 generatio,
566 2932 607 3007 Is
629 2937 666 3007 in
685 2935 802 3032 quibus
814 2938 862 3034 fit
877 2937 984 3028 status
1005 2958 1081 3005 cort·
1105 2937 1275 3023 quidpiam
1303 2938 1487 3007 institutum
1517 2933 1634 3014 fuisl'e,
1664 2939 1753 3024 quod
1778 2934 1816 3004 lit
1840 2957 1904 3022 per

284 3036 417 3132 ceptio,
452 3039 644 3130 (eurumque
669 3033 831 3135 honestum
857 3058 878 3106 a
909 3031 983 3106 Deo
1009 3030 1080 3128 ipso
1105 3029 1273 3104 semalunt
1289 3042 1321 3105 dt
1340 3056 1525 3122 peccatum.
1576 3038 1677 3124 Ergo.
1729 3037 1810 3105 Sane
1830 3031 1904 3120 qui-
1990 3049 1999 3062 ⁸

231 3191 234 3224 2
281 3135 470 3236 institarum
482 3131 575 3230 usum
589 3133 786 3227 exprimere)
804 3156 886 3228 quas
903 3129 1082 3224 Deumsa·
1105 3134 1180 3201 dam
1196 3155 1235 3203 ex
1258 3131 1424 3203 veteribus
1445 3126 1667 3218 suspicantur,
1693 3130 1730 3202 in
1743 3133 1836 3229 statu
1850 3130 1904 3201 irs-

231 3241 234 3248 “
280 3233 413 3308 Iacere
429 3255 495 3304 nort
511 3231 643 3326 puduit.
693 3234 836 3325 Quoties
857 3234 995 3320 Spiritus
1012 3229 1082 3301 san·
1104 3229 1262 3301 nocenrr'ae
1285 3252 1350 3300 aton
1372 3225 1477 3325 fuiffe
1497 3229 1644 3300 homines
1672 3229 1905 3325 nultiplicat-

280 3335 380 3410 Qus,
405 3333 463 3418 qui
478 3332 526 3420 est
548 3331 687 3418 Spiritus
714 3331 867 3400 castitatis
895 3356 933 3403 ac
955 3352 1082 3424 suppo·
1104 3326 1165 3400 dos
1187 3349 1245 3422 per
1267 3329 1510 3419 generationem
1538 3325 1731 3406 carralem,
1757 3325 1820 3422 sed
1841 3348 1903 3422 per

279 3427 390 3526 ereptis*
402 3481 417 3512 ,
445 3426 609 3500 arim-1.
631 3453 664 3509 7.
692 3428 875 3518 conjugalis
895 3426 1021 3517 copulae
1044 3450 1082 3495 ac
1104 3421 1202 3498 aliud
1217 3424 1383 3519 quoddam
1399 3426 1541 3498 medium
1559 3424 1654 3498 nobis
1675 3426 1901 3522 incognitum,

279 3527 441 3612 maritalis
462 3521 651 3616 congressus
678 3546 738 3613 per
766 3529 939 3602 decentem
965 3547 1083 3613 quem·
1106 3550 1169 3610 qua
1185 3527 1227 3596 de
1243 3547 1280 3594 re
1298 3526 1402 3595 videri
1417 3526 1523 3612 potest
1538 3526 1723 3614 Gregorius
1741 3519 1903 3607 Nylsenus

231 3653 239 3668 ·>
280 3627 360 3696 da'm
380 3619 594 3718 ἰυφκμισμόν
611 3623 815 3693 mentionem
838 3620 942 3695 faciti
967 3616 1083 3695 Genes.
1108 3621 1166 3692 llb.
1185 3623 1226 3692 de
1248 3617 1371 3691 bomin.
1388 3645 1458 3709 cap.
1472 3623 1633 3693 XXVIII.
1652 3617 1904 3706 Cbrrssslomus

280 3719 401 3796 lv.1.
432 3717 492 3791 Vl.
512 3745 547 3806 4.
579 3717 679 3789 XVI.
705 3741 735 3789 a.
769 3724 870 3792 Deus.
895 3716 1004 3790 XXII.
1030 3741 1083 3804 14.
1108 3715 1198 3790 hom'.
1222 3723 1347 3791 XVIII.
1367 3722 1401 3790 in
1425 3712 1541 3791 Genes.
1567 3720 1746 3805 Procopius
1769 3726 1907 3790 Gazaeus

283 3827 352 3894 dcc.
382 3818 464 3908 quin
490 3819 558 3887 imo
583 3816 767 3903 aposlolum
796 3842 1001 3904 nequaquam
1025 3842 1086 3904 pu·
1108 3819 1142 3886 in
1163 3839 1235 3904 cap.
1263 3812 1328 3885 lv.
1358 3821 1441 3890 Gen.
1474 3816 1667 3901 Euthymida.
1697 3820 1736 3888 in
1761 3809 1840 3891 Psal.
1870 3819 1909 3892 L.

282 3919 385 4006 dpir,
408 3911 504 3986 usum
526 3914 621 3984 illam
641 3915 787 4005 conjugii
814 3916 980 4003 adpellare
1001 3913 1086 4005 ὄφει·
1110 3907 1330 3986 Damascenus
1344 3914 1404 3985 lib.
1418 3919 1474 3986 IV.
1489 3916 1531 3985 de
1547 3914 1635 3985 orth.
1647 3911 1703 3986 fid.
1718 3940 1789 4005 cap.
1799 3920 1908 3989 XXV.

276 4007 432 4108 maclam
450 4007 594 4091 iurares,
621 4035 684 4096 qua
704 4007 767 4083 sese
782 4012 940 4108 conjuges
955 4013 1086 4085 defrau-
1113 4016 1190 4082 inde
1214 4009 1317 4081 Faber
1342 4011 1538 4100 Stapulenfia
1565 4007 1723 4092 somniat,
1751 4016 1858 4102 quod,
1876 4013 1910 4109 st

280 4112 532 4202 dareminitne
567 4109 719 4183 debeant.
757 4114 861 4182 1Cor.
893 4109 974 4181 Vll.
997 4140 1030 4200 4.
1057 4131 1087 4194 5.
1113 4107 1231 4181 Adam
1260 4129 1325 4178 stou
1348 4105 1526 4205 peccaffel,
1559 4133 1601 4182 eor
1621 4107 1659 4202 se
1678 4109 1910 4210 stnesoemino

284 4213 381 4282 Deus
402 4203 470 4294 ipse
500 4231 559 4293 per
585 4202 701 4277 Mosen
725 4207 912 4294 uouob‘ttns
934 4202 1026 4278 suum
1049 4205 1091 4275 ls·
1107 4203 1326 4306 stlta'fimisem
1350 4206 1479 4303 prolem
1499 4205 1673 4303 edidiffet,
1697 4210 1731 4278 in
1755 4233 1854 4294 quam
1873 4232 1911 4278 o·

286 4305 414 4378 raelitis
427 4305 518 4396 leges
531 4302 606 4373 tulit
624 4307 665 4374 de
683 4327 834 4392 tempore
850 4305 1091 4377 maritaliscon·
1114 4309 1283 4394 pinionena
1297 4330 1335 4375 ex
1351 4308 1453 4378 nimia
1470 4307 1668 4398 virginitatis
1683 4301 1912 4388 admirationP,

285 4399 437 4496 gressus,
468 4408 555 4489 quod
571 4425 639 4471 non
658 4398 696 4469 fit
714 4406 935 4473 accedendum
952 4408 991 4472 ad
1015 4425 1089 4472 mu·
1117 4415 1150 4476 δι
1176 4401 1305 4489 copulae
1327 4403 1509 4495 conjugalis
1531 4408 1602 4492 post
1625 4401 1752 4494 lapsum
1775 4407 1914 4478 demum

284 4501 409 4580 licrem
428 4510 574 4597 tempore
589 4500 763 4598 menstrui,
792 4504 870 4584 Les.
886 4498 1019 4569 XVIII.
1038 4525 1088 4589 ¹9·
1116 4504 1200 4570 inter
1221 4485 1383 4572 Adamum
1403 4511 1436 4574 ds
1455 4507 1556 4572 Evam
1573 4497 1687 4572 secutae
1700 4504 1913 4580 adnotatione

285 4623 328 4674 ae
344 4603 550 4687 quantopere
564 4600 742 4668 detestetur
766 4597 912 4666 illicitam
938 4593 1091 4679 sentinis,
1117 4592 1233 4668 Genes.
1253 4604 1308 4668 IV.
1328 4626 1356 4672 1.
1377 4599 1530 4671 videntur
1544 4599 1705 4688 prolapsi,
1729 4595 1784 4672 sed
1797 4611 1914 4694 Augu*

1732 1123 1841 1176 calum.

1691 1052 1899 1116 nortepsr-
1981 1069 1990 1092 ι

286 4719 410 4787 utpute
423 4699 510 4784 quod
531 4696 634 4764 divini
653 4696 740 4765 illius
761 4697 890 4781 operis,
905 4702 1091 4784 generatio-
1118 4698 1214 4766 stinus
1231 4719 1303 4764 cam
1323 4697 1440 4780 multis
1451 4701 1482 4768 in
1498 4696 1576 4769 locis
1588 4696 1712 4771 refellit
1725 4697 1782 4771 lib.
1799 4706 1857 4773 IX.
1868 4705 1912 4775 de
2053 4757 2057 4764 .

286 4799 341 4868 nis
361 4816 458 4884 puta,
486 4817 649 4882 organum
669 4795 736 4875 eli,
763 4795 879 4878 inipso
902 4797 1090 4864 etismcon-
1117 4788 1233 4864 Genes.
1252 4797 1291 4862 nd
1318 4794 1365 4866 lit.
1387 4821 1460 4882 cap.
1487 4795 1529 4867 Χ.
1553 4795 1630 4869 libr.
1660 4803 1751 4868 XIV.
1780 4802 1821 4870 de
1845 4801 1913 4884 cir,

289 4887 732 4986 iugioeffusaoncnt‚·p‹rna
760 4895 872 4961 Onani
901 4889 944 4961 ob
969 4888 1094 4961 facinus
1120 4894 1182 4964 Dei
1205 4915 1276 4976 rap.
1301 4900 1390 4964 XXI.
1414 4893 1470 4963 lib.
1497 4899 1538 4966 ll.
1559 4899 1600 4965 de
1615 4919 1707 4983 pecc.
1729 4898 1814 4988 orig.
1840 4922 1914 4985 cop.

288 4990 376 5062 illutl
392 4987 654 5060 abominandum
673 4994 836 5079 irrogata,
864 4993 1046 5076 eademque
1062 4995 1094 5059 iu
1121 4981 1917 5080 XXXV.lilal.retrodlat.cap.X.Xlll.&XlX.
1976 4980 1978 4986 ⁵

291 5088 935 5179 praemonitionemacpraeuauaitionem
953 5089 1097 5161 nostram
1123 5091 1210 5176 quod
1240 5113 1320 5162 vero
1346 5094 1432 5163 idem
1459 5083 1579 5164 adserit
1606 5088 1665 5166 lib.
1689 5088 1718 5163 l.
1738 5094 1779 5164 de
1803 5088 1922 5166 Genes.

312 5180 449 5282 Uiben.
475 5180 566 5258 XV.
1172 5189 1280 5278 Ggg
1745 5223 1747 5228 ·
1847 5211 1929 5264 con·
