<?xml version="1.0" encoding="UTF-8"?>
<!DOCTYPE html PUBLIC "-//W3C//DTD XHTML 1.0 Transitional//EN"
    "http://www.w3.org/TR/xhtml1/DTD/xhtml1-transitional.dtd">
<html xmlns="http://www.w3.org/1999/xhtml" xml:lang="en" lang="en">
 <head>
  <title>
</title>
<meta http-equiv="Content-Type" content="text/html;charset=utf-8" />
  <meta name='ocr-system' content='tesseract 3.04.00' />
  <meta name='ocr-capabilities' content='ocr_page ocr_carea ocr_par ocr_line ocrx_word'/>
</head>
<body>
  <div class='ocr_page' id='page_1' title='image "./locitheologicic06cottgoog_0419.png"; bbox 0 0 4884 5984; ppageno 0'>
   <div class='ocr_carea' id='block_1_1' title="bbox 716 498 1909 592">
    <p class='ocr_par' dir='ltr' id='par_1_1' title="bbox 716 498 1909 592">
     <span class='ocr_line' id='line_1_1' title="bbox 716 498 1909 592; baseline 0.001 -18"><span class='ocrx_word' id='word_1_1' title='bbox 716 500 778 574; x_wconf 82' lang='lat' dir='ltr'>ut</span> <span class='ocrx_word' id='word_1_2' title='bbox 836 499 1006 576; x_wconf 77' lang='lat' dir='ltr'>cnvssi</span> <span class='ocrx_word' id='word_1_3' title='bbox 1053 500 1204 574; x_wconf 77' lang='lat' dir='ltr'>trunti</span> <span class='ocrx_word' id='word_1_4' title='bbox 1255 498 1489 592; x_wconf 83' lang='lat' dir='ltr'>coNJvou.</span> <span class='ocrx_word' id='word_1_5' title='bbox 1716 569 1719 580; x_wconf 88' lang='grc'>,</span> <span class='ocrx_word' id='word_1_6' title='bbox 1836 517 1909 591; x_wconf 74' lang='lat'>411</span> 
     </span>
    </p>
   </div>
   <div class='ocr_carea' id='block_1_2' title="bbox 278 687 1926 1674">
    <p class='ocr_par' dir='ltr' id='par_1_2' title="bbox 278 687 1926 1674">
     <span class='ocr_line' id='line_1_2' title="bbox 278 687 1925 790; baseline 0.002 -22"><span class='ocrx_word' id='word_1_7' title='bbox 278 691 392 782; x_wconf 77' lang='lat' dir='ltr'>„eol</span> <span class='ocrx_word' id='word_1_8' title='bbox 411 711 493 783; x_wconf 80' lang='lat'><em>507.</em></span> <span class='ocrx_word' id='word_1_9' title='bbox 541 690 710 768; x_wconf 89' lang='lat' dir='ltr'>Nonsunt</span> <span class='ocrx_word' id='word_1_10' title='bbox 730 695 865 768; x_wconf 76' lang='lat' dir='ltr'>inventu</span> <span class='ocrx_word' id='word_1_11' title='bbox 881 720 974 785; x_wconf 84' lang='lat' dir='ltr'>teque</span> <span class='ocrx_word' id='word_1_12' title='bbox 992 693 1102 770; x_wconf 88' lang='lat' dir='ltr'>dulcia</span> <span class='ocrx_word' id='word_1_13' title='bbox 1124 720 1200 768; x_wconf 81' lang='lat' dir='ltr'>vem</span> <span class='ocrx_word' id='word_1_14' title='bbox 1220 694 1377 769; x_wconf 81' lang='lat' dir='ltr'>cmrrito</span> <span class='ocrx_word' id='word_1_15' title='bbox 1398 696 1557 783; x_wconf 81' lang='lat' dir='ltr'>Adamo,</span> <span class='ocrx_word' id='word_1_16' title='bbox 1584 713 1646 766; x_wconf 88' lang='lat' dir='ltr'>nee</span> <span class='ocrx_word' id='word_1_17' title='bbox 1671 687 1866 790; x_wconf 76' lang='lat' dir='ltr'>conjugium</span> <span class='ocrx_word' id='word_1_18' title='bbox 1889 695 1925 772; x_wconf 76' lang='lat' dir='ltr'>in</span> 
     </span>
     <span class='ocr_line' id='line_1_3' title="bbox 284 788 1924 884; baseline 0.002 -18"><span class='ocrx_word' id='word_1_19' title='bbox 284 795 496 884; x_wconf 49' lang='lat' dir='ltr'>„uomitu</span> <span class='ocrx_word' id='word_1_20' title='bbox 539 791 659 881; x_wconf 84' lang='lat' dir='ltr'>quibus</span> <span class='ocrx_word' id='word_1_21' title='bbox 681 792 776 864; x_wconf 86' lang='lat' dir='ltr'>verbi</span> <span class='ocrx_word' id='word_1_22' title='bbox 797 796 958 870; x_wconf 73' lang='lat' dir='ltr'>animave</span> <span class='ocrx_word' id='word_1_23' title='bbox 988 793 1101 868; x_wconf 84' lang='lat' dir='ltr'>dulces</span> <span class='ocrx_word' id='word_1_24' title='bbox 1124 793 1208 866; x_wconf 80' lang='lat' dir='ltr'>sicto</span> <span class='ocrx_word' id='word_1_25' title='bbox 1226 795 1425 884; x_wconf 69' lang='lat' dir='ltr'>integritatis</span> <span class='ocrx_word' id='word_1_26' title='bbox 1443 795 1531 866; x_wconf 85' lang='lat' dir='ltr'>inter</span> <span class='ocrx_word' id='word_1_27' title='bbox 1554 788 1643 882; x_wconf 88' lang='lat' dir='ltr'>ipsos</span> <span class='ocrx_word' id='word_1_28' title='bbox 1665 795 1785 868; x_wconf 87' lang='lat' dir='ltr'>initum</span> <span class='ocrx_word' id='word_1_29' title='bbox 1813 792 1924 869; x_wconf 83' lang='lat' dir='ltr'>dissol-</span> 
     </span>
     <span class='ocr_line' id='line_1_4' title="bbox 284 887 1921 982; baseline 0.002 -18"><span class='ocrx_word' id='word_1_30' title='bbox 284 891 968 981; x_wconf 75' lang='lat' dir='ltr'>„rdinricemexprimeccnturodietius,</span> <span class='ocrx_word' id='word_1_31' title='bbox 983 917 1100 980; x_wconf 85' lang='lat' dir='ltr'>quem·</span> <span class='ocrx_word' id='word_1_32' title='bbox 1124 894 1193 980; x_wconf 82' lang='lat' dir='ltr'>vit,</span> <span class='ocrx_word' id='word_1_33' title='bbox 1220 888 1274 964; x_wconf 88' lang='lat' dir='ltr'>sed</span> <span class='ocrx_word' id='word_1_34' title='bbox 1293 889 1376 963; x_wconf 89' lang='lat' dir='ltr'>illud</span> <span class='ocrx_word' id='word_1_35' title='bbox 1394 891 1504 978; x_wconf 89' lang='lat' dir='ltr'>potius</span> <span class='ocrx_word' id='word_1_36' title='bbox 1528 887 1760 980; x_wconf 74' lang='lat' dir='ltr'>confirmavit,</span> <span class='ocrx_word' id='word_1_37' title='bbox 1787 893 1921 982; x_wconf 85' lang='lat' dir='ltr'>quando</span> 
     </span>
     <span class='ocr_line' id='line_1_5' title="bbox 283 984 1926 1088; baseline 0.001 -26"><span class='ocrx_word' id='word_1_38' title='bbox 283 991 510 1074; x_wconf 60' lang='lat' dir='ltr'>‚Monetium</span> <span class='ocrx_word' id='word_1_39' title='bbox 527 984 707 1078; x_wconf 85' lang='lat' dir='ltr'>sponsus&amp;</span> <span class='ocrx_word' id='word_1_40' title='bbox 728 985 863 1079; x_wconf 75' lang='lat' dir='ltr'>sponsa,</span> <span class='ocrx_word' id='word_1_41' title='bbox 888 993 1015 1080; x_wconf 78' lang='lat' dir='ltr'>quippe</span> <span class='ocrx_word' id='word_1_42' title='bbox 1028 992 1101 1078; x_wconf 86' lang='lat' dir='ltr'>qui·</span> <span class='ocrx_word' id='word_1_43' title='bbox 1123 991 1219 1061; x_wconf 83' lang='lat' dir='ltr'>uxori</span> <span class='ocrx_word' id='word_1_44' title='bbox 1234 989 1340 1083; x_wconf 79' lang='lat' dir='ltr'>disits</span> <span class='ocrx_word' id='word_1_45' title='bbox 1364 987 1405 1060; x_wconf 86' lang='lat' dir='ltr'>In</span> <span class='ocrx_word' id='word_1_46' title='bbox 1423 988 1538 1061; x_wconf 84' lang='lat' dir='ltr'>dolore</span> <span class='ocrx_word' id='word_1_47' title='bbox 1552 991 1668 1086; x_wconf 81' lang='lat' dir='ltr'>paritr</span> <span class='ocrx_word' id='word_1_48' title='bbox 1677 989 1796 1088; x_wconf 83' lang='lat' dir='ltr'>filios,</span> <span class='ocrx_word' id='word_1_49' title='bbox 1827 988 1868 1066; x_wconf 60' lang='lat' dir='ltr'>fs</span> <span class='ocrx_word' id='word_1_50' title='bbox 1877 989 1926 1064; x_wconf 76' lang='lat' dir='ltr'>acl</span> 
     </span>
     <span class='ocr_line' id='line_1_6' title="bbox 279 1085 1924 1185; baseline 0.004 -28"><span class='ocrx_word' id='word_1_51' title='bbox 279 1085 395 1168; x_wconf 75' lang='lat' dir='ltr'>„bus</span> <span class='ocrx_word' id='word_1_52' title='bbox 410 1090 523 1160; x_wconf 82' lang='lat' dir='ltr'>omnic</span> <span class='ocrx_word' id='word_1_53' title='bbox 540 1089 749 1172; x_wconf 82' lang='lat' dir='ltr'>communio,</span> <span class='ocrx_word' id='word_1_54' title='bbox 772 1089 819 1158; x_wconf 88' lang='lat' dir='ltr'>nil</span> <span class='ocrx_word' id='word_1_55' title='bbox 839 1091 1036 1176; x_wconf 82' lang='lat' dir='ltr'>proprium,</span> <span class='ocrx_word' id='word_1_56' title='bbox 1052 1085 1100 1157; x_wconf 93' lang='lat' dir='ltr'>nil</span> <span class='ocrx_word' id='word_1_57' title='bbox 1124 1088 1235 1160; x_wconf 87' lang='lat' dir='ltr'>uirum</span> <span class='ocrx_word' id='word_1_58' title='bbox 1257 1086 1450 1185; x_wconf 72' lang='lat' dir='ltr'>destuleriurn</span> <span class='ocrx_word' id='word_1_59' title='bbox 1473 1088 1587 1173; x_wconf 71' lang='lat' dir='ltr'>suurn,</span> <span class='ocrx_word' id='word_1_60' title='bbox 1619 1085 1660 1161; x_wconf 66' lang='lat' dir='ltr'>Es</span> <span class='ocrx_word' id='word_1_61' title='bbox 1677 1085 1746 1185; x_wconf 77' lang='lat' dir='ltr'>ipse</span> <span class='ocrx_word' id='word_1_62' title='bbox 1768 1089 1924 1164; x_wconf 82' lang='lat' dir='ltr'>domino·</span> 
     </span>
     <span class='ocr_line' id='line_1_7' title="bbox 286 1179 1925 1273; baseline 0.004 -19"><span class='ocrx_word' id='word_1_63' title='bbox 286 1207 352 1264; x_wconf 71' lang='lat' dir='ltr'>„a</span> <span class='ocrx_word' id='word_1_64' title='bbox 366 1179 399 1256; x_wconf 90' lang='lat' dir='ltr'>se</span> <span class='ocrx_word' id='word_1_65' title='bbox 418 1180 559 1256; x_wconf 81' lang='lat' dir='ltr'>divisum</span> <span class='ocrx_word' id='word_1_66' title='bbox 575 1181 785 1257; x_wconf 75' lang='lat' dir='ltr'>habentibus.</span> <span class='ocrx_word' id='word_1_67' title='bbox 835 1191 915 1259; x_wconf 90' lang='lat' dir='ltr'>Una</span> <span class='ocrx_word' id='word_1_68' title='bbox 929 1187 1100 1273; x_wconf 83' lang='lat' dir='ltr'>utriusque</span> <span class='ocrx_word' id='word_1_69' title='bbox 1124 1183 1216 1259; x_wconf 85' lang='lat' dir='ltr'>bitur</span> <span class='ocrx_word' id='word_1_70' title='bbox 1235 1183 1311 1258; x_wconf 81' lang='lat' dir='ltr'>riti.</span> <span class='ocrx_word' id='word_1_71' title='bbox 1333 1190 1416 1256; x_wconf 84' lang='lat' dir='ltr'>Gen.</span> <span class='ocrx_word' id='word_1_72' title='bbox 1437 1183 1479 1258; x_wconf 88' lang='lat'>11.</span> <span class='ocrx_word' id='word_1_73' title='bbox 1504 1195 1554 1257; x_wconf 80' lang='lat'>¹6.</span> <span class='ocrx_word' id='word_1_74' title='bbox 1608 1186 1721 1258; x_wconf 89' lang='lat' dir='ltr'>Voluit</span> <span class='ocrx_word' id='word_1_75' title='bbox 1736 1191 1825 1260; x_wconf 86' lang='lat' dir='ltr'>enim</span> <span class='ocrx_word' id='word_1_76' title='bbox 1844 1213 1925 1262; x_wconf 86' lang='lat' dir='ltr'>ton·</span> 
     </span>
     <span class='ocr_line' id='line_1_8' title="bbox 285 1277 1923 1380; baseline 0.006 -28"><span class='ocrx_word' id='word_1_77' title='bbox 285 1277 516 1371; x_wconf 56' lang='lat' dir='ltr'>..herodion</span> <span class='ocrx_word' id='word_1_78' title='bbox 540 1281 604 1353; x_wconf 81' lang='lat' dir='ltr'>un&#39;t</span> <span class='ocrx_word' id='word_1_79' title='bbox 625 1285 768 1364; x_wconf 88' lang='lat' dir='ltr'>domus,</span> <span class='ocrx_word' id='word_1_80' title='bbox 792 1308 857 1356; x_wconf 81' lang='lat' dir='ltr'>unc</span> <span class='ocrx_word' id='word_1_81' title='bbox 870 1280 998 1363; x_wconf 81' lang='lat' dir='ltr'>mensa,</span> <span class='ocrx_word' id='word_1_82' title='bbox 1017 1305 1100 1354; x_wconf 86' lang='lat' dir='ltr'>unus</span> <span class='ocrx_word' id='word_1_83' title='bbox 1123 1286 1255 1376; x_wconf 76' lang='lat' dir='ltr'>jugium</span> <span class='ocrx_word' id='word_1_84' title='bbox 1270 1283 1346 1373; x_wconf 78' lang='lat' dir='ltr'>ipsis</span> <span class='ocrx_word' id='word_1_85' title='bbox 1367 1278 1432 1354; x_wconf 84' lang='lat' dir='ltr'>else</span> <span class='ocrx_word' id='word_1_86' title='bbox 1451 1307 1518 1355; x_wconf 87' lang='lat' dir='ltr'>non</span> <span class='ocrx_word' id='word_1_87' title='bbox 1539 1279 1646 1356; x_wconf 88' lang='lat' dir='ltr'>solum</span> <span class='ocrx_word' id='word_1_88' title='bbox 1671 1286 1841 1380; x_wconf 79' lang='lat' dir='ltr'>officium,</span> <span class='ocrx_word' id='word_1_89' title='bbox 1866 1282 1923 1362; x_wconf 80' lang='lat' dir='ltr'>sed</span> 
     </span>
     <span class='ocr_line' id='line_1_9' title="bbox 289 1377 1922 1472; baseline 0.004 -20"><span class='ocrx_word' id='word_1_90' title='bbox 289 1377 475 1460; x_wconf 58' lang='lat' dir='ltr'>arbutus,</span> <span class='ocrx_word' id='word_1_91' title='bbox 497 1403 563 1452; x_wconf 84' lang='lat' dir='ltr'>une</span> <span class='ocrx_word' id='word_1_92' title='bbox 579 1380 680 1453; x_wconf 80' lang='lat' dir='ltr'>etism</span> <span class='ocrx_word' id='word_1_93' title='bbox 705 1402 794 1452; x_wconf 88' lang='lat' dir='ltr'>erro.</span> <span class='ocrx_word' id='word_1_94' title='bbox 844 1384 1001 1472; x_wconf 85' lang='lat' dir='ltr'>Denique</span> <span class='ocrx_word' id='word_1_95' title='bbox 1021 1404 1101 1470; x_wconf 88' lang='lat' dir='ltr'>pro-</span> <span class='ocrx_word' id='word_1_96' title='bbox 1123 1384 1224 1455; x_wconf 80' lang='lat' dir='ltr'>etium</span> <span class='ocrx_word' id='word_1_97' title='bbox 1246 1378 1425 1454; x_wconf 78' lang='lat' dir='ltr'>remedium</span> <span class='ocrx_word' id='word_1_98' title='bbox 1446 1402 1565 1454; x_wconf 76' lang='lat' dir='ltr'>contre</span> <span class='ocrx_word' id='word_1_99' title='bbox 1594 1381 1739 1456; x_wconf 86' lang='lat' dir='ltr'>libidinis</span> <span class='ocrx_word' id='word_1_100' title='bbox 1764 1384 1922 1460; x_wconf 78' lang='lat' dir='ltr'>morbum</span> 
     </span>
     <span class='ocr_line' id='line_1_10' title="bbox 284 1474 1926 1569; baseline 0.004 -21"><span class='ocrx_word' id='word_1_101' title='bbox 284 1499 406 1568; x_wconf 83' lang='lat' dir='ltr'>„pret</span> <span class='ocrx_word' id='word_1_102' title='bbox 425 1478 512 1550; x_wconf 84' lang='lat' dir='ltr'>ltenc</span> <span class='ocrx_word' id='word_1_103' title='bbox 524 1475 694 1563; x_wconf 85' lang='lat' dir='ltr'>relinquet</span> <span class='ocrx_word' id='word_1_104' title='bbox 711 1474 815 1549; x_wconf 88' lang='lat' dir='ltr'>bomo</span> <span class='ocrx_word' id='word_1_105' title='bbox 831 1499 964 1567; x_wconf 79' lang='lat' dir='ltr'>petrem</span> <span class='ocrx_word' id='word_1_106' title='bbox 981 1488 1016 1554; x_wconf 81' lang='grc' dir='ltr'>δι</span> <span class='ocrx_word' id='word_1_107' title='bbox 1032 1503 1100 1550; x_wconf 87' lang='lat' dir='ltr'>mr·</span> <span class='ocrx_word' id='word_1_108' title='bbox 1123 1503 1163 1552; x_wconf 86' lang='lat' dir='ltr'>ex</span> <span class='ocrx_word' id='word_1_109' title='bbox 1181 1500 1321 1569; x_wconf 73' lang='lat' dir='ltr'>peccato</span> <span class='ocrx_word' id='word_1_110' title='bbox 1348 1482 1566 1552; x_wconf 73' lang='lat' dir='ltr'>contraitum.</span> <span class='ocrx_word' id='word_1_111' title='bbox 1616 1486 1671 1554; x_wconf 90' lang='lat' dir='ltr'>De</span> <span class='ocrx_word' id='word_1_112' title='bbox 1690 1480 1756 1554; x_wconf 89' lang='lat' dir='ltr'>hoc</span> <span class='ocrx_word' id='word_1_113' title='bbox 1781 1480 1847 1556; x_wconf 87' lang='lat' dir='ltr'>fine</span> <span class='ocrx_word' id='word_1_114' title='bbox 1872 1482 1926 1555; x_wconf 87' lang='lat' dir='ltr'>lo·</span> 
     </span>
     <span class='ocr_line' id='line_1_11' title="bbox 283 1571 1923 1674; baseline 0.004 -26"><span class='ocrx_word' id='word_1_115' title='bbox 283 1597 437 1664; x_wconf 66' lang='lat' dir='ltr'>..trem</span> <span class='ocrx_word' id='word_1_116' title='bbox 461 1571 702 1652; x_wconf 72' lang='lat' dir='ltr'>&amp;rdhaeccbit</span> <span class='ocrx_word' id='word_1_117' title='bbox 722 1572 922 1655; x_wconf 75' lang='lat' dir='ltr'>uxorisne,</span> <span class='ocrx_word' id='word_1_118' title='bbox 949 1586 983 1650; x_wconf 90' lang='lat'><strong>&amp;</strong></span> <span class='ocrx_word' id='word_1_119' title='bbox 999 1597 1099 1648; x_wconf 84' lang='lat' dir='ltr'>erunt</span> <span class='ocrx_word' id='word_1_120' title='bbox 1122 1597 1289 1665; x_wconf 85' lang='lat' dir='ltr'>quuntur:</span> <span class='ocrx_word' id='word_1_121' title='bbox 1332 1574 1380 1672; x_wconf 88' lang='grc' dir='ltr'>ι.)</span> <span class='ocrx_word' id='word_1_122' title='bbox 1411 1573 1597 1674; x_wconf 77' lang='lat' dir='ltr'>Scriptum</span> <span class='ocrx_word' id='word_1_123' title='bbox 1625 1579 1779 1653; x_wconf 86' lang='lat' dir='ltr'>oraculo.</span> <span class='ocrx_word' id='word_1_124' title='bbox 1807 1585 1923 1656; x_wconf 83' lang='lat' dir='ltr'>tCor.</span> 
     </span>
    </p>
   </div>
   <div class='ocr_carea' id='block_1_3' title="bbox 281 1671 2122 1871">
    <p class='ocr_par' dir='ltr' id='par_1_3' title="bbox 281 1671 2122 1871">
     <span class='ocr_line' id='line_1_12' title="bbox 281 1671 2071 1774; baseline 0 -25"><span class='ocrx_word' id='word_1_125' title='bbox 281 1677 457 1760; x_wconf 69' lang='lat' dir='ltr'>..donin</span> <span class='ocrx_word' id='word_1_126' title='bbox 473 1691 574 1760; x_wconf 75' lang='lat' dir='ltr'>corne</span> <span class='ocrx_word' id='word_1_127' title='bbox 595 1697 683 1744; x_wconf 80' lang='lat' dir='ltr'>unc:</span> <span class='ocrx_word' id='word_1_128' title='bbox 714 1671 785 1742; x_wconf 81' lang='lat' dir='ltr'>lucc</span> <span class='ocrx_word' id='word_1_129' title='bbox 804 1697 940 1762; x_wconf 78' lang='lat' dir='ltr'>quoque</span> <span class='ocrx_word' id='word_1_130' title='bbox 953 1671 1099 1774; x_wconf 73' lang='lat' dir='ltr'>[jubetur</span> <span class='ocrx_word' id='word_1_131' title='bbox 1124 1671 1206 1747; x_wconf 87' lang='lat' dir='ltr'>Vll.</span> <span class='ocrx_word' id='word_1_132' title='bbox 1228 1702 1262 1749; x_wconf 90' lang='lat'>2.</span> <span class='ocrx_word' id='word_1_133' title='bbox 1322 1671 1470 1772; x_wconf 78' lang='lat' dir='ltr'>Propter</span> <span class='ocrx_word' id='word_1_134' title='bbox 1489 1674 1764 1769; x_wconf 78' lang='lat' dir='ltr'>fornicationes,</span> <span class='ocrx_word' id='word_1_135' title='bbox 1794 1673 1919 1752; x_wconf 83' lang='lat' dir='ltr'>scilicet</span> <span class='ocrx_word' id='word_1_136' title='bbox 2060 1713 2071 1759; x_wconf 92' lang='lat'>·.</span> 
     </span>
     <span class='ocr_line' id='line_1_13' title="bbox 283 1764 2122 1871; baseline -0.001 -24"><span class='ocrx_word' id='word_1_137' title='bbox 283 1769 543 1860; x_wconf 74' lang='lat' dir='ltr'>„nibilominus</span> <span class='ocrx_word' id='word_1_138' title='bbox 562 1764 713 1844; x_wconf 78' lang='lat' dir='ltr'>oblivisci</span> <span class='ocrx_word' id='word_1_139' title='bbox 730 1769 897 1862; x_wconf 89' lang='lat' dir='ltr'>populum</span> <span class='ocrx_word' id='word_1_140' title='bbox 912 1767 1031 1852; x_wconf 87' lang='lat' dir='ltr'>suum,</span> <span class='ocrx_word' id='word_1_141' title='bbox 1062 1781 1098 1844; x_wconf 73' lang='grc' dir='ltr'>δι</span> <span class='ocrx_word' id='word_1_142' title='bbox 1122 1773 1292 1854; x_wconf 74' lang='lat' dir='ltr'>vitandus,</span> <span class='ocrx_word' id='word_1_143' title='bbox 1313 1771 1435 1846; x_wconf 77' lang='lat' dir='ltr'>habeut</span> <span class='ocrx_word' id='word_1_144' title='bbox 1451 1772 1592 1869; x_wconf 78' lang='lat' dir='ltr'>quilibet</span> <span class='ocrx_word' id='word_1_145' title='bbox 1609 1799 1747 1850; x_wconf 84' lang='lat' dir='ltr'>uxorem</span> <span class='ocrx_word' id='word_1_146' title='bbox 1760 1774 1860 1871; x_wconf 84' lang='lat' dir='ltr'>suurn</span> <span class='ocrx_word' id='word_1_147' title='bbox 1879 1770 1922 1850; x_wconf 66' lang='grc' dir='ltr'><strong><em>Β</em></strong></span> <span class='ocrx_word' id='word_1_148' title='bbox 2060 1803 2063 1810; x_wconf 96' lang='grc'><em>·</em></span> <span class='ocrx_word' id='word_1_149' title='bbox 2119 1799 2122 1806; x_wconf 92' lang='lat'><em>·</em></span> 
     </span>
    </p>
   </div>
   <div class='ocr_carea' id='block_1_4' title="bbox 276 1865 1922 2062">
    <p class='ocr_par' dir='ltr' id='par_1_4' title="bbox 276 1865 1922 2062">
     <span class='ocr_line' id='line_1_14' title="bbox 281 1865 1922 1968; baseline 0.001 -24"><span class='ocrx_word' id='word_1_150' title='bbox 281 1873 467 1953; x_wconf 46' lang='lat' dir='ltr'>niumm</span> <span class='ocrx_word' id='word_1_151' title='bbox 485 1865 668 1957; x_wconf 84' lang='lat' dir='ltr'>patrissui,</span> <span class='ocrx_word' id='word_1_152' title='bbox 691 1887 727 1938; x_wconf 87' lang='lat' dir='ltr'>ut</span> <span class='ocrx_word' id='word_1_153' title='bbox 739 1865 950 1957; x_wconf 81' lang='lat' dir='ltr'>concupiscat</span> <span class='ocrx_word' id='word_1_154' title='bbox 966 1867 1025 1943; x_wconf 85' lang='lat' dir='ltr'>ille</span> <span class='ocrx_word' id='word_1_155' title='bbox 1038 1870 1096 1941; x_wconf 89' lang='lat' dir='ltr'>de·</span> <span class='ocrx_word' id='word_1_156' title='bbox 1120 1868 1275 1966; x_wconf 78' lang='lat' dir='ltr'>quelibet</span> <span class='ocrx_word' id='word_1_157' title='bbox 1294 1872 1405 1947; x_wconf 81' lang='lat' dir='ltr'>uirum</span> <span class='ocrx_word' id='word_1_158' title='bbox 1413 1871 1525 1968; x_wconf 87' lang='lat' dir='ltr'>suum.</span> <span class='ocrx_word' id='word_1_159' title='bbox 1574 1877 1740 1964; x_wconf 79' lang='lat' dir='ltr'>Loquitur</span> <span class='ocrx_word' id='word_1_160' title='bbox 1753 1872 1922 1963; x_wconf 80' lang='lat' dir='ltr'>apossolus</span> 
     </span>
     <span class='ocr_line' id='line_1_15' title="bbox 276 1962 1920 2062; baseline 0.001 -21"><span class='ocrx_word' id='word_1_161' title='bbox 276 1991 447 2050; x_wconf 73' lang='lat' dir='ltr'>..torem</span> <span class='ocrx_word' id='word_1_162' title='bbox 465 1975 547 2055; x_wconf 86' lang='lat' dir='ltr'>ejus.</span> <span class='ocrx_word' id='word_1_163' title='bbox 598 1967 631 2038; x_wconf 83' lang='lat' dir='ltr'>si</span> <span class='ocrx_word' id='word_1_164' title='bbox 659 1989 747 2057; x_wconf 78' lang='lat' dir='ltr'>ergo</span> <span class='ocrx_word' id='word_1_165' title='bbox 773 1990 885 2038; x_wconf 84' lang='lat' dir='ltr'>amare</span> <span class='ocrx_word' id='word_1_166' title='bbox 913 1962 1096 2056; x_wconf 87' lang='lat' dir='ltr'>specialiter</span> <span class='ocrx_word' id='word_1_167' title='bbox 1120 1970 1155 2040; x_wconf 91' lang='lat' dir='ltr'>in</span> <span class='ocrx_word' id='word_1_168' title='bbox 1173 1968 1324 2062; x_wconf 72' lang='lat' dir='ltr'>plurali,</span> <span class='ocrx_word' id='word_1_169' title='bbox 1350 1974 1392 2044; x_wconf 87' lang='lat' dir='ltr'>cd</span> <span class='ocrx_word' id='word_1_170' title='bbox 1410 1976 1636 2046; x_wconf 78' lang='lat' dir='ltr'>denoundnm</span> <span class='ocrx_word' id='word_1_171' title='bbox 1658 1976 1802 2062; x_wconf 81' lang='lat' dir='ltr'>quodvis</span> <span class='ocrx_word' id='word_1_172' title='bbox 1821 1972 1920 2044; x_wconf 92' lang='lat' dir='ltr'>illici·</span> 
     </span>
    </p>
   </div>
   <div class='ocr_carea' id='block_1_5' title="bbox 278 2062 2027 2161">
    <p class='ocr_par' dir='ltr' id='par_1_5' title="bbox 278 2062 2027 2161">
     <span class='ocr_line' id='line_1_16' title="bbox 278 2062 2027 2161; baseline 0.003 -23"><span class='ocrx_word' id='word_1_173' title='bbox 278 2062 1097 2158; x_wconf 69' lang='lat' dir='ltr'>„sponlispeculicrirerqucconvenit,nonim·</span> <span class='ocrx_word' id='word_1_174' title='bbox 1120 2069 1320 2140; x_wconf 68' lang='lat' dir='ltr'>reveneris</span> <span class='ocrx_word' id='word_1_175' title='bbox 1345 2093 1450 2158; x_wconf 77' lang='lat' dir='ltr'>genus</span> <span class='ocrx_word' id='word_1_176' title='bbox 1477 2081 1513 2145; x_wconf 74' lang='grc' dir='ltr'>δι</span> <span class='ocrx_word' id='word_1_177' title='bbox 1536 2074 1687 2161; x_wconf 81' lang='lat' dir='ltr'>quamvis</span> <span class='ocrx_word' id='word_1_178' title='bbox 1709 2063 1918 2142; x_wconf 80' lang='lat' dir='ltr'>libidinosam</span> <span class='ocrx_word' id='word_1_179' title='bbox 2023 2103 2027 2122; x_wconf 86' lang='lat'>·</span> 
     </span>
    </p>
   </div>
   <div class='ocr_carea' id='block_1_6' title="bbox 276 2157 1920 3143">
    <p class='ocr_par' dir='ltr' id='par_1_6' title="bbox 276 2157 1920 3143">
     <span class='ocr_line' id='line_1_17' title="bbox 279 2157 1918 2255; baseline 0 -17"><span class='ocrx_word' id='word_1_180' title='bbox 279 2163 448 2252; x_wconf 59' lang='lat' dir='ltr'>„mento</span> <span class='ocrx_word' id='word_1_181' title='bbox 476 2157 602 2253; x_wconf 70' lang='lat' dir='ltr'>spons:</span> <span class='ocrx_word' id='word_1_182' title='bbox 623 2164 762 2233; x_wconf 85' lang='lat' dir='ltr'>nomine</span> <span class='ocrx_word' id='word_1_183' title='bbox 784 2159 938 2235; x_wconf 86' lang='lat' dir='ltr'>censetur</span> <span class='ocrx_word' id='word_1_184' title='bbox 963 2167 1096 2243; x_wconf 78' lang='lat' dir='ltr'>animo,</span> <span class='ocrx_word' id='word_1_185' title='bbox 1120 2167 1273 2254; x_wconf 87' lang='lat' dir='ltr'>corporis</span> <span class='ocrx_word' id='word_1_186' title='bbox 1291 2166 1534 2255; x_wconf 82' lang='lat' dir='ltr'>pollutionem,</span> <span class='ocrx_word' id='word_1_187' title='bbox 1560 2192 1603 2242; x_wconf 85' lang='lat' dir='ltr'>nt</span> <span class='ocrx_word' id='word_1_188' title='bbox 1621 2166 1682 2241; x_wconf 87' lang='lat' dir='ltr'>srbi</span> <span class='ocrx_word' id='word_1_189' title='bbox 1695 2168 1918 2251; x_wconf 83' lang='lat' dir='ltr'>blendientur,</span> 
     </span>
     <span class='ocr_line' id='line_1_18' title="bbox 283 2256 1920 2360; baseline 0.002 -26"><span class='ocrx_word' id='word_1_190' title='bbox 283 2285 402 2352; x_wconf 67' lang='lat' dir='ltr'>„qun</span> <span class='ocrx_word' id='word_1_191' title='bbox 415 2283 516 2352; x_wconf 77' lang='lat' dir='ltr'>umet.</span> <span class='ocrx_word' id='word_1_192' title='bbox 531 2256 746 2334; x_wconf 72' lang='lat' dir='ltr'>tuntardus</span> <span class='ocrx_word' id='word_1_193' title='bbox 759 2256 819 2334; x_wconf 79' lang='lat' dir='ltr'>sib.</span> <span class='ocrx_word' id='word_1_194' title='bbox 835 2258 858 2332; x_wconf 89' lang='lat' dir='ltr'><em>I</em></span> <span class='ocrx_word' id='word_1_195' title='bbox 863 2259 907 2333; x_wconf 90' lang='lat' dir='ltr'>V.</span> <span class='ocrx_word' id='word_1_196' title='bbox 917 2258 1005 2357; x_wconf 87' lang='lat' dir='ltr'>sent.</span> <span class='ocrx_word' id='word_1_197' title='bbox 1019 2259 1094 2360; x_wconf 76' lang='lat' dir='ltr'>dist.</span> <span class='ocrx_word' id='word_1_198' title='bbox 1119 2263 1177 2348; x_wconf 81' lang='lat' dir='ltr'>qui</span> <span class='ocrx_word' id='word_1_199' title='bbox 1199 2288 1219 2334; x_wconf 88' lang='lat' dir='ltr'>a</span> <span class='ocrx_word' id='word_1_200' title='bbox 1246 2261 1459 2335; x_wconf 85' lang='lat' dir='ltr'>soeminarum</span> <span class='ocrx_word' id='word_1_201' title='bbox 1492 2263 1671 2355; x_wconf 85' lang='lat' dir='ltr'>complexu</span> <span class='ocrx_word' id='word_1_202' title='bbox 1701 2263 1760 2338; x_wconf 80' lang='lat' dir='ltr'>fibi</span> <span class='ocrx_word' id='word_1_203' title='bbox 1791 2286 1920 2354; x_wconf 84' lang='lat' dir='ltr'>tempe·</span> 
     </span>
     <span class='ocr_line' id='line_1_19' title="bbox 282 2354 1919 2452; baseline 0.001 -20"><span class='ocrx_word' id='word_1_204' title='bbox 282 2367 389 2442; x_wconf 69' lang='lat'><em>„26.</em></span> <span class='ocrx_word' id='word_1_205' title='bbox 402 2355 509 2434; x_wconf 68' lang='lat' dir='ltr'>litis.</span> <span class='ocrx_word' id='word_1_206' title='bbox 558 2360 809 2448; x_wconf 73' lang='lat' dir='ltr'>Coniugium&amp;</span> <span class='ocrx_word' id='word_1_207' title='bbox 823 2354 949 2431; x_wconf 82' lang='lat' dir='ltr'>sottum</span> <span class='ocrx_word' id='word_1_208' title='bbox 964 2359 1095 2452; x_wconf 79' lang='lat' dir='ltr'>sgnum</span> <span class='ocrx_word' id='word_1_209' title='bbox 1119 2381 1212 2445; x_wconf 84' lang='lat' dir='ltr'>rant,</span> <span class='ocrx_word' id='word_1_210' title='bbox 1237 2383 1335 2448; x_wconf 83' lang='lat' dir='ltr'>utque</span> <span class='ocrx_word' id='word_1_211' title='bbox 1357 2364 1490 2435; x_wconf 88' lang='lat' dir='ltr'>interim</span> <span class='ocrx_word' id='word_1_212' title='bbox 1512 2363 1656 2435; x_wconf 84' lang='lat' dir='ltr'>libidinis</span> <span class='ocrx_word' id='word_1_213' title='bbox 1677 2361 1817 2435; x_wconf 76' lang='lat' dir='ltr'>flammis</span> <span class='ocrx_word' id='word_1_214' title='bbox 1840 2364 1919 2435; x_wconf 71' lang='lat' dir='ltr'>visti</span> 
     </span>
     <span class='ocr_line' id='line_1_20' title="bbox 276 2453 1920 2554; baseline 0.003 -26"><span class='ocrx_word' id='word_1_215' title='bbox 276 2459 372 2544; x_wconf 81' lang='lat' dir='ltr'>„eu</span> <span class='ocrx_word' id='word_1_216' title='bbox 393 2465 434 2542; x_wconf 73' lang='lat' dir='ltr'>dc</span> <span class='ocrx_word' id='word_1_217' title='bbox 460 2453 558 2530; x_wconf 82' lang='lat' dir='ltr'>secrae</span> <span class='ocrx_word' id='word_1_218' title='bbox 586 2457 664 2544; x_wconf 87' lang='lat' dir='ltr'>rei,</span> <span class='ocrx_word' id='word_1_219' title='bbox 700 2453 821 2531; x_wconf 88' lang='lat' dir='ltr'>scilicet</span> <span class='ocrx_word' id='word_1_220' title='bbox 851 2456 1096 2554; x_wconf 64' lang='lat' dir='ltr'>conjunctionis</span> <span class='ocrx_word' id='word_1_221' title='bbox 1119 2457 1295 2530; x_wconf 90' lang='lat' dir='ltr'>mollitiem</span> <span class='ocrx_word' id='word_1_222' title='bbox 1306 2457 1428 2531; x_wconf 80' lang='lat' dir='ltr'>rliosve</span> <span class='ocrx_word' id='word_1_223' title='bbox 1445 2459 1576 2532; x_wconf 90' lang='lat' dir='ltr'>illicitos</span> <span class='ocrx_word' id='word_1_224' title='bbox 1590 2459 1778 2550; x_wconf 77' lang='lat' dir='ltr'>congressus</span> <span class='ocrx_word' id='word_1_225' title='bbox 1796 2460 1920 2533; x_wconf 75' lang='lat' dir='ltr'>setian-</span> 
     </span>
     <span class='ocr_line' id='line_1_21' title="bbox 286 2548 1920 2651; baseline 0.001 -22"><span class='ocrx_word' id='word_1_226' title='bbox 286 2551 453 2642; x_wconf 73' lang='lat' dir='ltr'>„currui</span> <span class='ocrx_word' id='word_1_227' title='bbox 473 2565 509 2630; x_wconf 79' lang='lat' dir='ltr'>dt</span> <span class='ocrx_word' id='word_1_228' title='bbox 528 2548 671 2628; x_wconf 78' lang='lat' dir='ltr'>ecclesie</span> <span class='ocrx_word' id='word_1_229' title='bbox 697 2562 760 2626; x_wconf 79' lang='lat' dir='ltr'>dec.</span> <span class='ocrx_word' id='word_1_230' title='bbox 829 2559 879 2626; x_wconf 90' lang='lat' dir='ltr'>Ut</span> <span class='ocrx_word' id='word_1_231' title='bbox 895 2559 985 2628; x_wconf 88' lang='lat' dir='ltr'>enim</span> <span class='ocrx_word' id='word_1_232' title='bbox 1008 2558 1094 2627; x_wconf 85' lang='lat' dir='ltr'>inter</span> <span class='ocrx_word' id='word_1_233' title='bbox 1118 2576 1182 2626; x_wconf 87' lang='lat' dir='ltr'>tur.</span> <span class='ocrx_word' id='word_1_234' title='bbox 1241 2561 1294 2628; x_wconf 91' lang='lat' dir='ltr'>Ur</span> <span class='ocrx_word' id='word_1_235' title='bbox 1310 2555 1469 2647; x_wconf 79' lang='lat' dir='ltr'>crgoilli,</span> <span class='ocrx_word' id='word_1_236' title='bbox 1495 2561 1552 2651; x_wconf 86' lang='lat' dir='ltr'>qui</span> <span class='ocrx_word' id='word_1_237' title='bbox 1569 2557 1728 2647; x_wconf 77' lang='lat' dir='ltr'>peculiari</span> <span class='ocrx_word' id='word_1_238' title='bbox 1744 2561 1920 2638; x_wconf 63' lang='lat' dir='ltr'>continear</span> 
     </span>
     <span class='ocr_line' id='line_1_22' title="bbox 283 2647 1919 2744; baseline 0.001 -19"><span class='ocrx_word' id='word_1_239' title='bbox 283 2659 492 2744; x_wconf 66' lang='lat' dir='ltr'>¹·„conjtrges</span> <span class='ocrx_word' id='word_1_240' title='bbox 514 2653 708 2740; x_wconf 74' lang='lat' dir='ltr'>conjunctio</span> <span class='ocrx_word' id='word_1_241' title='bbox 736 2653 784 2725; x_wconf 84' lang='lat' dir='ltr'>esi</span> <span class='ocrx_word' id='word_1_242' title='bbox 811 2647 987 2725; x_wconf 87' lang='lat' dir='ltr'>secundum</span> <span class='ocrx_word' id='word_1_243' title='bbox 1013 2678 1095 2725; x_wconf 87' lang='lat' dir='ltr'>con·</span> <span class='ocrx_word' id='word_1_244' title='bbox 1117 2654 1171 2723; x_wconf 74' lang='lat' dir='ltr'>tin</span> <span class='ocrx_word' id='word_1_245' title='bbox 1191 2656 1285 2725; x_wconf 90' lang='lat' dir='ltr'>dono</span> <span class='ocrx_word' id='word_1_246' title='bbox 1298 2654 1447 2726; x_wconf 76' lang='lat' dir='ltr'>inslrudti</span> <span class='ocrx_word' id='word_1_247' title='bbox 1469 2679 1536 2727; x_wconf 88' lang='lat' dir='ltr'>oon</span> <span class='ocrx_word' id='word_1_248' title='bbox 1551 2651 1648 2736; x_wconf 79' lang='lat' dir='ltr'>sunt,</span> <span class='ocrx_word' id='word_1_249' title='bbox 1673 2658 1836 2729; x_wconf 78' lang='lat' dir='ltr'>retineant</span> <span class='ocrx_word' id='word_1_250' title='bbox 1855 2655 1919 2726; x_wconf 89' lang='lat' dir='ltr'>bo·</span> 
     </span>
     <span class='ocr_line' id='line_1_23' title="bbox 281 2745 1919 2843; baseline 0.001 -19"><span class='ocrx_word' id='word_1_251' title='bbox 281 2745 457 2836; x_wconf 69' lang='lat' dir='ltr'>„ussum</span> <span class='ocrx_word' id='word_1_252' title='bbox 480 2752 693 2831; x_wconf 80' lang='lat' dir='ltr'>culmorum,</span> <span class='ocrx_word' id='word_1_253' title='bbox 715 2759 751 2823; x_wconf 79' lang='lat' dir='ltr'>dt</span> <span class='ocrx_word' id='word_1_254' title='bbox 770 2745 950 2823; x_wconf 87' lang='lat' dir='ltr'>secundum</span> <span class='ocrx_word' id='word_1_255' title='bbox 967 2755 1093 2839; x_wconf 85' lang='lat' dir='ltr'>permi-</span> <span class='ocrx_word' id='word_1_256' title='bbox 1116 2774 1194 2822; x_wconf 84' lang='lat' dir='ltr'>orm</span> <span class='ocrx_word' id='word_1_257' title='bbox 1211 2748 1468 2843; x_wconf 76' lang='lat' dir='ltr'>conscientium,</span> <span class='ocrx_word' id='word_1_258' title='bbox 1495 2777 1558 2826; x_wconf 83' lang='lat' dir='ltr'>nec</span> <span class='ocrx_word' id='word_1_259' title='bbox 1574 2755 1609 2824; x_wconf 88' lang='lat' dir='ltr'>in</span> <span class='ocrx_word' id='word_1_260' title='bbox 1626 2755 1796 2843; x_wconf 86' lang='lat' dir='ltr'>perpetuis</span> <span class='ocrx_word' id='word_1_261' title='bbox 1815 2749 1919 2826; x_wconf 55' lang='lat' dir='ltr'>uuioss</span> 
     </span>
     <span class='ocr_line' id='line_1_24' title="bbox 282 2843 1916 2938; baseline 0.004 -18"><span class='ocrx_word' id='word_1_262' title='bbox 282 2849 482 2930; x_wconf 69' lang='lat' dir='ltr'>„rtiorrem</span> <span class='ocrx_word' id='word_1_263' title='bbox 501 2867 709 2936; x_wconf 88' lang='lat' dir='ltr'>corporum:</span> <span class='ocrx_word' id='word_1_264' title='bbox 736 2843 779 2917; x_wconf 85' lang='lat' dir='ltr'>src</span> <span class='ocrx_word' id='word_1_265' title='bbox 801 2845 936 2919; x_wconf 80' lang='lat' dir='ltr'>ecclesia</span> <span class='ocrx_word' id='word_1_266' title='bbox 960 2848 1094 2923; x_wconf 87' lang='lat' dir='ltr'>Christo</span> <span class='ocrx_word' id='word_1_267' title='bbox 1117 2845 1214 2920; x_wconf 87' lang='lat' dir='ltr'>nibus</span> <span class='ocrx_word' id='word_1_268' title='bbox 1239 2853 1374 2936; x_wconf 82' lang='lat' dir='ltr'>vivont,</span> <span class='ocrx_word' id='word_1_269' title='bbox 1413 2850 1449 2938; x_wconf 84' lang='lat' dir='ltr'>in</span> <span class='ocrx_word' id='word_1_270' title='bbox 1469 2851 1683 2922; x_wconf 88' lang='lat' dir='ltr'>matrimonio</span> <span class='ocrx_word' id='word_1_271' title='bbox 1714 2874 1774 2923; x_wconf 90' lang='lat' dir='ltr'>eos</span> <span class='ocrx_word' id='word_1_272' title='bbox 1801 2853 1916 2926; x_wconf 83' lang='lat' dir='ltr'>vivere</span> 
     </span>
     <span class='ocr_line' id='line_1_25' title="bbox 282 2943 1916 3037; baseline 0 -19"><span class='ocrx_word' id='word_1_273' title='bbox 282 2945 689 3036; x_wconf 75' lang='lat' dir='ltr'>„copuumrvoluntate</span> <span class='ocrx_word' id='word_1_274' title='bbox 707 2954 741 3018; x_wconf 70' lang='grc' dir='ltr'>ἃ</span> <span class='ocrx_word' id='word_1_275' title='bbox 760 2967 895 3024; x_wconf 82' lang='lat' dir='ltr'>notura,</span> <span class='ocrx_word' id='word_1_276' title='bbox 920 2948 1093 3034; x_wconf 85' lang='lat' dir='ltr'>quiaidern</span> <span class='ocrx_word' id='word_1_277' title='bbox 1116 2944 1221 3031; x_wconf 79' lang='lat' dir='ltr'>jubet.</span> <span class='ocrx_word' id='word_1_278' title='bbox 1242 2973 1273 3021; x_wconf 83' lang='lat' dir='ltr'>r.</span> <span class='ocrx_word' id='word_1_279' title='bbox 1302 2968 1337 3037; x_wconf 83' lang='lat'>3.</span> <span class='ocrx_word' id='word_1_280' title='bbox 1403 2943 1519 3021; x_wconf 83' lang='lat' dir='ltr'>Uxori</span> <span class='ocrx_word' id='word_1_281' title='bbox 1537 2948 1593 3020; x_wconf 87' lang='lat' dir='ltr'>uir</span> <span class='ocrx_word' id='word_1_282' title='bbox 1614 2945 1761 3022; x_wconf 83' lang='lat' dir='ltr'>debiturn</span> <span class='ocrx_word' id='word_1_283' title='bbox 1781 2946 1916 3022; x_wconf 85' lang='lat' dir='ltr'>benevo-</span> 
     </span>
     <span class='ocr_line' id='line_1_26' title="bbox 292 3038 1916 3143; baseline 0.004 -27"><span class='ocrx_word' id='word_1_284' title='bbox 292 3042 503 3124; x_wconf 81' lang='lat' dir='ltr'>„vulteum</span> <span class='ocrx_word' id='word_1_285' title='bbox 527 3068 592 3132; x_wconf 89' lang='lat' dir='ltr'>co,</span> <span class='ocrx_word' id='word_1_286' title='bbox 618 3051 653 3116; x_wconf 74' lang='grc' dir='ltr'>δι</span> <span class='ocrx_word' id='word_1_287' title='bbox 673 3041 740 3130; x_wconf 86' lang='lat' dir='ltr'>ipsc</span> <span class='ocrx_word' id='word_1_288' title='bbox 764 3038 874 3114; x_wconf 80' lang='lat' dir='ltr'>sumsit</span> <span class='ocrx_word' id='word_1_289' title='bbox 894 3041 1036 3115; x_wconf 75' lang='lat' dir='ltr'>formem</span> <span class='ocrx_word' id='word_1_290' title='bbox 1051 3045 1094 3116; x_wconf 88' lang='lat' dir='ltr'>de</span> <span class='ocrx_word' id='word_1_291' title='bbox 1117 3042 1256 3117; x_wconf 77' lang='lat' dir='ltr'>sentiam</span> <span class='ocrx_word' id='word_1_292' title='bbox 1277 3043 1419 3125; x_wconf 81' lang='lat' dir='ltr'>reddat,</span> <span class='ocrx_word' id='word_1_293' title='bbox 1444 3045 1606 3143; x_wconf 82' lang='lat' dir='ltr'>stmisiter</span> <span class='ocrx_word' id='word_1_294' title='bbox 1629 3057 1739 3119; x_wconf 79' lang='lat' dir='ltr'>autern</span> <span class='ocrx_word' id='word_1_295' title='bbox 1762 3042 1803 3120; x_wconf 63' lang='grc' dir='ltr'><strong><em>Θ</em></strong></span> <span class='ocrx_word' id='word_1_296' title='bbox 1826 3067 1916 3123; x_wconf 81' lang='lat' dir='ltr'>uxot</span> 
     </span>
    </p>
   </div>
   <div class='ocr_carea' id='block_1_7' title="bbox 291 3137 2033 3236">
    <p class='ocr_par' dir='ltr' id='par_1_7' title="bbox 291 3137 2033 3236">
     <span class='ocr_line' id='line_1_27' title="bbox 291 3137 2033 3236; baseline 0 -22"><span class='ocrx_word' id='word_1_297' title='bbox 291 3163 446 3226; x_wconf 75' lang='lat' dir='ltr'>„natura</span> <span class='ocrx_word' id='word_1_298' title='bbox 462 3141 614 3214; x_wconf 82' lang='lat' dir='ltr'>hominis.</span> <span class='ocrx_word' id='word_1_299' title='bbox 657 3139 824 3228; x_wconf 83' lang='lat' dir='ltr'>Copuiatr</span> <span class='ocrx_word' id='word_1_300' title='bbox 839 3142 886 3210; x_wconf 82' lang='lat' dir='ltr'>esi</span> <span class='ocrx_word' id='word_1_301' title='bbox 901 3138 1092 3231; x_wconf 85' lang='lat' dir='ltr'>ergospon·</span> <span class='ocrx_word' id='word_1_302' title='bbox 1118 3143 1202 3216; x_wconf 85' lang='lat' dir='ltr'>uiro.</span> <span class='ocrx_word' id='word_1_303' title='bbox 1254 3149 1292 3213; x_wconf 88' lang='lat' dir='ltr'>ln</span> <span class='ocrx_word' id='word_1_304' title='bbox 1307 3149 1423 3215; x_wconf 83' lang='lat' dir='ltr'>Graeco</span> <span class='ocrx_word' id='word_1_305' title='bbox 1441 3146 1488 3216; x_wconf 85' lang='lat' dir='ltr'>est</span> <span class='ocrx_word' id='word_1_306' title='bbox 1507 3137 1729 3227; x_wconf 62' lang='grc' dir='ltr'>ἀποδιδότω,</span> <span class='ocrx_word' id='word_1_307' title='bbox 1750 3165 1788 3216; x_wconf 92' lang='lat' dir='ltr'>ut</span> <span class='ocrx_word' id='word_1_308' title='bbox 1806 3148 1915 3236; x_wconf 84' lang='lat' dir='ltr'>expri.</span> <span class='ocrx_word' id='word_1_309' title='bbox 2029 3141 2033 3148; x_wconf 74' lang='grc'>’</span> 
     </span>
    </p>
   </div>
   <div class='ocr_carea' id='block_1_8' title="bbox 234 3235 1954 5288">
    <p class='ocr_par' dir='ltr' id='par_1_8' title="bbox 234 3235 1954 5288">
     <span class='ocr_line' id='line_1_28' title="bbox 289 3235 1917 3333; baseline 0.002 -21"><span class='ocrx_word' id='word_1_310' title='bbox 289 3235 357 3326; x_wconf 80' lang='lat' dir='ltr'>„sa</span> <span class='ocrx_word' id='word_1_311' title='bbox 373 3236 495 3331; x_wconf 90' lang='lat' dir='ltr'>sponso</span> <span class='ocrx_word' id='word_1_312' title='bbox 511 3235 722 3330; x_wconf 82' lang='lat' dir='ltr'>spiritualiter</span> <span class='ocrx_word' id='word_1_313' title='bbox 738 3247 771 3312; x_wconf 72' lang='lat' dir='ltr'>bc</span> <span class='ocrx_word' id='word_1_314' title='bbox 786 3239 1020 3326; x_wconf 79' lang='lat' dir='ltr'>corporaliter,</span> <span class='ocrx_word' id='word_1_315' title='bbox 1031 3238 1092 3311; x_wconf 87' lang='lat' dir='ltr'>hoc</span> <span class='ocrx_word' id='word_1_316' title='bbox 1119 3264 1229 3310; x_wconf 88' lang='lat' dir='ltr'>matur</span> <span class='ocrx_word' id='word_1_317' title='bbox 1254 3262 1405 3311; x_wconf 84' lang='lat' dir='ltr'>mutuum</span> <span class='ocrx_word' id='word_1_318' title='bbox 1433 3240 1516 3311; x_wconf 89' lang='lat' dir='ltr'>illud</span> <span class='ocrx_word' id='word_1_319' title='bbox 1538 3243 1714 3322; x_wconf 89' lang='lat' dir='ltr'>debitum,</span> <span class='ocrx_word' id='word_1_320' title='bbox 1739 3266 1807 3331; x_wconf 88' lang='lat' dir='ltr'>quo</span> <span class='ocrx_word' id='word_1_321' title='bbox 1824 3251 1917 3333; x_wconf 82' lang='lat' dir='ltr'>juata</span> 
     </span>
     <span class='ocr_line' id='line_1_29' title="bbox 290 3332 1913 3428; baseline 0 -17"><span class='ocrx_word' id='word_1_322' title='bbox 290 3332 967 3428; x_wconf 71' lang='lat' dir='ltr'>„eli,caritatt&amp;conformitrtenature.</span> <span class='ocrx_word' id='word_1_323' title='bbox 985 3343 1093 3425; x_wconf 84' lang='lat' dir='ltr'>Hujus</span> <span class='ocrx_word' id='word_1_324' title='bbox 1117 3339 1265 3428; x_wconf 81' lang='lat' dir='ltr'>conjugii</span> <span class='ocrx_word' id='word_1_325' title='bbox 1289 3336 1384 3427; x_wconf 81' lang='lat' dir='ltr'>leges</span> <span class='ocrx_word' id='word_1_326' title='bbox 1404 3337 1462 3409; x_wconf 86' lang='lat' dir='ltr'>libi</span> <span class='ocrx_word' id='word_1_327' title='bbox 1489 3340 1632 3411; x_wconf 84' lang='lat' dir='ltr'>invicem</span> <span class='ocrx_word' id='word_1_328' title='bbox 1656 3333 1729 3411; x_wconf 88' lang='lat' dir='ltr'>sunt</span> <span class='ocrx_word' id='word_1_329' title='bbox 1752 3340 1913 3414; x_wconf 67' lang='lat' dir='ltr'>obsitiffl.</span> 
     </span>
     <span class='ocr_line' id='line_1_30' title="bbox 290 3430 1914 3537; baseline -0.001 -28"><span class='ocrx_word' id='word_1_330' title='bbox 290 3437 504 3523; x_wconf 83' lang='lat' dir='ltr'>„utriusque</span> <span class='ocrx_word' id='word_1_331' title='bbox 520 3431 650 3526; x_wconf 71' lang='lat' dir='ltr'>&#39;copulo</span> <span class='ocrx_word' id='word_1_332' title='bbox 675 3430 782 3525; x_wconf 79' lang='lat' dir='ltr'>figura</span> <span class='ocrx_word' id='word_1_333' title='bbox 801 3435 848 3505; x_wconf 82' lang='lat' dir='ltr'>cli</span> <span class='ocrx_word' id='word_1_334' title='bbox 870 3435 903 3505; x_wconf 86' lang='lat' dir='ltr'>in</span> <span class='ocrx_word' id='word_1_335' title='bbox 923 3438 1091 3526; x_wconf 75' lang='lat' dir='ltr'>conjugio.</span> <span class='ocrx_word' id='word_1_336' title='bbox 1120 3461 1150 3506; x_wconf 86' lang='lat' dir='ltr'>v.</span> <span class='ocrx_word' id='word_1_337' title='bbox 1169 3460 1203 3520; x_wconf 87' lang='lat'>4.</span> <span class='ocrx_word' id='word_1_338' title='bbox 1256 3432 1389 3510; x_wconf 85' lang='lat' dir='ltr'>Mulier</span> <span class='ocrx_word' id='word_1_339' title='bbox 1399 3433 1459 3531; x_wconf 90' lang='lat' dir='ltr'>sui</span> <span class='ocrx_word' id='word_1_340' title='bbox 1480 3435 1629 3531; x_wconf 78' lang='lat' dir='ltr'>corporis</span> <span class='ocrx_word' id='word_1_341' title='bbox 1641 3439 1833 3537; x_wconf 77' lang='lat' dir='ltr'>potestaten</span> <span class='ocrx_word' id='word_1_342' title='bbox 1847 3460 1914 3508; x_wconf 85' lang='lat' dir='ltr'>nen</span> 
     </span>
     <span class='ocr_line' id='line_1_31' title="bbox 293 3527 1914 3629; baseline -0.002 -20"><span class='ocrx_word' id='word_1_343' title='bbox 293 3529 512 3622; x_wconf 87' lang='lat' dir='ltr'>„Consensus</span> <span class='ocrx_word' id='word_1_344' title='bbox 523 3537 613 3606; x_wconf 85' lang='lat' dir='ltr'>euim</span> <span class='ocrx_word' id='word_1_345' title='bbox 628 3539 810 3622; x_wconf 81' lang='lat' dir='ltr'>conjugum</span> <span class='ocrx_word' id='word_1_346' title='bbox 822 3531 981 3621; x_wconf 82' lang='lat' dir='ltr'>copulam</span> <span class='ocrx_word' id='word_1_347' title='bbox 999 3527 1093 3622; x_wconf 82' lang='lat' dir='ltr'>spiri·</span> <span class='ocrx_word' id='word_1_348' title='bbox 1116 3529 1286 3629; x_wconf 79' lang='lat' dir='ltr'>bubetsed</span> <span class='ocrx_word' id='word_1_349' title='bbox 1300 3533 1363 3606; x_wconf 91' lang='lat' dir='ltr'>vir.</span> <span class='ocrx_word' id='word_1_350' title='bbox 1415 3528 1586 3606; x_wconf 81' lang='lat' dir='ltr'>Similiter</span> <span class='ocrx_word' id='word_1_351' title='bbox 1603 3545 1713 3606; x_wconf 85' lang='lat' dir='ltr'>autern</span> <span class='ocrx_word' id='word_1_352' title='bbox 1738 3531 1778 3606; x_wconf 65' lang='lat'>85</span> <span class='ocrx_word' id='word_1_353' title='bbox 1795 3532 1914 3629; x_wconf 82' lang='lat' dir='ltr'>uirsui</span> 
     </span>
     <span class='ocr_line' id='line_1_32' title="bbox 295 3625 1914 3728; baseline 0 -23"><span class='ocrx_word' id='word_1_354' title='bbox 295 3631 452 3713; x_wconf 81' lang='lat' dir='ltr'>,‚t&#39;ualenr</span> <span class='ocrx_word' id='word_1_355' title='bbox 483 3627 606 3704; x_wconf 82' lang='lat' dir='ltr'>Christi</span> <span class='ocrx_word' id='word_1_356' title='bbox 628 3640 663 3703; x_wconf 70' lang='grc' dir='ltr'>δι</span> <span class='ocrx_word' id='word_1_357' title='bbox 683 3625 852 3714; x_wconf 77' lang='lat' dir='ltr'>ccclesiae,</span> <span class='ocrx_word' id='word_1_358' title='bbox 876 3655 949 3718; x_wconf 74' lang='lat' dir='ltr'>quc</span> <span class='ocrx_word' id='word_1_359' title='bbox 974 3627 1010 3700; x_wconf 78' lang='lat' dir='ltr'>fit</span> <span class='ocrx_word' id='word_1_360' title='bbox 1031 3652 1093 3719; x_wconf 86' lang='lat' dir='ltr'>pcc</span> <span class='ocrx_word' id='word_1_361' title='bbox 1117 3633 1267 3727; x_wconf 82' lang='lat' dir='ltr'>corporis</span> <span class='ocrx_word' id='word_1_362' title='bbox 1285 3632 1473 3728; x_wconf 82' lang='lat' dir='ltr'>potestatem</span> <span class='ocrx_word' id='word_1_363' title='bbox 1494 3630 1693 3713; x_wconf 68' lang='lat' dir='ltr'>nonhabet,</span> <span class='ocrx_word' id='word_1_364' title='bbox 1706 3629 1771 3727; x_wconf 80' lang='lat' dir='ltr'>sed</span> <span class='ocrx_word' id='word_1_365' title='bbox 1782 3629 1914 3706; x_wconf 87' lang='lat' dir='ltr'>mulier.</span> 
     </span>
     <span class='ocr_line' id='line_1_33' title="bbox 296 3721 1914 3822; baseline 0.003 -18"><span class='ocrx_word' id='word_1_366' title='bbox 296 3721 527 3815; x_wconf 47' lang='lat' dir='ltr'>incitarem,</span> <span class='ocrx_word' id='word_1_367' title='bbox 569 3725 749 3819; x_wconf 79' lang='lat' dir='ltr'>fignificat:</span> <span class='ocrx_word' id='word_1_368' title='bbox 788 3730 979 3800; x_wconf 81' lang='lat' dir='ltr'>commixtio</span> <span class='ocrx_word' id='word_1_369' title='bbox 1012 3749 1207 3814; x_wconf 73' lang='lat' dir='ltr'>vernus.</span> <span class='ocrx_word' id='word_1_370' title='bbox 1259 3726 1378 3801; x_wconf 83' lang='lat' dir='ltr'>Nolite</span> <span class='ocrx_word' id='word_1_371' title='bbox 1383 3728 1552 3821; x_wconf 81' lang='lat' dir='ltr'>fraudare</span> <span class='ocrx_word' id='word_1_372' title='bbox 1572 3731 1731 3816; x_wconf 86' lang='lat' dir='ltr'>inuicem,</span> <span class='ocrx_word' id='word_1_373' title='bbox 1756 3728 1914 3822; x_wconf 50' lang='lat' dir='ltr'>uisne·</span> 
     </span>
     <span class='ocr_line' id='line_1_34' title="bbox 296 3821 1915 3918; baseline 0.001 -18"><span class='ocrx_word' id='word_1_374' title='bbox 296 3821 567 3910; x_wconf 82' lang='lat' dir='ltr'>„sexuumillrns</span> <span class='ocrx_word' id='word_1_375' title='bbox 583 3824 762 3918; x_wconf 80' lang='lat' dir='ltr'>significor,</span> <span class='ocrx_word' id='word_1_376' title='bbox 787 3851 859 3915; x_wconf 80' lang='lat' dir='ltr'>quae</span> <span class='ocrx_word' id='word_1_377' title='bbox 873 3824 985 3917; x_wconf 82' lang='lat' dir='ltr'>fitper</span> <span class='ocrx_word' id='word_1_378' title='bbox 999 3846 1095 3898; x_wconf 84' lang='lat' dir='ltr'>natu·</span> <span class='ocrx_word' id='word_1_379' title='bbox 1118 3826 1243 3912; x_wconf 71' lang='lat' dir='ltr'>censius</span> <span class='ocrx_word' id='word_1_380' title='bbox 1280 3825 1469 3914; x_wconf 73' lang='grc' dir='ltr'><strong><em>α’λλήλκς,</em></strong></span> <span class='ocrx_word' id='word_1_381' title='bbox 1503 3831 1539 3903; x_wconf 90' lang='lat' dir='ltr'>in</span> <span class='ocrx_word' id='word_1_382' title='bbox 1566 3828 1679 3902; x_wconf 75' lang='lat' dir='ltr'>debita</span> <span class='ocrx_word' id='word_1_383' title='bbox 1705 3827 1829 3915; x_wconf 82' lang='lat' dir='ltr'>scilicet</span> <span class='ocrx_word' id='word_1_384' title='bbox 1858 3827 1915 3902; x_wconf 75' lang='lat' dir='ltr'>illc</span> 
     </span>
     <span class='ocr_line' id='line_1_35' title="bbox 297 3921 1915 4023; baseline 0.001 -24"><span class='ocrx_word' id='word_1_385' title='bbox 297 3949 373 4007; x_wconf 73' lang='lat' dir='ltr'>„re</span> <span class='ocrx_word' id='word_1_386' title='bbox 390 3921 671 3998; x_wconf 79' lang='lat' dir='ltr'>conformitatem.</span> <span class='ocrx_word' id='word_1_387' title='bbox 688 3975 714 4011; x_wconf 87' lang='lat'>‚,</span> <span class='ocrx_word' id='word_1_388' title='bbox 1118 3922 1286 4017; x_wconf 74' lang='lat' dir='ltr'>conjugali</span> <span class='ocrx_word' id='word_1_389' title='bbox 1302 3923 1556 4007; x_wconf 76' lang='lat' dir='ltr'>benevolentis.</span> <span class='ocrx_word' id='word_1_390' title='bbox 1580 3928 1643 4021; x_wconf 74' lang='lat' dir='ltr'>nist</span> <span class='ocrx_word' id='word_1_391' title='bbox 1655 3926 1752 4023; x_wconf 86' lang='lat' dir='ltr'>sorte</span> <span class='ocrx_word' id='word_1_392' title='bbox 1769 3952 1814 4001; x_wconf 82' lang='lat' dir='ltr'>err</span> <span class='ocrx_word' id='word_1_393' title='bbox 1837 3949 1915 4000; x_wconf 85' lang='lat' dir='ltr'>con·</span> 
     </span>
     <span class='ocr_line' id='line_1_36' title="bbox 297 4018 1912 4216; baseline -0.001 -19"><span class='ocrx_word' id='word_1_394' title='bbox 297 4097 508 4197; x_wconf 52' lang='lat' dir='ltr'>wadimir-</span> <span class='ocrx_word' id='word_1_395' title='bbox 557 4018 1096 4210; x_wconf 50' lang='lat' dir='ltr'>riulcocrljllbilblislliittisibcloi</span> <span class='ocrx_word' id='word_1_396' title='bbox 1111 4019 1280 4216; x_wconf 50' lang='lat' dir='ltr'>leescilrlisil</span> <span class='ocrx_word' id='word_1_397' title='bbox 1296 4022 1912 4198; x_wconf 53' lang='lat' dir='ltr'>iimitisrclmuieblsrctiiitinimiltmtllruib</span> 
     </span>
     <span class='ocr_line' id='line_1_37' title="bbox 312 4184 1915 4325; baseline 0.002 -33"><span class='ocrx_word' id='word_1_398' title='bbox 312 4184 509 4325; x_wconf 44' lang='lat' dir='ltr'>‘masma‘</span> <span class='ocrx_word' id='word_1_399' title='bbox 555 4219 661 4293; x_wconf 85' lang='lat' dir='ltr'>tionis</span> <span class='ocrx_word' id='word_1_400' title='bbox 678 4213 909 4292; x_wconf 78' lang='lat' dir='ltr'>&amp;remedium</span> <span class='ocrx_word' id='word_1_401' title='bbox 926 4215 1100 4292; x_wconf 73' lang='lat' dir='ltr'>libidines:</span> <span class='ocrx_word' id='word_1_402' title='bbox 1117 4217 1164 4291; x_wconf 83' lang='lat' dir='ltr'>od</span> <span class='ocrx_word' id='word_1_403' title='bbox 1189 4217 1310 4314; x_wconf 86' lang='lat' dir='ltr'>usum,</span> <span class='ocrx_word' id='word_1_404' title='bbox 1344 4214 1466 4292; x_wconf 86' lang='lat' dir='ltr'>scilicet</span> <span class='ocrx_word' id='word_1_405' title='bbox 1492 4222 1724 4314; x_wconf 76' lang='lat' dir='ltr'>conjugalem,</span> <span class='ocrx_word' id='word_1_406' title='bbox 1746 4247 1787 4297; x_wconf 82' lang='lat' dir='ltr'>ne</span> <span class='ocrx_word' id='word_1_407' title='bbox 1813 4232 1915 4296; x_wconf 79' lang='lat' dir='ltr'>tentet</span> 
     </span>
     <span class='ocr_line' id='line_1_38' title="bbox 555 4309 1915 4418; baseline 0.001 -26"><span class='ocrx_word' id='word_1_408' title='bbox 555 4324 648 4392; x_wconf 83' lang='lat' dir='ltr'>Patet</span> <span class='ocrx_word' id='word_1_409' title='bbox 664 4313 728 4387; x_wconf 87' lang='lat' dir='ltr'>hoc</span> <span class='ocrx_word' id='word_1_410' title='bbox 741 4339 781 4388; x_wconf 87' lang='lat' dir='ltr'>ex</span> <span class='ocrx_word' id='word_1_411' title='bbox 796 4315 1015 4405; x_wconf 86' lang='lat' dir='ltr'>descriptione</span> <span class='ocrx_word' id='word_1_412' title='bbox 1025 4319 1093 4405; x_wconf 89' lang='lat' dir='ltr'>pri.</span> <span class='ocrx_word' id='word_1_413' title='bbox 1116 4338 1176 4391; x_wconf 85' lang='lat' dir='ltr'>vor</span> <span class='ocrx_word' id='word_1_414' title='bbox 1197 4315 1343 4412; x_wconf 81' lang='lat' dir='ltr'>satanas</span> <span class='ocrx_word' id='word_1_415' title='bbox 1370 4309 1428 4396; x_wconf 69' lang='lat' dir='ltr'>iul</span> <span class='ocrx_word' id='word_1_416' title='bbox 1450 4320 1510 4396; x_wconf 80' lang='lat' dir='ltr'>mir</span> <span class='ocrx_word' id='word_1_417' title='bbox 1533 4320 1718 4418; x_wconf 74' lang='lat' dir='ltr'>deperiat,</span> <span class='ocrx_word' id='word_1_418' title='bbox 1747 4322 1810 4392; x_wconf 86' lang='lat' dir='ltr'>hoc</span> <span class='ocrx_word' id='word_1_419' title='bbox 1835 4322 1915 4402; x_wconf 86' lang='lat' dir='ltr'>est,</span> 
     </span>
     <span class='ocr_line' id='line_1_39' title="bbox 298 4412 1954 4518; baseline -0.001 -25"><span class='ocrx_word' id='word_1_420' title='bbox 298 4443 409 4494; x_wconf 75' lang='lat' dir='ltr'>merae</span> <span class='ocrx_word' id='word_1_421' title='bbox 422 4418 634 4514; x_wconf 81' lang='lat' dir='ltr'>institutionis</span> <span class='ocrx_word' id='word_1_422' title='bbox 654 4412 847 4505; x_wconf 79' lang='lat' dir='ltr'>conjugalis.</span> <span class='ocrx_word' id='word_1_423' title='bbox 900 4419 989 4487; x_wconf 88' lang='lat' dir='ltr'>Cum</span> <span class='ocrx_word' id='word_1_424' title='bbox 1004 4416 1092 4484; x_wconf 85' lang='lat' dir='ltr'>enim</span> <span class='ocrx_word' id='word_1_425' title='bbox 1117 4414 1311 4509; x_wconf 66' lang='grc' dir='ltr'>ἀκράτειαν,</span> <span class='ocrx_word' id='word_1_426' title='bbox 1322 4425 1460 4512; x_wconf 81' lang='lat' dir='ltr'>propter</span> <span class='ocrx_word' id='word_1_427' title='bbox 1472 4417 1746 4490; x_wconf 85' lang='lat' dir='ltr'>incontinentium</span> <span class='ocrx_word' id='word_1_428' title='bbox 1763 4421 1914 4518; x_wconf 76' lang='lat' dir='ltr'>oestron,</span> <span class='ocrx_word' id='word_1_429' title='bbox 1952 4455 1954 4460; x_wconf 96' lang='lat'>·</span> 
     </span>
     <span class='ocr_line' id='line_1_40' title="bbox 295 4511 1915 4608; baseline -0.001 -18"><span class='ocrx_word' id='word_1_430' title='bbox 295 4519 367 4608; x_wconf 80' lang='lat' dir='ltr'>poli</span> <span class='ocrx_word' id='word_1_431' title='bbox 386 4511 560 4590; x_wconf 79' lang='lat' dir='ltr'>admissum</span> <span class='ocrx_word' id='word_1_432' title='bbox 577 4535 752 4603; x_wconf 86' lang='lat' dir='ltr'>peccttum</span> <span class='ocrx_word' id='word_1_433' title='bbox 767 4511 965 4602; x_wconf 73' lang='lat' dir='ltr'>protoplasti</span> <span class='ocrx_word' id='word_1_434' title='bbox 982 4513 1093 4585; x_wconf 83' lang='lat' dir='ltr'>incen-</span> <span class='ocrx_word' id='word_1_435' title='bbox 1117 4516 1194 4599; x_wconf 83' lang='lat' dir='ltr'>quit</span> <span class='ocrx_word' id='word_1_436' title='bbox 1212 4540 1281 4584; x_wconf 89' lang='lat' dir='ltr'>non</span> <span class='ocrx_word' id='word_1_437' title='bbox 1306 4516 1379 4584; x_wconf 86' lang='lat' dir='ltr'>estis</span> <span class='ocrx_word' id='word_1_438' title='bbox 1395 4516 1615 4588; x_wconf 67' lang='lat' dir='ltr'>&#39;continentie</span> <span class='ocrx_word' id='word_1_439' title='bbox 1637 4520 1727 4590; x_wconf 83' lang='lat' dir='ltr'>dono</span> <span class='ocrx_word' id='word_1_440' title='bbox 1755 4518 1915 4607; x_wconf 71' lang='lat' dir='ltr'>praediti,</span> 
     </span>
     <span class='ocr_line' id='line_1_41' title="bbox 297 4609 1914 4713; baseline 0.001 -25"><span class='ocrx_word' id='word_1_441' title='bbox 297 4618 350 4690; x_wconf 83' lang='lat' dir='ltr'>dir</span> <span class='ocrx_word' id='word_1_442' title='bbox 371 4614 517 4688; x_wconf 84' lang='lat' dir='ltr'>libidinis</span> <span class='ocrx_word' id='word_1_443' title='bbox 537 4616 572 4686; x_wconf 89' lang='lat' dir='ltr'>in</span> <span class='ocrx_word' id='word_1_444' title='bbox 596 4611 755 4685; x_wconf 88' lang='lat' dir='ltr'>membris</span> <span class='ocrx_word' id='word_1_445' title='bbox 780 4609 840 4681; x_wconf 91' lang='lat' dir='ltr'>suis</span> <span class='ocrx_word' id='word_1_446' title='bbox 865 4609 997 4683; x_wconf 85' lang='lat' dir='ltr'>fervere</span> <span class='ocrx_word' id='word_1_447' title='bbox 1018 4633 1095 4698; x_wconf 89' lang='lat' dir='ltr'>per·</span> <span class='ocrx_word' id='word_1_448' title='bbox 1116 4634 1201 4702; x_wconf 79' lang='lat' dir='ltr'>crgo</span> <span class='ocrx_word' id='word_1_449' title='bbox 1233 4613 1426 4704; x_wconf 80' lang='lat' dir='ltr'>conjugium</span> <span class='ocrx_word' id='word_1_450' title='bbox 1449 4617 1495 4685; x_wconf 87' lang='lat' dir='ltr'>esi</span> <span class='ocrx_word' id='word_1_451' title='bbox 1523 4614 1693 4713; x_wconf 74' lang='lat' dir='ltr'>depositae</span> <span class='ocrx_word' id='word_1_452' title='bbox 1717 4619 1914 4708; x_wconf 81' lang='lat' dir='ltr'>remedium.</span> 
     </span>
     <span class='ocr_line' id='line_1_42' title="bbox 297 4705 1915 4810; baseline 0.002 -26"><span class='ocrx_word' id='word_1_453' title='bbox 297 4709 529 4804; x_wconf 82' lang='lat' dir='ltr'>sentiscerent,</span> <span class='ocrx_word' id='word_1_454' title='bbox 554 4735 653 4800; x_wconf 79' lang='lat' dir='ltr'>utque</span> <span class='ocrx_word' id='word_1_455' title='bbox 669 4733 709 4782; x_wconf 92' lang='lat' dir='ltr'>eo</span> <span class='ocrx_word' id='word_1_456' title='bbox 729 4711 861 4780; x_wconf 87' lang='lat' dir='ltr'>nomine</span> <span class='ocrx_word' id='word_1_457' title='bbox 877 4714 917 4780; x_wconf 87' lang='lat' dir='ltr'>ad</span> <span class='ocrx_word' id='word_1_458' title='bbox 932 4731 1042 4798; x_wconf 89' lang='lat' dir='ltr'>partes</span> <span class='ocrx_word' id='word_1_459' title='bbox 1056 4705 1094 4778; x_wconf 91' lang='lat' dir='ltr'>il·</span> <span class='ocrx_word' id='word_1_460' title='bbox 1120 4738 1152 4782; x_wconf 89' lang='lat' dir='ltr'>v.</span> <span class='ocrx_word' id='word_1_461' title='bbox 1175 4731 1209 4804; x_wconf 87' lang='lat'>9.</span> <span class='ocrx_word' id='word_1_462' title='bbox 1259 4709 1447 4810; x_wconf 82' lang='lat' dir='ltr'>Meliustsi</span> <span class='ocrx_word' id='word_1_463' title='bbox 1469 4711 1587 4788; x_wconf 85' lang='lat' dir='ltr'>nubere</span> <span class='ocrx_word' id='word_1_464' title='bbox 1603 4736 1702 4810; x_wconf 75' lang='lat' dir='ltr'>quum</span> <span class='ocrx_word' id='word_1_465' title='bbox 1727 4714 1783 4788; x_wconf 91' lang='lat' dir='ltr'>uri</span> <span class='ocrx_word' id='word_1_466' title='bbox 1794 4741 1806 4795; x_wconf 77' lang='lat'>‚⁰</span> <span class='ocrx_word' id='word_1_467' title='bbox 1830 4737 1915 4807; x_wconf 80' lang='lat' dir='ltr'>ergo</span> 
     </span>
     <span class='ocr_line' id='line_1_43' title="bbox 299 4802 1917 4904; baseline 0.002 -20"><span class='ocrx_word' id='word_1_468' title='bbox 299 4811 345 4884; x_wconf 83' lang='lat' dir='ltr'>los</span> <span class='ocrx_word' id='word_1_469' title='bbox 357 4815 512 4903; x_wconf 84' lang='lat' dir='ltr'>corporis</span> <span class='ocrx_word' id='word_1_470' title='bbox 527 4809 728 4884; x_wconf 85' lang='lat' dir='ltr'>obvelandas</span> <span class='ocrx_word' id='word_1_471' title='bbox 740 4811 946 4895; x_wconf 75' lang='lat' dir='ltr'>perizomata</span> <span class='ocrx_word' id='word_1_472' title='bbox 957 4802 1095 4879; x_wconf 88' lang='lat' dir='ltr'>consue·</span> <span class='ocrx_word' id='word_1_473' title='bbox 1118 4812 1312 4904; x_wconf 77' lang='lat' dir='ltr'>coniugium</span> <span class='ocrx_word' id='word_1_474' title='bbox 1333 4835 1400 4884; x_wconf 89' lang='lat' dir='ltr'>non</span> <span class='ocrx_word' id='word_1_475' title='bbox 1413 4807 1520 4884; x_wconf 90' lang='lat' dir='ltr'>solum</span> <span class='ocrx_word' id='word_1_476' title='bbox 1533 4815 1579 4887; x_wconf 83' lang='lat' dir='ltr'>cst</span> <span class='ocrx_word' id='word_1_477' title='bbox 1592 4815 1831 4904; x_wconf 85' lang='lat' dir='ltr'>procreationis</span> <span class='ocrx_word' id='word_1_478' title='bbox 1846 4837 1917 4888; x_wconf 85' lang='lat' dir='ltr'>me·</span> 
     </span>
     <span class='ocr_line' id='line_1_44' title="bbox 297 4903 1939 5002; baseline -0.002 -20"><span class='ocrx_word' id='word_1_479' title='bbox 297 4933 391 5002; x_wconf 84' lang='lat' dir='ltr'>cent,</span> <span class='ocrx_word' id='word_1_480' title='bbox 416 4907 588 4999; x_wconf 83' lang='lat' dir='ltr'>inquibus</span> <span class='ocrx_word' id='word_1_481' title='bbox 605 4911 696 5000; x_wconf 87' lang='lat' dir='ltr'>prius</span> <span class='ocrx_word' id='word_1_482' title='bbox 712 4903 802 4980; x_wconf 75' lang='lat' dir='ltr'>nihil</span> <span class='ocrx_word' id='word_1_483' title='bbox 820 4916 894 4979; x_wconf 83' lang='lat' dir='ltr'>erut</span> <span class='ocrx_word' id='word_1_484' title='bbox 907 4903 1094 4991; x_wconf 80' lang='lat' dir='ltr'>uelandum,</span> <span class='ocrx_word' id='word_1_485' title='bbox 1118 4910 1211 4980; x_wconf 88' lang='lat' dir='ltr'>dium</span> <span class='ocrx_word' id='word_1_486' title='bbox 1224 4958 1235 4991; x_wconf 92' lang='lat'>,</span> <span class='ocrx_word' id='word_1_487' title='bbox 1248 4905 1302 4983; x_wconf 87' lang='lat' dir='ltr'>sed</span> <span class='ocrx_word' id='word_1_488' title='bbox 1318 4911 1419 4982; x_wconf 88' lang='lat' dir='ltr'>etiam</span> <span class='ocrx_word' id='word_1_489' title='bbox 1437 4913 1599 4984; x_wconf 78' lang='lat' dir='ltr'>ultionum</span> <span class='ocrx_word' id='word_1_490' title='bbox 1610 4913 1848 4986; x_wconf 78' lang='lat' dir='ltr'>remediumc.</span> <span class='ocrx_word' id='word_1_491' title='bbox 1857 4919 1939 5002; x_wconf 49' lang='lat'>360</span> 
     </span>
     <span class='ocr_line' id='line_1_45' title="bbox 234 5001 1917 5109; baseline 0.001 -26"><span class='ocrx_word' id='word_1_492' title='bbox 234 5035 250 5054; x_wconf 70' lang='lat'><em>⁴</em></span> <span class='ocrx_word' id='word_1_493' title='bbox 298 5011 379 5105; x_wconf 76' lang='lat' dir='ltr'>puio</span> <span class='ocrx_word' id='word_1_494' title='bbox 396 5009 486 5084; x_wconf 78' lang='lat' dir='ltr'>nihii</span> <span class='ocrx_word' id='word_1_495' title='bbox 509 5011 546 5082; x_wconf 92' lang='lat' dir='ltr'>in</span> <span class='ocrx_word' id='word_1_496' title='bbox 567 5011 614 5082; x_wconf 86' lang='lat' dir='ltr'>eis</span> <span class='ocrx_word' id='word_1_497' title='bbox 627 5004 818 5102; x_wconf 81' lang='lat' dir='ltr'>sentiebant</span> <span class='ocrx_word' id='word_1_498' title='bbox 835 5004 1070 5098; x_wconf 83' lang='lat' dir='ltr'>refrenandum</span> <span class='ocrx_word' id='word_1_499' title='bbox 1084 5027 1093 5092; x_wconf 90' lang='grc'><strong>;</strong></span> <span class='ocrx_word' id='word_1_500' title='bbox 1121 5001 1252 5104; x_wconf 84' lang='lat' dir='ltr'>Siquis</span> <span class='ocrx_word' id='word_1_501' title='bbox 1268 5007 1457 5081; x_wconf 75' lang='lat' dir='ltr'>indecomm</span> <span class='ocrx_word' id='word_1_502' title='bbox 1473 5010 1644 5109; x_wconf 81' lang='lat' dir='ltr'>existimat</span> <span class='ocrx_word' id='word_1_503' title='bbox 1659 5059 1672 5091; x_wconf 90' lang='lat'>,</span> <span class='ocrx_word' id='word_1_504' title='bbox 1694 5010 1789 5108; x_wconf 82' lang='lat' dir='ltr'>(uper</span> <span class='ocrx_word' id='word_1_505' title='bbox 1806 5010 1917 5105; x_wconf 84' lang='lat' dir='ltr'>virgi·</span> 
     </span>
     <span class='ocr_line' id='line_1_46' title="bbox 297 5097 1918 5279; baseline -0.003 -92"><span class='ocrx_word' id='word_1_506' title='bbox 297 5106 476 5198; x_wconf 79' lang='lat' dir='ltr'>Genesis.</span> <span class='ocrx_word' id='word_1_507' title='bbox 493 5133 552 5205; x_wconf 86' lang='lat'>25.</span> <span class='ocrx_word' id='word_1_508' title='bbox 579 5105 640 5182; x_wconf 89' lang='lat'><em>111.</em></span> <span class='ocrx_word' id='word_1_509' title='bbox 654 5130 689 5204; x_wconf 83' lang='lat'>7.</span> <span class='ocrx_word' id='word_1_510' title='bbox 713 5131 785 5180; x_wconf 90' lang='lat' dir='ltr'>non</span> <span class='ocrx_word' id='word_1_511' title='bbox 807 5104 925 5183; x_wconf 65' lang='lat' dir='ltr'>evulus</span> <span class='ocrx_word' id='word_1_512' title='bbox 940 5109 1034 5184; x_wconf 86' lang='lat' dir='ltr'>Dtus</span> <span class='ocrx_word' id='word_1_513' title='bbox 1054 5110 1097 5180; x_wconf 79' lang='lat' dir='ltr'>E·</span> <span class='ocrx_word' id='word_1_514' title='bbox 1120 5128 1160 5179; x_wconf 87' lang='lat' dir='ltr'>ne</span> <span class='ocrx_word' id='word_1_515' title='bbox 1171 5103 1262 5279; x_wconf 41' lang='lat' dir='ltr'>gaf,</span> <span class='ocrx_word' id='word_1_516' title='bbox 1286 5109 1321 5209; x_wconf 83' lang='lat' dir='ltr'><em>st</em></span> <span class='ocrx_word' id='word_1_517' title='bbox 1330 5108 1404 5207; x_wconf 82' lang='lat' dir='ltr'>fiat</span> <span class='ocrx_word' id='word_1_518' title='bbox 1431 5105 1649 5206; x_wconf 71' lang='lat' dir='ltr'>inciperunt,</span> <span class='ocrx_word' id='word_1_519' title='bbox 1677 5097 1723 5186; x_wconf 68' lang='lat' dir='ltr'>is</span> <span class='ocrx_word' id='word_1_520' title='bbox 1745 5110 1799 5186; x_wconf 83' lang='lat' dir='ltr'>ito</span> <span class='ocrx_word' id='word_1_521' title='bbox 1820 5131 1918 5207; x_wconf 79' lang='lat' dir='ltr'>opor·</span> 
     </span>
     <span class='ocr_line' id='line_1_47' title="bbox 836 5213 1920 5288; baseline 0.004 -10"><span class='ocrx_word' id='word_1_522' title='bbox 836 5250 841 5256; x_wconf 95' lang='lat'>-</span> <span class='ocrx_word' id='word_1_523' title='bbox 1266 5232 1290 5288; x_wconf 80' lang='lat'>2</span> <span class='ocrx_word' id='word_1_524' title='bbox 1413 5213 1417 5221; x_wconf 86' lang='lat'>&#39;</span> <span class='ocrx_word' id='word_1_525' title='bbox 1871 5215 1920 5282; x_wconf 76' lang='lat' dir='ltr'>iti</span> 
     </span>
    </p>
   </div>
   <div class='ocr_carea' id='block_1_9' title="bbox 0 0 2446 5984">
    <p class='ocr_par' dir='ltr' id='par_1_9' title="bbox 0 0 2446 5984">
     <span class='ocr_line' id='line_1_48' title="bbox 0 0 2446 5984; baseline 0 1"><span class='ocrx_word' id='word_1_526' title='bbox 0 0 2446 5984; x_wconf 95' lang='lat' dir='ltr'> </span> 
     </span>
    </p>
   </div>
  </div>
 </body>
</html>
