4884 5984
425 521 428 526 .
487 469 550 543 oe
576 435 828 546 ,canonos
879 456 1155 542 aaoarorru·
1208 468 1263 540 or
1313 469 1428 561 June
1477 464 1770 543 nvutcrtutr.
1904 471 1972 555 arr

338 680 389 734 ate
407 661 600 749 confilienr,
620 649 708 755 ergo
726 667 824 738 etiam
846 665 1034 739 reverentia
1054 690 1124 736 ma·
1147 666 1235 738 irater
1246 688 1326 754 quas
1338 651 1454 740 eadem
1465 665 1670 750 intercedere
1685 658 1854 736 statuitur,
1872 677 1940 729 ouo
2075 711 2080 720 .

337 762 515 834 timonium
537 766 722 852 impediens
745 768 829 835 inter
852 788 910 834 eos
934 761 1035 836 nulla.
1090 767 1123 836 Si
1148 762 1209 835 bnt
1227 788 1291 854 pro
1306 768 1469 838 extraneis
1489 767 1658 839 habendae.
1715 761 1818 851 Quod
1840 752 1945 827 fiab-

338 858 476 945 naelrber
487 862 673 932 reverentia
685 864 897 932 matrimonio
910 856 1122 956 ἐμπόδισμα
1146 857 1250 935 solute
1261 888 1300 934 ac
1311 861 1504 955 fimplicirer
1516 864 1694 945 adseritur,
1706 886 1768 930 utar
1786 854 1842 932 uisa
1859 877 1937 925 curo

338 956 510 1044 trajiceret,
546 961 660 1048 utique
682 962 769 1032 inter
794 963 906 1030 virum
928 962 1120 1052 magistratu
1144 963 1306 1034 extraneis
1315 963 1564 1035 matrimonium
1574 956 1937 1033 contrahendumeum

338 1055 518 1144 ungentem
542 1066 576 1130 δε
601 1056 773 1147 personam
798 1060 991 1147 privatam,
1028 1060 1117 1128 inter
1144 1060 1282 1139 vicinis,
1309 1056 1703 1145 familiaribusoeauovis
1718 1050 1937 1127 m⁰d⁰⁶l¹¹fl⁸

338 1156 430 1223 irum
451 1156 665 1241 honoratum,
697 1155 978 1237 benemeritum‚
1004 1155 1117 1244 inpu-
1141 1181 1208 1244 non
1230 1155 1344 1229 licebit
1368 1160 1454 1233 inire
1480 1161 1683 1249 conjugium.
1731 1154 1826 1223 Adde
1847 1151 1936 1237 quod
2020 1193 2026 1217 r

338 1251 409 1322 lico
423 1250 535 1323 officio
551 1256 762 1325 constitutum
777 1264 811 1327 de
827 1252 1000 1325 foeminam
1014 1250 1117 1326 bene·
1141 1258 1340 1346 propagatio
1359 1254 1633 1329 necessitudinum
1655 1251 1692 1324 srt
1712 1249 1785 1322 fiais
1804 1249 1937 1336 quidam

338 1350 403 1420 ‚ciis
430 1348 595 1424 adsediaur
625 1362 689 1426 dcc.
721 1378 790 1424 non
815 1348 919 1440 posset
948 1351 1117 1422 conciliari
1140 1357 1397 1440 accidentarius,
1421 1381 1488 1429 non
1505 1352 1693 1432 essentialis,
1718 1350 1777 1438 qui
1796 1347 1937 1436 proinde

338 1450 581 1521 matrimonium.
639 1452 733 1543 Quin
748 1452 816 1522 imo
830 1451 891 1523 toti
905 1445 991 1521 serui
1007 1446 1117 1520 foemi-
1140 1450 1198 1523 ubi
1218 1454 1327 1533 deest,
1353 1477 1420 1524 uon
1440 1457 1546 1543 potest
1564 1450 1777 1525 matrimonio
1795 1445 1938 1534 impedi·

338 1569 386 1617 teo
409 1550 620 1631 reverentia,
652 1548 762 1620 honor
783 1559 818 1622 dr
842 1549 1039 1622 verecundia
1059 1552 1116 1619 de·
1142 1573 1293 1621 mentum
1314 1549 1471 1648 objicere.
1524 1557 1576 1639 4.)
1602 1546 1665 1622 Ab
1685 1543 1746 1642 usu
1767 1542 1936 1616 moderato

338 1666 438 1726 etur3
463 1651 552 1734 quod
569 1645 592 1716 sr
607 1671 690 1737 ergo
702 1646 779 1717 huic
794 1646 1052 1718 Bellarminianae
1066 1670 1117 1718 ar·
1142 1648 1245 1744 officii
1260 1646 1465 1745 conjugalis.
1525 1647 1618 1748 Quia
1633 1648 1719 1722 enim
1738 1657 1896 1716 amantur
1913 1661 1937 1711 o

338 1746 421 1828 nne
434 1742 539 1815 ullum
554 1741 665 1817 inesset
683 1748 835 1834 pondus,
853 1771 871 1816 a
886 1746 1044 1834 conjugio
1059 1768 1118 1833 pe·
1141 1746 1239 1821 nobis
1260 1746 1328 1833 illi,
1352 1771 1434 1844 quor
1447 1774 1464 1819 e
1478 1747 1646 1846 baptismo
1659 1742 1885 1845 suscepimus»
1902 1738 1936 1839 fi

338 1846 407 1913 itus
425 1838 525 1913 fuerit
540 1843 779 1915 abstinendum.
832 1839 1023 1915 Necessario
1037 1864 1117 1932 pro·
1141 1845 1320 1919 adderetur
1334 1870 1432 1920 umor
1447 1846 1658 1945 conjugalis,
1674 1842 1754 1942 plus
1763 1843 1851 1942 juslo
1868 1861 1937 1910 cre-
1954 1888 1959 1899 a

338 1942 396 2010 ade
433 1942 702 2032 distinguendum
743 1946 830 2012 inter
864 1942 1085 2013 reuerentiam
1105 1986 1116 2019 ,
1134 1943 1531 2042 scerctanrorcornalir.
1580 1943 1682 2035 Resp.
1698 1946 1861 2016 imovero
1875 1936 1938 2008 ho·

338 2044 483 2109 radonem
495 2063 534 2110 ac
545 2041 778 2110 verecundiam
791 2037 980 2111 araturulrm
995 2064 1033 2110 ex
1045 2063 1116 2109 car·
1139 2047 1247 2117 nesius
1271 2069 1387 2127 anaor,
1416 2046 1522 2134 qualia
1545 2048 1591 2118 eli
1618 2048 1706 2116 inter
1730 2035 1936 2128 susceptores

340 2138 366 2206 ia
382 2138 636 2225 propinquitate
651 2161 779 2223 ortam,
803 2148 837 2211 δι
854 2141 941 2209 inter
957 2162 1116 2209 reveren·
1140 2154 1175 2217 ὅ(
1191 2140 1356 2233 susceptor
1371 2169 1411 2216 ex
1427 2140 1609 2234 baptismo,
1633 2145 1836 2213 incrementa
1849 2137 1936 2208 acci.

338 2259 422 2312 tam,
451 2238 615 2322 pudorem
641 2261 679 2307 ac
700 2239 934 2307 verecundiam
955 2233 1114 2307 moralem
1139 2243 1234 2330 piens
1247 2242 1288 2313 ab
1302 2240 1366 2313 alio
1378 2240 1517 2316 honesto
1533 2265 1667 2328 amore,
1679 2236 1782 2327 qualis
1794 2237 1841 2310 ert
1854 2258 1936 2305 coo·

337 2331 528 2420 roperibus
543 2333 685 2404 coritanis
702 2344 736 2406 δι
753 2335 827 2404 vitae
841 2330 1114 2407 eommunis'offi·
1137 2340 1277 2429 jugalis,
1300 2363 1366 2411 non
1392 2339 1509 2414 delinit
1533 2343 1568 2411 in
1596 2339 1785 2424 carnalem,
1812 2332 1870 2424 nisa
1895 2355 1935 2403 ex

338 2432 374 2500 iia
393 2434 560 2523 originem
579 2426 669 2503 suam
690 2431 902 2512 trahentem,
935 2456 1002 2503 non
1024 2432 1308 2516 ltaec„accidente
1334 2440 1368 2508 in
1393 2438 1527 2511 homine
1553 2418 1677 2510 scilicet
1704 2431 1852 2512 carnali,
1888 2431 1936 2502 est
2002 2480 2006 2508 ι
2066 2519 2068 2524 ,
2163 2508 2166 2514 ,

338 2528 450 2601 edilia
474 2532 630 2601 duntaxat
653 2534 865 2621 matrimonio
888 2532 1112 2618 impedimen·
1138 2538 1244 2626 igitur
1271 2538 1306 2607 in
1333 2560 1532 2626 argumento
1559 2534 1717 2610 elenchus
1744 2529 1932 2604 accidentis.

338 2652 389 2698 rm
410 2624 534 2700 adfero
593 2637 640 2719 2.)
672 2624 713 2699 A
735 2626 965 2723 confireiudinr
992 2625 1033 2700 ed
1050 2628 1114 2721 su·
1138 2632 1312 2706 Inclinatio
1324 2628 1415 2706 sexus
1429 2641 1471 2707 ad
1488 2633 1598 2708 sexum
1613 2629 1795 2723 coniugalis
1812 2629 1933 2700 amoris

338 2724 546 2809 riliarirate,
581 2746 653 2820 quae
676 2728 763 2799 inter
785 2726 1045 2823 consanguineos
1073 2725 1114 2800 &
1137 2733 1261 2819 previa
1281 2734 1328 2803 esl
1347 2731 1505 2805 naturalis
1514 2782 1526 2816 ,
1551 2736 1641 2822 quod
1661 2730 1683 2802 fi
1702 2739 1793 2818 juxta
1810 2724 1933 2798 Beller-
2065 2790 2068 2808 ,

338 2824 446 2926 dfirrer
457 2820 517 2920 effe
529 2822 633 2899 debet.
659 2821 760 2915 Resp.
774 2828 862 2897 inter
874 2825 1112 2916 baptizantem,
1138 2831 1220 2900 mini
1235 2831 1421 2902 dostrinam
1439 2832 1623 2925 coniugalis
1638 2853 1733 2902 amor
1749 2851 1816 2898 non
1833 2823 1933 2896 debet

338 2927 522 3024 aptizatum
550 2932 586 2996 δι
613 2917 788 3015 ἆναὸόχες
815 2920 1113 2996 rariffiore'locum
1137 2934 1295 3001 accedere
1310 2931 1350 3001 ad
1366 2930 1567 3014 naturalem,
1585 2948 1763 3000 nonerunt
1775 2925 1933 3014 conjugio

338 3023 417 3098 abet
430 3023 619 3111 quotidiana
634 3023 689 3093 illa
704 3027 905 3103 consuetudo
921 3032 955 3095 δι
973 3018 1114 3094 familia·
1138 3025 1331 3116 copulande
1351 3024 1519 3116 persona,
1541 3054 1613 3116 que
1626 3023 1659 3098 se
1672 3022 1867 3096 naturaliter
1879 3024 1932 3093 di·
1979 3051 1984 3077 ¹

338 3125 414 3203 itas,
441 3141 506 3219 qua
528 3122 569 3192 in
595 3122 707 3193 eodem
734 3122 832 3193 domo
860 3119 1034 3206 iubilant,
1072 3119 1113 3196 ss
1138 3123 1266 3217 ligant,
1293 3122 1346 3197 sed
1368 3128 1457 3199 inter
1479 3153 1558 3214 quas
1575 3126 1623 3197 est
1645 3117 1930 3209 mutua'quaedam

338 3220 452 3317 dfidrre
473 3216 569 3292 nonu
585 3216 625 3292 is
642 3221 789 3292 interdiu
803 3220 906 3321 firnul
927 3218 1111 3316 uersentur,
1136 3222 1360 3301 donandam
1377 3251 1415 3296 ac
1433 3224 1582 3296 naturale
1598 3226 1723 3294 odium.
1775 3222 1930 3308 Denique

338 3321 368 3393 el
390 3319 509 3392 crebro
534 3314 731 3417 &fidenter
751 3321 974 3403 conueniunt,
1004 3316 1044 3390 ii
1060 3323 1112 3395 irr-
1136 3328 1224 3394 unde
1245 3326 1382 3411 probari
1402 3326 1527 3411 potest,
1557 3348 1595 3393 ex
1618 3314 1770 3409 baptismi
1794 3328 1827 3391 &
1851 3342 1931 3390 con.

338 3420 416 3493 icem
437 3428 611 3504 maneant,
634 3418 752 3506 quibus
772 3418 882 3491 uerbis
903 3416 995 3490 illam
1016 3418 1112 3491 fami-
1134 3416 1330 3491 firmationis
1349 3416 1550 3493 sacramento
1571 3423 1658 3490 inter
1676 3413 1829 3507 personae
1846 3414 1930 3488 illua

338 3522 490 3592 critatem
505 3514 719 3589 bellarminus
732 3512 898 3590 describit.
934 3517 1028 3610 Quin
1042 3522 1110 3590 imo
1134 3520 1396 3591 administrantes
1415 3519 1468 3590 vel
1488 3522 1685 3605 recipientes
1705 3514 1758 3587 vel
1778 3536 1815 3586 ut
1835 3515 1931 3587 testea

359 3616 417 3690 vel
442 3618 583 3702 maxime
607 3615 678 3687 talis
703 3612 905 3688 consuetudo
929 3619 1014 3687 inter
1037 3617 1111 3689 illor
1134 3626 1204 3706 ejus
1220 3619 1492 3688 administrationi
1507 3620 1667 3688 adstantes
1683 3612 1783 3688 talem
1799 3637 1838 3684 ac
1856 3634 1952 3710 tatu·

338 3740 427 3789 tcum
443 3717 641 3804 quandoque
655 3713 809 3798 haberer,
827 3738 893 3785 non
908 3737 1017 3785 tamen
1031 3740 1110 3805 pro·
1134 3737 1205 3785 tum
1218 3739 1368 3792 amorem
1379 3717 1476 3800 oriri,
1492 3718 1545 3787 cui
1558 3712 1768 3804 conjugalem
1781 3735 1931 3788 autorem

340 3841 402 3886 nus
417 3816 630 3893 matrimonio
647 3816 922 3901 impedimentum
939 3814 1108 3902 injiceret3
1133 3816 1296 3907 conjungi
1310 3809 1475 3887 summum
1505 3812 1544 3885 fit
1566 3809 1788 3904 periculum?

338 3913 392 3986 lias
405 3917 505 3986 eriam
520 3909 587 3996 illi,
615 3915 671 3999 qui
686 3913 719 3982 in
734 3914 898 4002 contiguis
913 3912 1035 3984 edibus
1053 3903 1110 3986 hai
1490 3906 1495 3911 ⁵
1794 3939 1797 3946 ·

338 4014 441 4093 itant,
457 4008 512 4082 vel
527 4010 610 4081 alios
624 4009 759 4081 crebros
775 4012 947 4082 instituunt
963 4037 1110 4086 conven·
1209 4017 1236 4102 ς.
1254 4012 1453 4085 ccclxx.
1483 4014 1556 4093 111.)
1569 4005 1650 4083 Non

338 4135 388 4196 aa,
421 4107 476 4183 vel
497 4109 731 4194 quovismodo
752 4106 1007 4182 fanuliaritatem
1027 4114 1112 4183 invi·
1135 4106 1452 4205 bubetfirffrugium
1475 4131 1496 4181 a
1508 4109 1568 4205 pio
1583 4132 1645 4182 un·
1695 4157 1742 4218 bet

338 4234 387 4282 eor
415 4229 593 4293 exercent,
634 4209 846 4279 matrimonio
865 4213 1025 4301 conjungi
1045 4236 1111 4282 non
1136 4208 1302 4305 iiquilute.
1350 4205 1558 4297 susceptores
1578 4209 1644 4282 five
1693 4237 1781 4318 apra
1795 4232 1951 4315 antique:

338 4303 465 4396 orient,
479 4329 558 4378 cum
570 4327 680 4377 tamen
695 4310 735 4377 de
747 4310 908 4394 ejusmodi
920 4312 1110 4395 nuptiarum
1137 4300 1312 4399 rivulo'xee
1326 4310 1359 4379 io
1369 4303 1533 4397 baptismo
1546 4306 1642 4380 adlri·
1771 4319 1842 4376 tate.

338 4406 549 4480 ancillatione
568 4403 766 4494 plerumque
786 4401 935 4497 usurpari
951 4406 1052 4497 poffit
1071 4407 1112 4478 il·
1129 4404 1225 4500 ¹beri,
1249 4405 1291 4477 ab
1307 4409 1434 4498 Higino
1450 4430 1537 4477 anno
1555 4432 1633 4494 ¹40·

338 4507 373 4579 td
397 4523 533 4592 poete:
1136 4504 1190 4575 vel
1215 4527 1253 4576 ut
1277 4504 1331 4576 alii
1358 4502 1496 4588 volunt,
1531 4530 1617 4577 antro
1644 4523 1722 4593 154.
1743 4499 1928 4571 institutum

364 4599 1109 4699 Notitidmprimorquegrodrrsuiciniosecr'i.
1135 4602 1219 4685 fuit3
1241 4627 1324 4695 ergo
1348 4605 1382 4674 in
1399 4601 1534 4676 ecclesia
1554 4604 1723 4693 primitiva
1745 4593 1928 4686 apostolice

337 4704 373 4794 .)
397 4698 440 4775 A
449 4699 563 4801 studio
583 4702 741 4774 carituris
758 4703 845 4776 inter
863 4712 1041 4777 extraneos
1057 4704 1109 4777 oi·
1135 4704 1242 4775 vicina
1258 4720 1332 4774 ante
1346 4699 1436 4773 illam
1451 4706 1567 4793 Higini
1584 4695 1957 4778 constitutionemim·‚

1697 4072 1773 4239 lli)
1794 4072 1861 4135 Non
1874 4070 1930 4135 ira·

1761 4147 1930 4237 effragistm

338 4803 477 4877 amndae.
528 4795 1110 4894 Resp.hocargumeatumpraesup
1136 4798 1930 4892 pedimenrumspiritualiscugnarionisignotum
1973 4846 1984 4851 -
2086 4843 2088 4847 v

340 4903 485 4984 onitirl,
512 4905 598 4986 quod
618 4901 663 4971 est
684 4902 717 4969 in
737 4903 931 4988 questione,
957 4903 1112 4975 videlicet
1137 4899 1212 4977 fuit.
1252 4903 1327 4973 Nec
1342 4926 1418 4971 cum
1435 4901 1542 4991 prima
1557 4898 1654 4986 hujus
1668 4900 1806 4967 rnllttutt
1820 4896 1862 4964 de
1878 4887 1931 4964 su·
2051 4904 2053 4908 '
2101 4944 2103 4951 .
2148 4951 2157 4960 .

338 5027 378 5076 er
404 4996 610 5091 spirirualenr
639 5002 870 5091 cognationem
904 5000 1004 5071 talem
1032 5004 1114 5082 oriri
1138 4996 1341 5089 sceptoribus
1359 5000 1392 5069 in
1409 4994 1571 5086 baptismo
1587 4994 1781 5067 adhibendis
1798 4990 1930 5080 origine

338 5093 623 5194 “Pindul‘itema
657 5121 800 5192 propter
821 5123 921 5193 quam
941 5093 1113 5192 persona,
1137 5099 1287 5173 doctrina
1303 5102 1349 5170 de
1360 5093 1521 5189 spirituali
1537 5089 1928 5193 cognatione‘matrimm

1211 5201 1326 5285 sz
1545 5233 1548 5238 ·
1832 5185 1928 5263 nium
2044 5252 2048 5281 ,
2151 5253 2155 5261 .

1417 5296 1444 5336 N
