4884 5984
319 503 418 626 ‘9⁶
660 491 1011 606 tocvs‘xxvt.
1060 475 1270 604 canti.
1321 505 1552 604 suern.
1589 527 1764 610 narr.

368 727 518 799 trimonii
553 725 697 813 legitimi
740 724 971 814 integritatem
1007 722 1200 811 requiritur.
1227 721 1413 802 elidimur,
1434 721 1670 813 neclegititna.
1720 724 1758 794 Id
1776 715 1884 811 ipsum
1904 725 2064 812 euomuit

369 827 404 900 Si
424 851 507 917 crgo
523 827 672 896 stridum
693 828 745 911 jus
765 821 936 912 'respicere
955 819 1119 902 velimus,
1145 847 1204 911 pa·
1228 818 1406 894 manifestis
1441 820 1552 892 verbis
1573 823 1746 913 Jussiniani
1777 821 1990 920 imperatoris
2011 823 2064 896 io·

369 949 480 997 rentes
500 922 566 996 tale
582 917 831 993 matrimonium
845 918 984 994 rescindi
995 943 1114 1010 petere
1128 919 1204 1010 pos·
1228 919 1293 990 stit.
1320 920 1363 990 de
1390 941 1488 1009 nupt.
1517 920 1552 992 in
1580 931 1711 992 tantum
1734 920 1860 1016 requiri
1880 927 2063 1017 pareretur·

368 1017 473 1104 ·sunt;
496 1024 630 1094 interim
653 1043 764 1091 tamen
783 1023 964 1108 quamdam
989 1015 1203 1108 dispensatio·
1231 1013 1420 1114 consensum
1459 1018 1495 1090 in
1534 1020 1663 1115 nnptiir
1689 1018 1897 1104 liberorum,
1937 1027 1978 1091 ut
1995 1037 2063 1116 pa·

370 1147 448 1193 nent
470 1131 505 1194 dc
529 1119 710 1198 irretierint
733 1123 860 1190 ratione
879 1119 1201 1190 circumstantiarum
1228 1129 1356 1190 rentum
1372 1113 1544 1213 consensus
1560 1117 1740 1211 praemere
1761 1115 1887 1192 debent.
1938 1117 2061 1212 Quan-

370 1218 483 1304 habita
513 1219 547 1290 in
578 1223 676 1290 certis
712 1215 836 1302 casabus
872 1215 985 1288 locum
1015 1216 1168 1289 obtinere
1190 1265 1201 1297 ‚
1227 1221 1271 1288 do
1297 1219 1402 1308 igitur
1421 1242 1484 1304 per
1505 1211 1781 1306 dispensationem
1804 1217 1982 1306 quamdam
2002 1241 2064 1308 pe·

247 1337 252 1344 ·
369 1323 520 1408 jamdum
541 1313 768 1389 concessimus,
817 1313 928 1386 Verba
951 1312 1044 1386 Pauli
1067 1317 1200 1404 quidam
1226 1341 1301 1388 rens
1322 1314 1528 1386 clandestinis
1554 1316 1738 1388 liberorum
1755 1318 1901 1406 nuptiis,
1922 1318 1964 1386 ad
1981 1339 2063 1404 quer

372 1415 417 1490 stc
435 1411 623 1505 explicant,
647 1417 737 1501 quod
757 1410 1200 1510 rrratrimonittmsecnndum
1226 1413 1345 1503 copula
1377 1411 1528 1500 accessit,
1561 1409 1752 1488 consensum
1789 1413 1945 1505 prebet,
1980 1412 2066 1488 tuuc

247 1595 253 1610 ⁸
373 1514 462 1611 seges
480 1511 522 1589 ii
540 1524 716 1609 pareantum
739 1514 911 1592 uoluntate
927 1512 1048 1586 initum
1066 1537 1135 1586 nore
1149 1512 1202 1587 id·
1225 1510 1463 1585 clandestinum
1489 1512 1573 1585 illud
1602 1516 1852 1586 matrimonium
1884 1535 1952 1584 non
1980 1521 2063 1594 ooa-

372 1616 462 1687 circa
482 1615 595 1785 postea
622 1609 864 1710 diffirsuendum
885 1614 958 1711 stt,
994 1615 1074 1710 quia
1127 1624 1201 1686 ater
1225 1612 1377 1684 firntatur
1403 1637 1465 1701 per
1484 1616 1661 1699 quamdam
1682 1611 1980 1692 ratihabitionem,
1998 1605 2082 1704 sed·

372 1712 458 1788 itud
474 1713 576 1792 veit,·
612 1709 669 1783 alii
688 1708 906 1803 respondent,
930 1710 1083 1807 injurato
1109 1715 1122 1786 i
1148 1737 1201 1786 ne·
1225 1710 1339 1791 illud,
1384 1716 1473 1799 quod
1510 1714 1600 1782 inter
1634 1711 1866 1810 contrahentes
1898 1705 2063 1788 haetenus

372 1823 478 1887 terum
510 1810 734 1908 fragmenta,
771 1833 843 1907 qnae
872 1832 894 1882 a
926 1803 1133 1914 Justnn'ano
1165 1814 1201 1885 in
1226 1815 1358 1893 actum,
1386 1834 1542 1898 tanquam
1561 1814 1680 1884 divinar
1698 1812 1766 1901 legi
1781 1807 1986 1882 contrarium
2005 1835 2083 1902 pe·.

373 1936 493 2009 corpur
506 1914 598 2008 juris
621 1933 687 1982 nan
704 1907 790 2006 sunt
815 1907 975 1997 redona,
992 1911 1110 2005 facere
1130 1914 1204 2008 qni·
1226 1912 1314 1980 nitus
1342 1907 1565 1999 rescinditur,
1598 1937 1636 1982 oc
1665 1936 1716 1982 res
1741 1914 1783 1980 de
1813 1911 1955 1996 integro¹
1966 1907 2062 2000 juxta

246 2077 252 2088 ..
372 2011 446 2085 dem
466 2011 513 2083 ad
538 2010 757 2106 antiquitatis
784 2011 1036 2106 cognitionem,
1058 2036 1124 2085 non
1143 2034 1204 2085 au·
1227 2010 1378 2080 ordinem
1409 2009 1567 2081 divinitus
1594 2003 1823 2098 prescriptum
1855 2004 2081 2100 inchoatur‚·“

373 2121 439 2185 tent
466 2108 514 2184 ati
533 2112 624 2206 juris
651 2111 925 2209 constitutionem.
990 2118 1065 2196 lv.)
1099 2108 1200 2184 Certo
1227 2129 1264 2178 ut
1288 2115 1447 2198 conjtges
1476 2105 1615 2180 firmiter
1635 2111 1775 2180 statuere
1792 2101 1943 2198 polline,
1978 2129 2069 2180 cutm·

288 2225 291 2230 '
368 2213 447 2308 jure
467 2210 615 2294 utimur,
641 2209 753 2305 inquit
777 2207 1001 2306 Uinicianus.
1029 2237 1056 2281 t.
1085 2225 1112 2298 ς.
1133 2212 1199 2309 fin.
1225 2208 1432 2296 junctionem
1454 2202 1544 2276 snam
1562 2203 1625 2279 elle
1642 2209 1789 2280 divinam
1806 2229 1843 2278 ac
1860 2201 2061 2298 legitimam·

249 2397 252 2402 Ι
365 2307 468 2407 ffde
490 2307 549 2383 lib.
566 2306 679 2382 exsrib.
696 2332 736 2382 ne
762 2305 840 2382 bene
860 2307 1101 2381 concordantia
1130 2331 1203 2382 ma-
1227 2330 1291 2393 qua
1311 2308 1353 2375 de
1374 2329 1410 2373 rc
1441 2302 1577 2377 inferius
1598 2305 1705 2400 plura.

375 2409 540 2482 trimonia
570 2409 646 2505 jure
673 2408 801 2504 patriae
826 2410 998 2508 potestatis
1018 2408 1201 2482 turbentur.
1299 2411 1328 2485 §.
1347 2407 1532 2477 LXXXlV.
1582 2409 1691 2496 Atque
1727 2405 1798 2478 haec
1847 2379 2064 2494 &sitnm

380 2504 482 2606 Quod
505 2508 681 2608 tamenstc
703 2507 769 2579 erit
787 2505 1029 2589 adsistentium,
1051 2519 1090 2581 nt
1107 2508 1205 2604 qtatrr'
1229 2497 1323 2580 sunt,
1354 2526 1425 2588 quae
1448 2500 1665 2582 Bellarmious
1684 2528 1801 2579 contra
1848 2481 2059 2622 mmm·

369 2603 630 2705 persuadeatur,
655 2630 695 2678 ne
714 2602 827 2680 acerbe
845 2607 997 2702 patriam
1009 2611 1202 2707 potestatem
1227 2595 1450 2672 neceffitatent
1472 2605 1600 2689 Dfli'effli
1627 2599 1800 2676 ⁶⁰¹¹s0¹¹s¹¹³
1870 2559 2062 2706 ottriim'iuef

373 2715 536 2779 exerceat.
589 2699 690 2800 Ergo
720 2707 974 2778 matrimonium
989 2708 1061 2805 stne
1083 2730 1202 2802 paren·
1226 2696 1344 2770 adfert.
1397 2701 1519 2770 Praeter
1534 2726 1572 2772 ea
1588 2700 1629 2772 ab
1642 2702 1714 2777 aliis
1737 2706 1800 2776 tria
1848 2659 1896 2782 pu
1916 2720 2031 2786 itatem

373 2815 445 2880 tum
466 2801 620 2901 consensu
641 2805 762 2877 initam
790 2799 831 2878 ii
849 2804 971 2902 rapula
996 2795 1432 2906 consumma-*potissimum
1474 2822 1637 2891 urgentur
1681 2801 1800 2878 funda·
1849 2718 2093 2898 ῙᾸθΑΥΨῑτ

373 2913 445 2979 'tnm
475 2905 512 2976 vi
538 2902 664 3000 patric
688 2904 863 3002 potestatis
895 2902 1045 2983 rescindi
1077 2907 1357 3001 nequitatem,
1393 2920 1536 2982 ‘tumn‘
1568 2904 1798 2989 primum-du·
1840 2875 1900 2962 βο
1928 2879 2062 3021 ,ι’-Μ’

372 3000 475 3095 Resp.
497 3007 636 3091 quidum
649 3005 856 3083 existimant,
887 3004 1075 3095 Ulpianum
1101 3029 1202 3096 agere
1228 3001 1318 3067 &um
1337 3023 1356 3067 a
1373 2996 1525 3095 requistto
1542 2998 1735 3084 libertarit
1753 3004 1800 3076 ul·
1942 2979 1980 3024 ⁸⁸⁶

373 3106 416 3175 de
432 3103 645 3176 matrimonio
663 3101 750 3189 julla
781 3126 819 3174 ac
849 3101 1001 3192 legitimo
1023 3126 1200 3192 parentum
1227 3115 1335 3166 terum
1360 3121 1379 3165 a
1402 3094 1592 3170 conditione
1608 3104 1736 3196 patrie
1751 3105 1833 3199 pate
1859 3111 1954 3194 atisr
1993 3133 2065 3190 ter·

314 3233 319 3240 ·
373 3197 530 3273 consensu
551 3203 653 3278 inito,
679 3223 757 3270 cum
786 3197 940 3287 loquatur
961 3205 1004 3271 de
1031 3202 1200 3273 matrimo-
1226 3196 1309 3264 tium
1327 3219 1350 3304 Ια
1373 3191 1597 3287 consecutione
1628 3198 1863 3298 absterditatrs.
1929 3217 1973 3302 1.)
2015 3211 2094 3296 In¹

291 3337 311 3348 --
370 3301 430 3372 uio
447 3299 532 3370 bene
558 3303 798 3382 concordante;
821 3306 888 3386 jam
918 3323 1000 3369 vero
1028 3301 1201 3373 matrimo-
1227 3293 1446 3365 matrimonio
1468 3296 1693 3374 contrahendo
1712 3302 1765 3374 vel
1782 3311 1931 3384 mraxime
1954 3316 2066 3409 requi-

373 3400 468 3470 niuut
489 3395 670 3468 liberorum
695 3394 761 3467 line
778 3416 955 3484 parentum
969 3391 1201 3495 consensuini.
1223 3392 1314 3464 citur
1344 3379 1508 3478 libertos,
1546 3419 1628 3491 quae,
1664 3401 1797 3477 dotatae
1830 3406 2061 3508 Quintiliano,

374 3518 447 3568 tum
467 3493 565 3586 plane
585 3492 714 3566 nullum
736 3497 799 3573 est,
822 3517 951 3566 tanturn
974 3493 1081 3577 abest,
1109 3519 1146 3566 ut
1160 3494 1200 3567 stt
1224 3488 1377 3588 nuspiam
1391 3501 1462 3563 tarn
1477 3492 1679 3592 necesaria,
1705 3525 1804 3597 qnam
1829 3511 1865 3581 in
1884 3513 2062 3587 mammo.

372 3593 459 3667 bene
477 3598 691 3667 concordans.
746 3594 884 3665 Addunt
899 3593 972 3673 alii,
999 3592 1121 3666 licuisse
1132 3592 1202 3666 fot-
1224 3592 1300 3677 nio,
1325 3592 1400 3686 qnir
1419 3594 1505 3664 enirn
1526 3618 1641 3672 aurore
1662 3601 1774 3674 alieno
1791 3612 1905 3682 animo
1917 3610 2062 3716 potest?

372 3687 427 3765 san
450 3691 531 3766 olim
556 3695 643 3781 patri
657 3689 723 3764 tale
741 3695 990 3763 matrimonium
1006 3689 1201 3775 dissolvere,
1225 3686 1338 3785 Atqui
1356 3713 1417 3786 prr
1434 3691 1610 3791 consensus
1631 3706 1767 3795 paterni
1788 3709 1999 3800 necessitatem
2016 3713 2062 3786 si·

221 3874 236 3882 ‚¹
372 3817 446 3883 arg.
467 3796 488 3863 l.
516 3818 549 3883 5.
569 3794 609 3864 C.
625 3795 668 3863 de
682 3793 802 3879 repud.
828 3799 862 3864 &
884 3791 931 3862 ibi
961 3790 1201 3865 Gotbofredur.
1226 3787 1338 3862 bertar
1358 3788 1419 3862 ita
1437 3790 1577 3868 tollitur.
1629 3797 1732 3891 Resp.
1771 3801 1994 3901 t.)1'„ibertas
2024 3822 2060 3888 ὃς

373 3894 437 3963 Sed
457 3886 635 3977 simplicius
656 3886 898 3981 respondetur,
925 3887 1111 3979 Ulpianum
1134 3916 1207 3963 non
1226 3889 1418 3961 obedientia
1444 3916 1525 3982 erga
1561 3894 1651 3986 leges
1674 3923 1881 3993 nequequam
1914 3912 2060 3983 invicem

253 4021 256 4026 ·
372 3984 439 4058 hoc
461 3986 573 4065 velle,
614 3992 704 4076 quod
737 4012 832 4077 pater
859 3987 923 4060 tale
952 3992 1201 4061 tutatrimonium
1226 4010 1398 4080 pugnant,
1424 3993 1501 4079 quia
1523 4019 1560 4065 ea
1583 4001 1719 4071 demum
1742 4029 1818 4079 vera
1838 4009 1885 4080 est
1904 4003 2060 4093 libertas,

371 4093 446 4174 jure
470 4084 585 4174 pa'triae
614 4086 781 4175 potestatis
811 4082 996 4159 rescindere
1028 4109 1200 4176 nequeat,
1225 4112 1299 4176 que
1317 4089 1437 4159 divinis
1463 4100 1498 4164 &
1521 4091 1662 4167 honestis
1683 4098 1813 4192 legibus
1836 4131 1942 4195 paret.
1994 4106 2062 4183 Le.

275 4199 278 4210 '
372 4179 428 4256 sed
446 4187 536 4271 quod
552 4183 812 4282 persuadendum
830 4183 890 4275 ipst
920 4184 976 4266 stt,
1013 4212 1054 4259 ne
1081 4187 1200 4259 acerbe
1224 4183 1554 4283 gnmsernisnmur,
1580 4196 1688 4283 inquit
1710 4205 1830 4275 Cicero
1848 4185 1906 4277 lib,
1925 4214 1949 4280 1.
1968 4207 2058 4282 offic.

341 4285 344 4290 ’
370 4286 516 4374 partiam
541 4282 631 4356 illam
663 4285 855 4372 potestatem
876 4307 1046 4372 exerceat,
1080 4285 1103 4357 st
1126 4312 1201 4375 per·
1225 4296 1263 4357 ut
1284 4284 1385 4358 liberi
1407 4283 1465 4384 effe
1491 4291 1657 4385 possmus.
1707 4304 1783 4389 Jant
1814 4329 1893 4377 vero
1922 4303 2060 4379 consen·

372 4378 576 4465 suadendas,
602 4408 686 4475 ergo
706 4408 772 4455 non
793 4391 962 4476 cogendus
981 4385 1113 4457 invitus.
1141 4391 1200 4474 V.)
1230 4380 1280 4456 sus
1297 4408 1475 4476 parentum
1498 4379 1546 4459 in''
1556 4397 1679 4482 nuptiis
1704 4396 1887 4475 liberorum
1909 4407 1986 4495 jure
2009 4409 2062 4479 di·

373 4478 520 4562 Perinde
532 4484 594 4581 est,
595 4484 675 4654 for
687 4481 859 4554 antecedat
873 4495 1051 4579 parentum
1071 4483 1206 4582 consen·
1231 4488 1308 4556 vino
1325 4486 1466 4557 naturali
1487 4498 1522 4562 dc
1553 4493 1642 4565 civili
1670 4503 1860 4586 requiritur.
1916 4511 1969 4596 a.)
1995 4508 2060 4578 Di·

364 4577 445 4678 sur,
464 4583 535 4679 stoc
548 4577 593 4675 su
609 4577 779 4676 sequatur,
797 4580 1083 4699 dnmquoadfit.
1099 4581 1200 4675 Resp.
1229 4585 1461 4697 [linquendum
1476 4588 1563 4660 inter
1583 4589 1771 4670 libertatem
1798 4601 1998 4698 absolutam,
2019 4603 2060 4677 fi.

372 4708 451 4757 curn
478 4678 510 4750 b.
540 4679 719 4761 luthero,
752 4680 946 4755 Chentnitto
980 4699 1015 4753 nt
1047 4678 1129 4771 disp.
1162 4689 1203 4755 de
1229 4707 1270 4753 ve
1294 4687 1606 4774 indeterminatam,
1643 4703 1676 4767 dt
1704 4697 1893 4777 {irritatam
1917 4704 1985 4780 stre
2004 4730 2059 4780 re·

251 4805 254 4810 ·
372 4782 480 4859 cland.
500 4773 647 4867 despons.
665 4802 748 4868 part.
764 4786 824 4853 lll.
840 4778 903 4855 loc.
921 4785 955 4852 in
975 4778 1085 4855 lim&
1105 4785 1203 4854 Men·
1228 4781 1383 4855 strictam.
1437 4789 1524 4857 Natu
1551 4801 1586 4864 δι
1616 4790 1699 4866 illud
1728 4802 1849 4874 dicitur
1883 4805 2057 4888 liberum,

316 4941 321 4950 ,
371 4908 451 4956 zero
475 4884 509 4951 in
535 4882 630 4952 tradi.
657 4884 698 4949 de
726 4879 859 4970 conjug.
881 4906 916 4971 p.
947 4890 1023 4968 ¹48·
1050 4884 1202 4956 divinum
1227 4885 1317 4967 quod
1340 4877 1398 4954 sub
1421 4907 1513 4957 certa
1537 4885 1612 4982 lege
1640 4901 1883 4977 &conditione
1903 4909 1950 4976 est
1972 4904 2059 4978 libe,

373 4992 410 5057 δι
435 4976 617 5053 naturalem
640 4982 795 5050 ordinem
816 4984 1005 5069 requirere,
1032 5003 1067 5052 ut
1083 5007 1204 5073 paren·
1227 5004 1320 5065 rum,
1345 5005 1381 5054 ut
1401 5007 1492 5071 patet
1509 5012 1548 5059 ex
1567 4988 1758 5069 definitione
1777 5001 1936 5076 libertatis
1957 5007 2057 5086 instit.

372 5073 626 5154 cumconsensus
643 5083 834 5166 praecedat,
859 5082 948 5152 hunc
964 5082 1115 5154 ordinem
1131 5085 1203 5173 qui·
1227 5081 1360 5169 dejure
1383 5081 1513 5172 pe'rson.
1538 5099 1565 5182 §.
1592 5115 1622 5165 2.
1682 5093 1836 5176 Lff'tfpms
1856 5110 1899 5188 pq
1914 5113 2058 5181 „mm

372 5204 505 5273 cunque
532 5174 749 5264 convellunt,
774 5201 893 5259 eorum
920 5185 1112 5271 conjuncto
1132 5207 1204 5260 oon
1227 5178 1273 5256 sis
1286 5180 1446 5278 facultas
1465 5189 1555 5288 ejus,
1590 5195 1678 5291 quot
1702 5202 1817 5299 cuique
1831 5204 1949 5300 snam
1962 5204 2058 5294 silet.

1997 5310 2062 5413 tn
