4884 5984
367 493 437 586 14⁶
588 491 739 564 rocus
758 481 883 560 xxm.
917 483 1136 561 cnrv'rx.
1169 489 1777 588 socr.1u.·nttr.1t.urttt,r.

358 679 577 757 ecclesiasticis
613 679 671 754 iob
707 685 805 757 titolo
836 678 1059 782 Ambroſsos,
1102 685 1160 755 tri.
1185 677 1288 770 serat,
1324 687 1419 759 uxori
1447 708 1530 759 tero
1560 689 1804 779 denegaverat)
1833 705 1988 776 tempore

358 784 432 856 buit
462 805 519 852 eos
550 786 681 854 cuidam
707 783 862 856 heretico
886 779 1032 856 Luciferi
1059 776 1160 854 seata.
1184 785 1361 875 Augustini
1387 784 1554 856 horridius
1582 807 1620 856 ar
1636 786 1782 875 rigidius
1810 781 1914 857 fuerit
1935 782 1986 856 di·

280 975 283 980 Ι
360 876 717 964 roti,Hiiarioditto.
767 878 1158 956 MaidouatusinMatth.
1184 879 1311 970 sputatn
1336 905 1376 954 ae
1395 878 1519 963 decisa,
1544 884 1590 957 ita
1609 904 1647 955 ut
1670 886 1744 955 vira
1767 906 1905 972 quoque
1926 905 1987 974 po·

360 985 453 1053 XIX.
476 1005 509 1064 9·
543 990 577 1053 te
610 982 645 1052 in
684 981 800 1054 lobon.
822 987 881 1053 ttt.
906 1000 937 1069 5.
999 976 1159 1076 Remigio
1183 981 1278 1055 tester
1302 982 1379 1053 aori
1406 982 1608 1054 matrimonii
1637 983 1859 1067 adimeretur,
1884 982 1988 1070 qoud·

360 1076 600 1176 Lugdunerrst,
638 1083 696 1168 qui
721 1103 807 1153 anno
829 1078 968 1152 Domini
994 1095 1074 1165 870.
1110 1078 1160 1150 vi·
1182 1102 1249 1167 que
1267 1077 1324 1150 ille
1338 1081 1514 1178 Augustini
1532 1081 1648 1153 durior
1662 1075 1821 1154 sententia
1838 1103 1907 1152 nou
1926 1083 1986 1152 tta·

323 1233 338 1262 ,
357 1181 425 1258 xit,
450 1202 506 1250 eos
522 1175 680 1269 adsignet.
732 1181 884 1250 Peterius
900 1176 1051 1251 libant.
1069 1201 1161 1250 eom·
1184 1180 1245 1248 tim
1274 1173 1375 1250 suerit
1398 1176 1440 1250 ab
1464 1178 1619 1251 omnibus
1643 1201 1803 1269 receptu,
1839 1178 1985 1266 idvquod

356 1296 462 1349 ment.
480 1279 514 1347 iu
528 1283 611 1349 Gen.
634 1302 710 1369 pag.
733 1298 813 1365 370.
834 1288 869 1351 δι
886 1277 921 1347 iu
945 1279 1039 1366 epist.
1059 1281 1160 1354 Rom.
1183 1299 1222 1346 ex
1238 1271 1730 1352 aubitationeareonsotntione
1745 1274 1899 1350 Pollentii
1918 1300 1985 1347 mr·

356 1371 440 1461 disp.
463 1381 504 1447 V.
536 1379 576 1445 ad
606 1400 679 1465 cao.
706 1381 764 1448 vt.
815 1376 955 1447 Loriuus
981 1374 1020 1447 in
1047 1377 1162 1446 Adron
1184 1369 1301 1446 uifeile
1333 1379 1481 1463 adparet.
1551 1378 1584 1448 Si
1608 1379 1698 1449 enim
1723 1375 1786 1448 hoe
1811 1373 1987 1466 Augustini

356 1479 433 1546 XV.
483 1472 650 1545 Ambrosii
678 1469 743 1546 eise
773 1495 917 1564 negant,
950 1467 1005 1545 sed
1030 1495 1160 1546 eertum
1184 1473 1308 1562 dogma
1339 1467 1447 1547 suisset
1471 1470 1514 1546 ab
1540 1472 1696 1547 omnibus
1719 1471 1858 1562 publico
1882 1471 1987 1545 ecele-

356 1595 475 1642 eorum
497 1593 646 1642 autorem
668 1595 735 1644 non
751 1573 935 1644 nominant.
986 1571 1161 1664 Quidquid
1184 1565 1236 1640 [ιι
1252 1566 1408 1643 consensu
1423 1591 1618 1661 morotum,
1643 1569 1824 1660 Pollentiut
1839 1569 1989 1659 orzilio-

358 1668 418 1756 tit,
458 1669 553 1741 nobis
576 1664 716 1752 sufficit,
755 1667 820 1744 elle
841 1670 1012 1743 cuiusdam
1038 1669 1163 1740 autoris
1184 1689 1262 1739 nem
1288 1671 1333 1742 de
1358 1692 1402 1743 eo
1423 1692 1491 1743 nun
1518 1665 1697 1750 movillet,
1733 1691 1797 1741 uer
1818 1664 1989 1759 scripture

358 1769 560 1843 vetustioris.
610 1768 825 1842 bellarminus
843 1766 919 1841 libr.
934 1775 990 1843 tv,
1005 1771 1047 1841 de
1059 1763 1161 1838 amiil'.
1184 1769 1274 1838 ditia
1287 1767 1327 1838 ira.
1338 1769 1541 1842 romerium
1555 1763 1744 1841 adduxisset.
1763 1795 1766 1802 ·
1787 1768 1903 1861 'Quod
1917 1764 1994 1839 uel·

357 1888 447 1961 grat.
474 1877 509 1940 &
534 1871 616 1940 lietu
647 1873 775 1953 uector.
803 1890 877 1957 rap.
902 1873 944 1939 V.
972 1877 1007 1942 ae
1036 1865 1095 1938 lib.
1120 1869 1162 1940 de
1185 1862 1346 1938 larminur
1372 1867 1490 1948 rddit,
1528 1876 1673 1964 tempore
1698 1863 1890 1964 Augustini
1924 1887 2002 1950 ror,

357 1964 520 2039 iustificat.
543 1991 615 2055 cro.
636 1971 727 2037 vlit.
750 1987 902 2040 autorem
926 1964 1045 2036 horum
1067 1988 1161 2037 eom·
1179 1958 1283 2059 suiffe
1305 1963 1367 2036 irae
1389 1963 1516 2059 dogma
1539 1966 1585 2040 ab
1610 1969 1725 2062 aliquo
1741 1961 1897 2059 generali
1913 1963 1999 2036 carr-¹

358 2067 598 2138 menteriorum
626 2061 719 2136 inille
740 2061 895 2158 Damaso
922 2059 963 2136 fd
981 2057 1160 2159 Ambrufiu
1185 2059 1268 2134 citio
1291 2061 1563 2150 determinatum,
1592 2067 1788 2155 idnustram
1815 2060 1989 2136 confirmet

358 2161 551 2266 σύγχρονον
567 2161 696 2252 colligit
715 2188 755 2234 ex
775 2185 952 2236 comment.
982 2158 1159 2238 rTimotb.
1184 2158 1395 2246 sententium,
1425 2187 1467 2236 er
1487 2187 1530 2238 eu
1554 2166 1644 2236 enim
1667 2164 1840 2236 evidenter
1861 2160 1990 2254 colligi·

358 2270 421 2333 111.
451 2273 485 2336 ar
507 2259 568 2333 sub
594 2255 770 2359 Ambrusti
792 2263 927 2333 nomine
950 2256 1064 2351 sapius
1090 2255 1160 2333 eos-
1184 2278 1267 2340 tur,
1301 2263 1391 2348 quod
1417 2283 1489 2332 tum
1519 2266 1666 2334 nondum
1693 2259 1793 2333 fuerit
1819 2283 1885 2348 pro
1908 2265 1994 2354 dog·

357 2364 437 2432 dem
458 2357 610 2451 adlegnt3
636 2362 707 2432 eius
732 2362 835 2450 igitur
859 2362 1069 2430 autoritatem
1093 2381 1160 2430 non
1184 2374 1272 2429 mate
1299 2356 1466 2432 catholieo
1492 2362 1528 2430 in
1555 2357 1688 2434 eeclesia
1715 2358 1894 2438 habitum,
1933 2361 1988 2430 tui

234 2481 236 2486 ·
357 2459 467 2547 potest
489 2461 621 2544 penitus
643 2459 818 2546 repudiare
831 2507 842 2540 ,
877 2453 1058 2544 presertim
1084 2481 1159 2528 euna
1183 2478 1252 2526 non
1272 2452 1493 2539 licueritulla
1509 2460 1639 2531 ratione
1659 2459 1907 2529 contradicere:
1937 2464 1989 2544 5.)

359 2555 432 2629 hae't'
461 2555 564 2627 verba
590 2557 692 2628 reluta
717 2554 779 2627 sint
807 2580 827 2627 r
852 2558 1009 2626 Gratiano
1042 2557 1077 2623 in
1109 2559 1160 2625 ius
1186 2548 1359 2642 Leonem,
1396 2555 1455 2641 qui
1486 2558 1519 2625 in
1546 2557 1640 2644 eoin.
1666 2570 1723 2645 85.
1755 2554 1834 2625 elias
1859 2570 1916 2638 87.
1946 2557 1989 2627 ad

357 2655 557 2727 canonicum
573 2650 632 2725 sub
647 2650 812 2728 Ambrosii
829 2651 926 2726 titulo
943 2679 971 2725 r.
988 2649 1160 2726 exaridc.
1183 2646 1356 2740 episcopos
1380 2649 1500 2722 dfrirae
1522 2678 1598 2742 cap.
1627 2660 1650 2724 Ι.
1669 2651 1896 2748 sacerdotem,
1931 2653 2001 2749 qui·

360 2775 419 2840 32.
449 2754 560 2842 quast.
587 2777 621 2836 7.
653 2754 741 2825 unde
770 2753 871 2824 etiam
894 2754 1065 2824 canonista
1092 2774 1161 2821 tum
1183 2746 1319 2844 dimiffir
1339 2771 1445 2822 uxore
1467 2749 1576 2823 otiam
1597 2751 1762 2839 duxerat,
1788 2763 1921 2825 tantuna
1944 2748 1989 2825 ab

289 2897 291 2901 -
358 2846 498 2941 operose
532 2847 716 2925 &solicite
743 2846 948 2938 disquirunt,
988 2851 1161 2939 quomodo
1185 2844 1302 2942 ardiae
1322 2857 1486 2933 removet,
1517 2873 1584 2923 noa
1603 2861 1714 2924 autem
1731 2850 1987 2925 matrimonium

225 2997 230 3006 ·
360 2951 477 3022 erdem
490 2948 676 3037 explicere,
701 2946 756 3019 vel
773 2948 887 3036 potior
906 2970 1066 3037 torquere
1086 2942 1162 3038 pos·
1183 2944 1255 3019 eius
1280 2943 1437 3031 dirimit,
1474 2959 1537 3022 aut
1559 2973 1632 3022 eum
1664 2948 1709 3023 ab
1737 2949 1877 3048 eeclestae
1899 2973 2004 3024 coro.

359 3047 441 3128 fint,
472 3070 518 3118 ne
539 3042 602 3117 suae
628 3046 777 3134 opinioni
800 3041 1029 3120 adversentur.
1089 3047 1160 3119 Sir·
1184 3045 1370 3118 murrioner
1408 3043 1488 3119 edit.
1513 3051 1642 3138 Excipit
1651 3048 1886 3131 bellarminus,
1901 3045 1987 3122 Leo·

226 3209 229 3214 .
360 3141 584 3220 misenensis
607 3142 758 3218 libnvi.
785 3140 939 3215 biblioth.
965 3147 1077 3215 adnot.
1101 3154 1157 3221 81.
1182 3165 1257 3215 rtem
1281 3165 1347 3216 non
1368 3069 1464 3239 quui
1489 3145 1529 3218 de
1546 3143 1747 3241 sacerdote,
1772 3148 1831 3244 qui
1846 3151 1917 3249 past
1928 3144 1989 3244 su·

357 3267 439 3335 pig.
462 3247 545 3334 4⁶5·
574 3244 675 3315 vidtur
699 3245 755 3312 dat
779 3266 921 3321 monus,
959 3252 994 3316 dt
1017 3241 1161 3313 Ambro·
1177 3239 1327 3337 sceptrum
1338 3240 1478 3342 suarum
1495 3246 1646 3318 ordinem
1667 3270 1807 3321 errrorem
1829 3246 2022 3327 duxerin·

357 3341 441 3413 stum
466 3340 570 3413 refert
594 3346 628 3411 in
654 3337 783 3413 tlail'em
810 3363 950 3418 eorum,
985 3340 1042 3435 qui
1072 3352 1161 3412 certa
1176 3339 1240 3436 sed
1264 3336 1303 3414 de
1326 3345 1491 3438 quodam,
1523 3346 1601 3439 qui,
1637 3370 1710 3418 eum
1734 3369 1874 3420 uxorem
1899 3370 1991 3416 occe·

363 3438 404 3513 Εἴ
430 3439 623 3512 indubitata
656 3440 844 3533 adsertione
873 3440 1043 3533 uteturque
1067 3464 1161 3533 repre-
1180 3434 1295 3534 pidet,
1324 3443 1435 3536 priore
1455 3440 1609 3538 dimiffit,
1630 3448 1744 3542 pastea
1765 3447 1812 3517 ad
1830 3442 1988 3538 sacerdo,

360 3540 413 3610 dii
436 3539 547 3631 quoad
576 3538 707 3611 tiorum
736 3535 775 3609 td
798 3536 965 3607 vinculum
991 3538 1161 3609 licentiam
1184 3541 1269 3609 tium
1289 3551 1464 3634 promotus
1478 3542 1621 3632 suerat,
1653 3544 1739 3615 dunc
1768 3542 1837 3616 Leo
1859 3541 1904 3613 eb
1935 3568 1990 3615 or·

238 3634 241 3642 ’
354 3634 561 3733 ρνοῦαναηὲ,
619 3638 681 3729 4.)
708 3633 925 3719 Pollentiam,
964 3639 1020 3722 qui
1045 3642 1157 3729 Augu·
1183 3636 1261 3709 dine
1281 3650 1442 3720 removet,
1466 3640 1554 3711 nihil
1580 3653 1689 3713 autem
1714 3642 1831 3726 addit,
1859 3641 1899 3712 de
1917 3666 1989 3713 erra·

358 3737 432 3805 itini
455 3756 606 3824 ternpore
633 3735 738 3812 vixit,
772 3736 905 3819 eiusque
928 3729 1092 3805 sententiae
1118 3740 1161 3806 de
1183 3735 1344 3809 erimardo
1367 3740 1454 3821 eiras,
1486 3749 1640 3812 ratumne
1665 3764 1709 3812 arr
1733 3741 1869 3812 irritum
1894 3737 1985 3834 efflet,

358 3831 476 3904 illicito
506 3836 579 3923 poll
601 3837 783 3905 diuortium
809 3835 967 3922 coniugio
993 3837 1158 3905 contradi·
1183 3845 1253 3905 trem
1278 3836 1449 3929 quianon
1477 3849 1550 3909 erat
1581 3841 1612 3911 ei
1642 3842 1813 3937 proposita
1836 3824 1988 3937 questio,

357 3934 424 4010 rit,
455 3956 495 4002 ex
520 3955 587 4018 quo
609 3935 765 4018 adparet,
791 3953 858 3999 non
879 3928 972 4001 soille
996 3931 1080 4002 illud
1100 3936 1157 4002 do·
1182 3935 1246 4026 nist
1268 3935 1308 4004 de
1329 3936 1567 4016 ordinatione,
1599 3962 1643 4008 arr
1663 3935 1796 4033 scilicet
1819 3937 1904 4010 taiir
1929 3937 1988 4008 io·

357 4055 437 4121 gmn
459 4028 659 4101 catholicum
676 4031 709 4097 in
728 4025 861 4099 eeclesia
886 4025 1045 4100 habitunt.
1098 4036 1159 4099 Er·
1182 4057 1234 4104 mo
1264 4031 1312 4104 ad
1333 4031 1562 4128 sacerdotium
1586 4039 1778 4129 promoueri
1806 4033 1984 4132 potuisset,

357 4133 441 4218 cipit
464 4129 704 4210 Belltrminur,
741 4124 943 4199 Pollentiam
967 4124 1159 4225 Artgtestinu
1183 4129 1253 4203 tom
1277 4131 1357 4227 quia
1381 4132 1504 4206 ibidem
1527 4135 1645 4215 addit,
1663 4134 1768 4230 salua
1788 4131 1848 4220 etse
1872 4132 1986 4208 debere

358 4251 425 4299 rou
447 4224 646 4320 contradixi
645 4220 708 4320 sse,
735 4222 798 4319 sed
831 4226 921 4296 circa
953 4229 1158 4321 questionem
1180 4226 1445 4327 pradecefforram
1466 4234 1605 4329 suorum
1631 4234 1776 4319 decreta,
1794 4217 1891 4306 ‘inter
1915 4256 1987 4329 que

358 4323 532 4422 obscuram
555 4336 687 4399 tantum
717 4320 931 4419 consuluit&
965 4326 1076 4412 postea
1102 4328 1159 4396 ad·
1182 4330 1225 4426 est
1250 4328 1411 4403 decretum
1436 4331 1625 4408 Innocentii
1649 4330 1678 4406 I.
1704 4335 1793 4433 epist.
1822 4330 1897 4405 III.
1927 4355 1989 4427 quo

358 4429 429 4506 dir,
467 4439 613 4523 tempore
640 4420 828 4520 Augustini
866 4447 929 4493 oon
960 4419 1064 4517 stride
1099 4421 1160 4492 hoc
1183 4426 1398 4502 declarantur
1421 4434 1596 4517 adulteri,
1634 4437 1691 4529 qui
1714 4433 1825 4528 priore
1848 4428 1987 4527 dimiffa

359 4528 484 4624 dogma
505 4526 685 4622 abaliquo
710 4520 862 4617 generali
884 4521 1025 4592 eoncilia
1049 4519 1158 4616 eupli·
1184 4525 1286 4596 etiam
1305 4552 1365 4622 per
1383 4530 1571 4626 legitimum
1589 4533 1773 4604 divortium
1791 4531 1899 4602 uliam
1926 4533 1987 4604 du·

357 4642 489 4714 catum,
529 4619 663 4722 ideodue
682 4621 828 4714 facilius
852 4618 1007 4692 exculto
1029 4619 1159 4715 potitis·
1184 4636 1270 4696 coer.
1333 4627 1433 4719 Resp.
1463 4632 1672 4704 Chenrnitius
1694 4659 1732 4703 ex
1753 4634 1871 4703 leonis
1899 4633 1989 4706 tetii.

280 4775 283 4780 >
352 4725 407 4822 se,
426 4726 880 4828 stqoiiraeinreerrareat.
920 4718 1158 4805 erb.Cbem-
1183 4726 1295 4792 monio
1321 4753 1527 4816 nequaquam
1556 4729 1752 4802 confirmare
1777 4730 1903 4816 voluit,
1937 4727 1985 4805 sa·

358 4829 459 4898 nitius
488 4852 529 4920 ex
562 4826 653 4894 libris
682 4821 855 4910 Augustini
888 4822 929 4889 nd
961 4819 1157 4888 Pollentiam
1182 4825 1350 4896 terdottm
1375 4827 1469 4899 illum
1488 4830 1560 4915 post
1578 4824 1760 4919 susceptum
1784 4822 1913 4917 farrum
1932 4847 1988 4900 ot·-

357 4925 443 4998 oilril
458 4925 547 5000 aliud
564 4922 789 4994 demonstrare
806 4916 933 4995 voluit,
956 4942 1056 5005 quant
1069 4920 1158 5004 quod
1180 4920 1293 4991 dinem
1324 4949 1464 4998 uxorem
1487 4921 1630 5008 duride,
1665 4951 1705 5000 er
1734 4928 1826 4997 enim
1853 4927 1990 5014 questio

357 5022 432 5098 b‘ee
453 5025 588 5118 questio
609 5028 651 5095 de
673 5040 761 5090 noro
784 5019 856 5104 post
882 5018 1073 5086 divortium
1088 5039 1157 5086 urr-
1180 5019 1226 5087 est
1251 5017 1383 5093 alterius
1406 5024 1494 5105 lori,
1537 5020 1679 5098 sednon
1707 5020 1800 5097 fuitle
1827 5049 1845 5092 a
1872 5030 1988 5097 Leone

359 5127 538 5210 erimardo,
562 5122 682 5220 (quod
706 5113 903 5190 Ambroiuu
928 5117 1003 5187 rito
1026 5108 1157 5197 euntes
1181 5111 1374 5195 dili'oluttru
1392 5124 1645 5200 matrimonium
1665 5121 1776 5208 illitu,
1808 5122 1867 5213 qui
1893 5125 1988 5215 9130.

1949 5245 1993 5301 re
