4884 5984
400 431 485 588 ,ᾖ
615 441 908 570 ιοενέκκνι.
931 447 936 464 ’
959 491 1057 596 cnr,
1076 489 1122 564 v.
1158 481 1337 568 urunt.
1355 489 1420 566 tt..
1438 493 1544 586 mr.
1566 487 1609 564 tt.
1641 487 1811 569 rursu.

255 713 257 718 ·
337 709 343 723 ’
403 684 660 786 Exseduiiionis
679 685 910 787 consecutione.
947 642 2022 782 ostendunit-eemusfuietetuteue21teg.vm.inlicta*

401 793 577 890 ¹iloriorttm
598 803 630 864 de
647 792 844 878 quotidiune
862 788 1069 876 experientia
1090 813 1198 860 erem·
1223 790 1285 859 zia
1297 784 1560 888 filiurfforvnti
1570 841 1580 870 ,
1605 815 1704 886 nepas
1721 779 1931 886 ffosaplati,
1952 811 2020 860 ant·

403 889 479 978 ple,
500 887 729 980 eonjugilibvs
747 884 910 959 illecebris
928 883 1200 958 &delinimentis
1223 884 1356 959 busavit
1369 888 1409 966 ‚in
1429 890 1486 961 via
1510 889 1627 963 domus
1644 885 1799 968 Achati,
1825 889 1904 983 quia
1925 907 2022 981 gener

269 988 273 994 ’
403 989 562 1078 pietatem
591 996 625 1060 ἀ
650 985 867 1058 orthodotirn
889 982 1023 1056 alterius
1049 986 1200 1075 conjugis
1224 995 1297 1059 erat
1316 985 1433 1061 domus
1448 986 1585 1061 Aciubi
1606 1017 1637 1060 u.
1663 1011 1719 1077 27.
1769 987 1945 1078 Quantum
1967 988 2022 1057 du·

254 1487 257 1492 ’
407 1480 644 1564 trierchrrum,
670 1481 726 1566 qui
744 1481 785 1550 ed
807 1501 921 1552 reram
940 1474 1110 1549 eeclesttm
1126 1503 1204 1569 per·
1229 1504 1366 1563 norum,
1391 1483 1448 1570 qui
1466 1483 1509 1553 ab
1531 1482 1685 1555 uxoribus
1701 1481 1829 1552 Arienae
1845 1476 1933 1548 here

405 1085 641 1174 utplurimum
658 1082 750 1156 fuisse
766 1104 970 1172 corruptam.
992 1088 1077 1154 Gen.
1093 1079 1200 1155 viz.
1227 1086 1296 1156 mni
1321 1086 1452 1160 Athelie
1474 1089 1603 1160 dederit
1633 1085 1764 1159 familie
1786 1087 1950 1164 Dividit,
1971 1106 2026 1156 er·

414 1183 455 1259 V
451 1183 574 1256 identes
593 1181 670 1281 filii
697 1177 768 1253 Dei
777 1179 878 1279 filius
903 1177 1091 1262 hominum,
1115 1176 1203 1275 quod
1228 1187 1364 1272 ponitur
1383 1190 1499 1278 rReg.
1513 1186 1571 1258 Xl.
1589 1208 1618 1263 t.
1632 1195 1667 1259 de
1680 1213 1712 1261 2.
1731 1179 2024 1268 rent.xxtl.·rn.

402 1279 505 1381 esent
517 1282 663 1379 pulcre,
683 1276 950 1378 acceperuntstbi
968 1300 1089 1356 uxores
1108 1303 1153 1352 ex
1168 1301 1200 1350 o·
1228 1288 1274 1353 Er
1288 1281 1421 1378 ltiltoriu
1435 1284 1644 1359 ecclesiastice
1658 1310 1734 1356 nov.
1751 1280 1821 1354 (est.
1835 1280 1940 1352 multe
1955 1273 2027 1368 pos·

407 1380 558 1465 mnibus,
584 1401 666 1475 quas
691 1380 881 1475 elegerant,·
909 1379 944 1448 id
964 1380 1035 1458 en,
1063 1376 1122 1449 filii
1144 1401 1204 1466 pr·
1228 1375 1297 1453 sent
1312 1385 1432 1454 adduci
1450 1385 1600 1474 exempl·
1618 1386 1855 1478 imperatorum
1876 1377 2046 1548 derisiss-x

243 1587 253 1614 ⁸
336 1609 339 1614 ·
408 1579 577 1665 tinebant,
600 1602 641 1650 ex
660 1575 873 1650 idololotrieis
894 1576 1034 1649 Crinitie
1049 1575 1205 1667 quasve·
1230 1585 1327 1659 dietis
1343 1580 1479 1671 pessime
1495 1578 1589 1654 fuere
1605 1576 1746 1664 sedutti,
1774 1586 1807 1651 dt
1823 1579 1864 1648 ed
1878 1573 2028 1664 persero·

408 1701 488 1753 runt
501 1675 560 1749 stbi
574 1700 711 1758 uxoreo,
724 1671 780 1748 sed
792 1675 855 1748 hee
872 1677 1001 1752 retivoe
1016 1675 1206 1766 apostasium
1232 1682 1338 1754 donee
1365 1676 1559 1750 orthodorae
1584 1676 1725 1752 ecclesie
1753 1672 1942 1747 inferentes
1968 1676 2029 1743 im·

409 1772 698 1867 everereligione
714 1784 749 1852 δι
770 1770 932 1864 epoltoliae
947 1798 1063 1863 poenee
1078 1775 1137 1848 stbi
1151 1779 1209 1848 od·
1233 1776 1327 1868 puls.
1368 1782 1421 1851 De
1441 1778 1580 1850 valente
1606 1780 1640 1851 id
1661 1794 1901 1847 commemorat
1922 1767 2029 1844 Theo-

410 1894 590 1966 trexerunt.
642 1878 732 1947 Deve
751 1876 840 1946 enim
868 1870 930 1944 ille
947 1869 1081 1947 effrenis
1101 1871 1210 1944 libidi·
1235 1880 1367 1952 dorettts
1381 1873 1534 1947 liban.
1549 1875 1660 1948 histor.
1675 1869 1788 1946 eccles.
1805 1897 1876 1960 cop.
1890 1869 1950 1942 Xl‘.
1966 1878 2030 1942 dte·
2077 1899 2078 1926 1

412 1979 463 2048 nis
478 1973 648 2059 incendio,
670 1971 791 2061 quitus
812 1969 1006 2042 indemnati
1025 1971 1147 2059 ubsque
1160 1970 1210 2042 ul·
1235 1982 1285 2064 4.)
1303 1981 1349 2046 Ex
1367 1972 1566 2069 multiplicis
1581 1972 1781 2048 incommodi
1796 1968 2032 2064 conjunffione
2077 1967 2078 2032 i

226 2097 243 2126 ·
335 2069 364 2094 ³
413 2073 450 2146 lo
465 2069 634 2162 religionis
649 2065 877 2160 respettufiiii
898 2067 1159 2158 patrierchumm
1174 2064 1212 2139 fi·
1236 2074 1405 2164 Conjugee
1420 2073 1477 2144 uni
1497 2096 1582 2158 uer:
1601 2074 1754 2164 religioni
1773 2065 1897 2141 'eddiati
1916 2090 1980 2137 um
1998 2071 2032 2137 dc
2075 2053 2078 2142 l

413 2171 472 2244 lies
501 2171 708 2242 Crinitorttm
737 2191 854 2240 uxores
878 2165 935 2238 ibi
965 2173 1212 2256 edjunxerunt,
1234 2167 1350 2243 eedem
1366 2194 1496 2257 mente,
1523 2194 1588 2241 uno
1612 2182 1646 2245 de
1673 2172 1791 2243 eodem
1814 2161 1932 2255 spiritu
1961 2165 2034 2234 Deo

414 2263 1210 2346 diluviiinundetionibtrsextlinxit.GenXXVl.
1237 2267 1406 2351 serviunt,
1430 2292 1467 2339 ee
1493 2292 1577 2346 uuor
1596 2292 1664 2340 non
1692 2279 1821 2339 tentum
1841 2263 1936 2335 thori
1958 2283 2035 2332 eon⁴
2076 2299 2078 2308 ·

228 2353 231 2364 ’
342 2373 344 2378 ’
418 2395 475 2463 34.
528 2360 734 2460 Esavdurit
756 2385 877 2436 uxores
894 2360 1037 2437 duosex
1051 2360 1211 2451 Hetitaeir,
1235 2365 1414 2457 jugulis&
1439 2368 1516 2436 vite
1535 2366 1660 2447 civilis,
1688 2361 1743 2437 sed
1766 2367 1866 2435 etiem
1895 2379 2034 2452 precum
2074 2401 2076 2406 -

417 2490 488 2565 quae
502 2463 643 2560 suerunt
657 2463 850 2536 amaritudo
861 2458 1009 2556 spiritur
1028 2462 1090 2560 ips
1113 2458 1212 2554 Isaac
1236 2467 1366 2552 piorum
1388 2473 1422 2537 dt
1452 2459 1637 2534 sentiorunt
1661 2465 1896 2536 exercitiorum
1924 2459 1972 2530 est
1987 2449 2036 2528 so·

420 2562 462 2640 &
485 2562 657 2645 Rebecca,
685 2583 827 2650 propter
846 2557 954 2630 culeus
970 2555 1211 2648 scilieetdispo·
1235 2568 1285 2633 eir
1315 2571 1349 2635 dt
1378 2556 1530 2632 consors:
1566 2561 1645 2633 tolet
1670 2553 1829 2652 conjuges
1853 2560 1973 2629 vivunt
1998 2554 2031 2636 itt

295 2695 299 2702 ·
416 2665 548 2740 riteeem
570 2669 603 2733 tu
623 2656 814 2730 idololatrix
833 2663 1045 2743 conjundirm
1062 2660 1213 2745 impiete·
1234 2683 1334 2749 pree,
1361 2683 1433 2746 quae
1460 2683 1526 2731 non
1553 2661 1660 2747 potest
1679 2651 1924 2730 diuturne'effe
1950 2657 2033 2725 inter

418 2783 497 2838 tent.
513 2761 590 2850 Jud.
609 2752 717 2843 illd·
766 2748 856 2842 Filii
882 2751 993 2849 Israel
1015 2753 1213 2828 habitarunt
1236 2781 1311 2841 eos,
1339 2781 1480 2844 quorum
1503 2759 1604 2828 enimi
1623 2782 1691 2828 non
1711 2752 1785 2827 sunt
1805 2758 1839 2826 in
1869 2769 1947 2826 tem
1971 2747 2034 2820 fide

374 2877 378 2882 “
418 2863 456 2936 itt
477 2855 583 2932 medio
604 2847 767 2928 Cananaei
791 2849 832 2926 8
853 2848 989 2926 Hetltaet‘
1018 2849 1067 2940 &¹
1083 2849 1214 2927 Amor·
1237 2857 1423 2944 eonjendi:
1447 2855 1588 2927 educent
1604 2854 1725 2929 liberos
1743 2858 1776 2926 in
1802 2861 1879 2926 verti
1900 2848 2034 2941 religio·

417 2959 481 3035 raei
494 2951 566 3030 &n
582 2982 630 3042 J.
661 2965 693 3027 6.
724 2949 765 3026 ὅ
783 2950 951 3025 duxerunt
978 2975 1099 3026 uxores
1114 2951 1214 3051 filias
1239 2980 1280 3025 ne
1302 2963 1337 3028 δι
1356 2948 1527 3041 disciplina
1550 2955 1707 3033 Domini,
1730 2956 1764 3024 in
1792 2949 1916 3024 familie
1943 2941 2035 3018 colli·

419 3080 550 3140 earum,
575 3053 694 3151 iusque
732 3052 800 3126 iias
812 3048 896 3148 suar
908 3047 1001 3149 filiis
1017 3074 1127 3123 eorum
1144 3062 1214 3126 tra·
1238 3074 1325 3143 gunt
1342 3052 1553 3122 domesticum
1575 3051 1755 3124 eeeletient.
1805 3051 2034 3124 Contre'vero

250 3223 255 3243 ,
382 3199 386 3205 -
420 3156 592 3237 dirimunt,
624 3149 665 3226 8
706 3152 873 3224 ervirrunt
892 3151 961 3223 diis
982 3175 1093 3223 eorum
1121 3178 1151 3221 v.
1181 3174 1214 3241 7.
1240 3152 1487 3220 matrimonium
1505 3149 1684 3222 Christiani
1707 3160 1741 3222 δι
1761 3147 1938 3221 orthodoxi
1963 3155 2037 3215 eum

423 3243 640 3346 Feceruntque
659 3249 784 3321 malum
808 3249 843 3320 in
863 3245 1030 3343 conspeiiu
1056 3244 1215 3330 Domini,
1241 3246 1394 3318 heretice
1424 3244 1477 3318 vel
1515 3246 1640 3320 infideli
1678 3247 1823 3334 plurime
1864 3242 2038 3329 conjuntio

368 3435 372 3442 ,
426 3350 467 3428 8
485 3350 585 3425 obliti
603 3346 686 3445 svnt
713 3344 780 3420 Dei
788 3347 847 3443 sui
863 3344 1043 3442 servientes
1063 3343 1214 3436 Baalim.
1240 3344 1340 3416 hebet
1374 3347 1585 3418 incommode
1612 3357 1646 3419 dt
1674 3344 1832 3433 periculo.
1904 3348 2038 3413 Preter-

374 3441 385 3452 ⁵
423 3447 644 3527 Memorabile
666 3449 861 3536 cumprimis
878 3448 924 3517 est
952 3444 1142 3533 exemplum
1165 3469 1217 3516 re·
1241 3467 1338 3530 quent
1360 3447 1470 3526 enim,
1495 3448 1583 3531 quod
1604 3444 1789 3534 periculum
1812 3436 2039 3533 gravissimum

424 3554 476 3645 gir
493 3546 704 3631 Salomonis,
731 3548 783 3616 cui
803 3570 821 3613 e
842 3548 915 3614 Deo
935 3546 1048 3616 dotum
1070 3566 1139 3614 eret
1161 3566 1217 3614 cor
1241 3544 1412 3632 impendet
1427 3541 1613 3613 Christiano
1632 3555 1665 3615 de
1684 3543 1868 3624 orthodoxo
1886 3535 2048 3658 deficieog

418 3649 557 3749 sapiens
575 3643 615 3719 8
633 3642 820 3738 intelligens
836 3642 1034 3724 intantum,
1059 3650 1097 3733 ut
1111 3640 1218 3713 nullus
1243 3642 1305 3712 dir
1327 3665 1405 3711 vere
1428 3637 1491 3712 fide
1513 3640 1737 3730 rereligione,
1750 3662 1823 3709 nate
1841 3663 1880 3709 ex
1898 3637 1955 3706 teli
1974 3656 2040 3704 mt-

426 3760 503 3821 ante
521 3770 592 3818 eum
604 3742 728 3841 smilir
752 3741 815 3837 ipsi
827 3739 956 3832 suerit,
980 3766 1037 3812 nec
1055 3742 1128 3839 posi
1146 3765 1216 3811 eum
1243 3739 1400 3808 trimonio
1422 3736 1545 3809 soboles
1563 3764 1630 3809 non
1644 3741 1750 3827 potest
1764 3741 1940 3808 commode
1963 3735 2041 3804 eda·

418 3843 625 3944 surrexerit;
659 3843 771 3930 rReg.
789 3845 846 3908 iii.
879 3862 928 3909 12.
951 3838 1015 3935 sed
1037 3862 1108 3909 cum
1131 3838 1212 3910 ado·
1243 3837 1311 3905 tori
1333 3839 1367 3905 in
1386 3862 1463 3909 vere
1495 3836 1683 3928 religione,
1727 3860 1788 3924 per
1819 3838 1855 3909 ὃ(
1884 3821 2043 3918 trenquil·

426 3952 534 4017 maret
548 3937 698 4011 mulieres
715 3936 942 4031 alienigenas,
975 3967 982 4008 t
1000 3943 1089 4026 Reg.
1111 3936 1170 4007 Xl.
1192 3964 1219 4010 ι.
1243 3932 1315 4003 liter
1336 3935 1371 4004 in
1391 3935 1561 4023 religionis
1588 3933 1777 4006 dissentione
1797 3937 1849 4003 vir
1873 3929 2044 4021 potestin·

419 4044 531 4115 stetim
557 4039 690 4108 additur
716 4062 748 4105 r.
775 4064 806 4116 e.
835 4040 922 4122 quod
949 4034 1014 4106 itte
1038 4036 1220 4106 averterint
1247 4052 1299 4102 ter
1340 4040 1498 4121 conjuges
1535 4034 1593 4102 diu
1632 4037 1805 4111 conitere,
1840 4057 1878 4103 re
1917 4028 1939 4100 st
1978 4048 2044 4096 me·

421 4163 484 4212 'ror
502 4141 592 4234 esur,
618 4147 655 4206 ut
679 4130 867 4229 sequnntur
891 4133 967 4205 deos
989 4131 1141 4218 alienos,
1166 4156 1224 4204 nec
1248 4131 1330 4199 ritus
1354 4127 1390 4199 stt
1414 4128 1573 4217 infidelis,
1606 4132 1710 4203 multo
1730 4131 1922 4205 Christiane
1943 4129 2045 4214 piete-

421 4239 533 4336 suerit
547 4232 878 4332 perseHumcorejur
898 4255 969 4304 cunt
989 4227 1151 4306 Domino.
1191 4234 1222 4302 Si
1248 4228 1289 4298 tis
1317 4229 1473 4299 exercitia
1505 4230 1675 4319 impediet.
1740 4228 1801 4300 Pii
1829 4225 1933 4318 igitur
1960 4228 2046 4293 este

426 4337 591 4414 Salomoni
623 4333 684 4402 hoe
715 4335 874 4422 contigit,
900 4334 979 4419 quid
1007 4333 1221 4402 metuendum
1248 4325 1335 4395 melo
1375 4325 1428 4396 hir
1461 4330 1655 4410 declinere,
1693 4328 1867 4425 prudentis
1899 4317 2048 4412 periculo

426 4437 521 4518 illie,
560 4437 616 4521 qui
641 4456 719 4501 eunt
745 4430 917 4501 Salomone
948 4430 982 4499 in
1009 4424 1163 4515 snpientia
1188 4437 1222 4499 dc
1246 4430 1466 4509 praecavendo
1494 4453 1717 4513 antevertere,
1737 4425 1850 4522 santii
1870 4450 1888 4493 u
1905 4419 2048 4508 profano

420 4535 603 4626 ¹prudentie
615 4553 657 4599 ne
671 4529 805 4599 minime
820 4532 959 4614 quedem
972 4551 1010 4598 ex
1026 4549 1118 4613 perte
1133 4550 1224 4596 com·
1247 4519 1427 4603 obstinere,
1466 4530 1559 4600 cauti
1584 4525 1810 4693 elieno'elo
1842 4520 1973 4609 supere,
1998 4516 2050 4588 in·

294 4666 296 4671 ·
428 4628 591 4723 perendi‘l
618 4631 669 4697 De
689 4624 826 4695 Acheloo
851 4628 970 4695 dicitur
994 4620 1224 4713 tReg.XVl.
1241 4617 1411 4715 sarientis
1441 4628 1475 4696 in
1505 4629 1616 4716 ignem
1656 4621 1685 4696 se
1730 4621 2050 4712 ponte-conjicere.

432 4752 489 4822 3¹·
506 4729 592 4813 quud
611 4724 748 4794 duxerit
766 4745 902 4795 uxoren·
921 4712 1092 4820 Jetabes
1106 4719 1225 4816 sliam
1252 4716 1396 4817 Samson
1411 4725 1481 4795 erit
1496 4720 1706 4806 fortissimus,
1736 4719 1900 4793 Salomon
1924 4712 2052 4803 sapien·
2071 4690 2078 4704 ’

430 4852 467 4902 re
492 4827 521 4897 is
539 4818 775 4906 Sidoniorum,
792 4832 825 4895 dt
844 4823 948 4891 stetim
963 4817 1226 4902 edditur3abt'it,
1253 4816 1410 4904 tiffimue,
1435 4818 1558 4892 Achab
1588 4818 1844 4908 potentissimus,
1877 4817 1910 4885 hi
1940 4836 2054 4883 tamen

349 4967 354 4974 -
488 4920 633 5020 servivit
654 4915 748 4991 Baal
773 4916 814 4991 tt
840 4919 1000 4991 adoravit
1023 4943 1105 4990 eum.
1169 4925 1228 5010 Jo·
1253 4944 1409 4991 ornnese
1442 4918 1635 4990 mulieribus
1651 4915 1785 4991 diverse
1809 4915 1978 5005 religionis
1995 4914 2055 4984 de·

282 5049 287 5056 ’
426 5020 581 5118 supltetur
596 5019 669 5106 re‘x,
694 5019 838 5106 alioquin
858 5022 947 5107 pius,
972 5014 1041 5089 filio
1059 5012 1115 5087 suo
1131 5025 1227 5108 Jore·
1252 5020 1340 5105 cepti
1370 5015 1443 5088 sunt
1477 5041 1515 5088 ec
1553 5018 1686 5089 sedutti.
1757 5022 1840 5085 Vide
1877 5011 2058 5083 Hemntin·

429 5147 487 5199 mo
507 5145 643 5197 uxorem
662 5121 754 5196 dedit
769 5114 869 5192 filium
884 5114 1031 5197 neh-bi,
1052 5141 1069 5191 e
1089 5141 1154 5211 que
1167 5122 1226 5208 Jo·
1250 5117 1345 5209 givm
1367 5118 1402 5187 in
1424 5140 1603 5226 comment.
1631 5145 1653 5193 2
1671 5119 1763 5204 epist.
1786 5111 1864 5205 Joh.
1888 5103 2057 5295 circean.

562 5243 568 5258 ,
1466 5225 1483 5255 ,.
1946 5228 1979 5298 5·
2039 5230 2063 5277 Χ
