4884 5984
642 479 723 558 os·
757 472 1018 552 amaturis·
1049 475 1389 553 urarunonvur
1435 475 1785 577 sttnmnvs.
1962 489 2044 581 ιη

373 671 489 752 timui
505 669 650 750 nidere.
702 668 802 767 nesi.
824 679 961 767 quidde
977 697 1195 769 rotoperpe·
1217 679 1260 751 de
1286 675 1348 751 liae
1369 680 1547 770 quaestione
1566 680 1601 751 in
1621 683 1759 771 caprile
1775 673 1933 754 celibatu
1961 675 2039 770 plu-

371 779 424 849 tui
451 775 629 854 crelibstus
655 773 886 867 statuendum,
919 773 976 849 suo
1003 776 1080 850 loco
1106 774 1193 848 insra
1216 775 1478 853 ribosdrcemus.
1528 779 2038 871 Secundassellarminipropofi-

369 873 587 964 dispicieturs
612 872 668 944 hic
688 872 837 951 breviter
855 871 1110 965 respondemus,
1135 878 1195 963 qui
1218 878 1265 948 tio
1281 874 1324 948 lic
1343 876 1561 952 informatur:
1591 876 1717 954 Votum
1735 879 1877 978 fimplrx
1895 903 1962 953 uon
1981 878 2037 952 di·

370 973 576 1068 perpeiuam
595 976 833 1048 continentiam
855 999 1042 1062 voverunt,
1066 997 1124 1048 aut
1143 981 1192 1047 in·
1216 975 1315 1050 aimit
1335 979 1587 1052 matrimonium
1605 984 1679 1081 post
1697 978 1805 1077 ipsum
1822 991 1937 1053 uotum
1958 1001 2036 1053 con·

368 1078 488 1149 strusti
514 1070 590 1148 sunt
615 1076 705 1145 dono
730 1078 961 1162 continentiae,
994 1099 1052 1148 aut
1074 1081 1193 1148 eodem
1217 1074 1371 1150 trabium.
1425 1083 1523 1151 Hanc
1546 1080 1668 1168 probat
1692 1106 1734 1153 ert
1755 1084 1932 1173 Augustini
1956 1079 2032 1154 libn

361 1176 532 1249 alellituti.
582 1177 614 1245 Si
629 1175 740 1261 prius,
761 1170 893 1250 servent
909 1173 1103 1264 promillirm
1119 1181 1194 1248 Deo
1215 1174 1370 1249 debono
1391 1182 1508 1250 viduit.
1531 1202 1603 1268 cap.
1617 1205 1650 1267 9.
1665 1191 1701 1254 δι
1724 1204 1774 1251 ro.
1797 1205 1836 1251 ex
1852 1204 1881 1252 c.
1906 1175 2035 1255 Consu·

370 1270 522 1355 foetum,
547 1298 610 1345 nec
632 1278 808 1347 temeraria
830 1281 971 1365 quadam
993 1274 1129 1348 levitate
1151 1273 1204 1347 ab·
1217 1273 1292 1347 luit.
1311 1276 1351 1348 ι’.
1386 1278 1458 1374 Qui
1479 1277 1592 1349 clerici
1611 1279 1666 1352 vel
1690 1301 1869 1362 voventes,
1901 1293 1935 1352 dt
1959 1301 2033 1368 cap.

370 1397 414 1446 eo
424 1377 599 1468 recedant.
648 1375 680 1446 Si
696 1376 879 1461 posterius,
897 1379 1087 1463 expendant
1102 1400 1194 1447 man·
1217 1370 1346 1448 Rursus
1360 1379 1435 1450 eod.
1456 1402 1485 1450 c.
1510 1379 1632 1450 Unico.
1653 1381 1695 1450 de
1709 1402 1787 1450 roto
1807 1405 1841 1449 m
1860 1384 1915 1451 Vl.
1941 1401 1977 1449 ut
1998 1387 2035 1453 dt
2115 1439 2117 1444 .

369 1476 491 1545 datum
515 1476 583 1546 Dei
612 1497 625 1547 ι
643 1475 724 1547 Cos.
739 1479 814 1562 Vll,
829 1502 861 1550 2.
913 1471 1061 1571 Propter
1076 1473 1195 1569 sorni·
1217 1497 1258 1545 ex
1281 1471 1342 1545 liae
1364 1478 1632 1548 ratiocinatione:
1660 1475 1848 1577 Promifflo,
1863 1477 1975 1576 paulis
1989 1478 2034 1576 ιβ

370 1574 540 1669 rationem
573 1573 787 1669 (uitandam)
820 1570 943 1648 iubeat
972 1575 1190 1671 uniusquisque
1212 1573 1500 1674 uotumfimplrx,
1520 1572 1657 1671 obligat
1670 1578 1800 1673 quidem
1817 1577 1853 1649 iu
1869 1575 2033 1672 consciam·

368 1693 513 1747 uxorem
528 1666 633 1768 suam
658 1665 700 1745 ss
725 1695 925 1772 unaquaque
942 1676 1054 1749 uirum
1069 1671 1189 1769 suum,
1213 1673 1283 1757 tia,
1299 1683 1409 1747 tamen
1426 1699 1493 1748 nou
1509 1676 1675 1769 transfert
1690 1677 1875 1751 dominium
1889 1678 1940 1752 rei
1951 1699 2033 1774 pro·

367 1793 408 1846 ut
432 1782 470 1846 dt
493 1769 667 1844 consilium
692 1776 833 1864 apostoli
857 1803 889 1846 v.
905 1800 939 1860 9.
991 1771 1123 1848 Melius
1147 1777 1190 1877 ιβ
1213 1768 1317 1869 miffae
1331 1772 1375 1847 ob
1390 1798 1443 1862 eo,
1461 1776 1519 1872 qui
1533 1777 1702 1878 promistt,
1724 1778 1760 1850 iu
1774 1801 1865 1865 eum,
1884 1778 1940 1850 rui
1954 1798 2032 1872 pro⁴

365 1867 694 1974 wicrammum,
720 1877 775 1945 cui
792 1877 948 1948 mandato
968 1900 1037 1948 non
1056 1871 1190 1967 potsunt
1214 1869 1311 1969 miffa
1330 1877 1391 1974 ιβ,
1418 1875 1537 2049 ideis
1561 1877 1612 1957 is,
1633 1878 1692 1973 qui
1709 1879 1884 1977 promifit,
1899 1874 2033 1974 senten·

365 1973 591 2063 praeiodicsre
616 1978 793 2046 temeraria
824 1995 902 2046 vota
929 1977 971 2045 de
1001 1972 1086 2060 illis,
1115 1974 1444 2063 quartanarum,
1538 2001 1606 2050 rem
1629 1975 1732 2050 alteri
1757 1973 1889 2074 reipsa
1913 1977 2031 2062 donet,

365 2095 436 2144 uon
461 2066 538 2143 sunt
560 2073 596 2142 in
622 2075 732 2145 nostra
756 2075 937 2164 potellate,
963 2069 1060 2145 satta.
1111 2079 1191 2146 Per·
1213 2070 1269 2145 iae
1282 2073 1413 2168 quidem
1425 2086 1551 2171 peccat,
1570 2085 1679 2148 tamen
1694 2077 1835 2150 donatio
1851 2078 1919 2150 uim
1929 2074 2031 2174 suam

367 2173 478 2244 tinent
498 2170 567 2242 hue
585 2173 674 2245 dista
695 2175 830 2263 piorum
851 2194 1015 2253 veterum.
1048 2174 1189 2261 Cypria.
1212 2170 1329 2255 itabat,
1349 2176 1413 2274 nist
1425 2175 1494 2248 tale
1501 2178 1550 2276 βι
1567 2187 1678 2248 uotum
1687 2176 1852 2276 fimplex,
1870 2177 1959 2274 quod
1972 2178 2033 2249 iso·

365 2295 429 2344 nus
447 2267 529 2344 libr.
543 2275 571 2341 1.
590 2275 686 2361 epist.
707 2298 759 2345 ιι.
812 2266 855 2345 Si
873 2272 1026 2367 uirgines
1042 2269 1189 2368 perseue-
1212 2272 1332 2350 minem
1352 2275 1387 2345 iu
1398 2277 1491 2374 statu
1506 2273 1666 2372 religioso
1687 2279 1875 2378 constituat.
1926 2273 2028 2370 Resp.

367 2393 446 2447 aare
463 2368 661 2444 usturam}
678 2395 746 2445 non
765 2367 915 2469 postumi,
938 2374 1111 2472 postquam
1132 2370 1187 2443 de·
1213 2369 1297 2444 hanc
1309 2374 1588 2463 propofitionem,
1602 2399 1728 2449 remota
1739 2378 1930 2466 adpendicis
1950 2400 2029 2448 cau·

369 2480 559 2556 stromat,
584 2472 703 2545 melius
718 2473 783 2564 ιβ,
806 2482 845 2543 ut
861 2468 1007 2556 nubant,
1033 2475 1131 2568 quam
1150 2481 1189 2543 ut
1210 2474 1275 2557 da,
1292 2498 1524 2563 acceptamus,
1553 2470 1607 2546 sed
1633 2501 1731 2562 quam
1759 2479 1860 2547 tertio
1882 2474 1957 2562 loco
1983 2475 2031 2548 ei·

369 2565 405 2647 in
425 2569 695 2667 ignrm'deliciis
708 2569 785 2669 suis
805 2571 940 2643 cudant.
996 2567 1094 2644 Certe
1112 2569 1189 2644 nui·
1209 2572 1288 2643 dens
1312 2566 1502 2665 subjungit,
1528 2574 1702 2655 videlicet,
1727 2579 1815 2662 quod
1839 2583 1953 2646 vatum
1969 2569 2031 2671 so·

370 2671 439 2746 ium
449 2667 629 2764 fratribus
643 2668 891 2770 autsororibus
898 2668 976 2767 suis
983 2669 1186 2768 scandulum
1211 2669 1305 2744 laune
1321 2671 1466 2745 dirimat
1483 2673 1736 2746 matrimonium
1752 2676 1824 2774 pusi
1842 2671 1949 2770 ipsam
1971 2691 2029 2746 oa-

367 2770 515 2868 saciaut.
540 2795 570 2843 c.
596 2774 745 2872 Quidam
764 2774 837 2845 dist.
854 2796 910 2852 27.
930 2796 970 2841 ex
989 2775 1128 2864 August.
1146 2773 1188 2843 de
1210 2782 1282 2842 tum
1296 2768 1514 2857 celebratum,
1534 2796 1607 2844 eam
1623 2776 1699 2844 totis
1717 2772 1841 2845 viribus
1857 2797 2029 2865 negamus.

320 2873 332 2920 .·
372 2874 459 2945 bono
478 2881 616 2964 conjug.
680 2867 830 2970 Quidam
855 2868 1010 2944 nubentes
1032 2874 1105 2967 past
1129 2892 1188 2942 oo·
1210 2879 1305 2958 cujus
1373 2875 1557 2963 negationis
1627 2876 1744 2943 nostre
1812 2869 2027 2944 fundamenta

320 2995 323 3052 ;
369 2975 439 3047 dam
453 2965 889 3068 adserurtadulterosaffc‚
908 2982 1094 3065 egoautem
1111 2968 1187 3042 dico
1211 2975 1435 3058 producemus
1487 2968 1625 3042 inferius
1678 2974 1713 3041 in
1763 2973 1939 3058 quastione
1984 2976 2029 3045 de

320 3125 323 3138 .
372 3071 486 3156 uobis,
506 3071 595 3170 quari
611 3073 766 3169 grauiter
778 3080 934 3169 peccaut,
955 3072 1012 3165 qui
1030 3070 1116 3143 tales
1135 3070 1188 3142 di·
1210 3069 1312 3141 causas
1327 3072 1480 3154 divortii,
1503 3074 1543 3141 ad
1560 3095 1658 3157 quem
1677 3067 1787 3142 lucum
1803 3074 1941 3159 proprie
1958 3069 2028 3143 hec

371 3171 504 3247 aidunt.
554 3176 716 3245 Pollerius
737 3172 926 3246 Bellarmini
948 3193 1186 3263 argumentum
1211 3167 1433 3241 controve'rfia
1449 3172 1604 3258 pertinet,
1625 3167 1683 3240 ubi
1697 3171 1797 3240 etiam
1815 3170 2026 3257 quaestionem
2120 3193 2122 3198 ·

320 3287 323 3356 ζ
372 3272 414 3346 lic
429 3271 547 3352 ¹lubet.
576 3274 688 3344 rTim.
704 3279 744 3343 V.
793 3267 839 3342 B.
857 3268 989 3343 Paulus
1005 3272 1044 3342 ιιι
1062 3269 1186 3353 viduis,
1210 3268 1253 3339 de
1270 3267 1427 3359 ligamine
1444 3263 1679 3356 sponsaliorum
1699 3264 1834 3355 sequens
1855 3272 2028 3342 matrimo-

320 3453 327 3460 ,
373 3393 444 3470 quae
456 3372 698 3445 continentiam
714 3381 885 3454 voverant,
901 3373 953 3442 ita
966 3372 1185 3466 pronunciat:
1209 3372 1302 3437 nium
1324 3370 1502 3438 dirimente
1522 3394 1539 3437 a
1558 3365 1756 3436 Bellarmino
1776 3368 1830 3438 hic
1846 3361 2026 3455 inspersam
2047 3363 2055 3400 l

320 3487 326 3550 i
373 3479 462 3547 Cum
482 3469 667 3543 luxuritrtae
681 3469 806 3544 suerint
825 3473 859 3540 in
875 3471 1030 3556 Christo,
1057 3468 1185 3541 nubere
1208 3464 1496 3554 pertradtabimus.
1530 3471 1605 3536 Hoc
1622 3467 1694 3535 loco
1709 3469 1769 3535 tria
1785 3469 1939 3535 duntaxat
1954 3490 2026 3538 mo·

320 3553 325 3592 ⁵
373 3571 509 3654 volunt,
537 3568 696 3643 habentes
717 3571 981 3650 damnationem,
1011 3572 1087 3657 quia
1112 3569 1182 3656 pri.
1208 3589 1335 3636 nemus.
1375 3565 1427 3656 ι.)
1442 3566 1597 3635 Noslranr
1612 3559 1803 3634 sententiam
1821 3558 2025 3650 nitierpres-

321 3693 326 3704 ·
371 3695 460 3745 mam
482 3665 587 3742 fidem
600 3668 753 3742 fecerunt
770 3673 914 3750 irritam3
937 3669 996 3741 ubi
1020 3670 1185 3741 riauauau·
1209 3660 1240 3734 sa
1258 3663 1382 3756 Christi
1399 3663 1561 3734 decisione
1580 3661 1867 3743 Matth..XlX,6.
1925 3658 2026 3759 Quod

371 3783 427 3848 tur
450 3769 587 3851 oiduae,
620 3790 691 3867 qua
715 3767 839 3882 pubere
863 3766 1010 3841 uolentes
1081 3769 1184 3839 imam
1211 3757 1307 3835 Deus
1331 3763 1531 3857 conjunxit,
1557 3758 1654 3868 loma
1679 3785 1745 3833 non
1761 3760 1914 3859 separet,
1941 3785 2025 3854 ergo

320 3913 324 3918 ·
366 3871 487 3974 βιιιιιι,
516 3865 592 3941 Deo
615 3867 772 3944 uidelicet
794 3870 930 3952 datam,
957 3868 997 3941 ιιι
1013 3792 1185 3963 scironia
1208 3860 1257 3934 fas
1280 3886 1346 3932 non
1371 3865 1418 3934 est
1439 3887 1512 3933 eam
1537 3857 1705 3943 deserere,
1731 3865 1784 3934 cui
1805 3860 1885 3934 fides
1905 3885 2025 3950 coruu-

320 4033 323 4040 .
371 3969 577 4045 rontinentia
604 3970 740 4042 irritam
761 3967 958 4065 sariebant,
992 3990 1055 4065 quo
1086 3966 1184 4039 moda
1208 3961 1291 4054 galis
1321 3968 1363 4031 de
1390 3963 1559 4033 individua
1589 3965 1663 4033 vite
1690 3957 1843 4033 societate
1866 3965 1941 4031 data
1966 3962 2023 4033 ell.

320 4063 323 4072 ¹
369 4071 452 4146 duur
472 4059 582 4143 locuni
602 4069 646 4143 ab
666 4067 819 4142 omuibus
838 4067 1003 4143 veteribus
1021 4069 1107 4140 dicit
1126 4062 1185 4161 effe
1210 4064 1266 4148 2.)
1289 4061 1524 4132 Bellarminum
1539 4085 1602 4148 pro
1617 4056 1799 4132 adsertione
1816 4056 1878 4130 suae
1897 4057 2024 4131 senten·

371 4171 566 4268 expostam.
618 4165 721 4258 Resp.
748 4173 789 4241 de
810 4169 873 4240 hoc
893 4171 983 4241 diuo
1002 4167 1183 4258 apostolico
1208 4162 1261 4229 tiae
1280 4184 1347 4231 non
1363 4158 1502 4246 potuill'e
1521 4162 1706 4247 producere
1726 4157 1779 4230 vel
1795 4162 1927 4228 unicum
1947 4157 2023 4229 scri·
2109 4243 2120 4255 .

370 4261 501 4365 egimus
526 4269 674 4361 superius
702 4268 857 4340 membro
875 4270 897 4337 l.
927 4283 954 4357 i.
980 4294 1054 4358 ¹95·
1086 4263 1183 4341 &in
1208 4281 1315 4347 ptura
1340 4262 1486 4342 ditium,
1513 4256 1567 4329 sed
1589 4256 1758 4328 cumulare
1784 4261 1940 4327 duntaxat
1964 4258 2024 4329 de·

369 4373 546 4464 quastione
570 4373 612 4440 de
635 4391 716 4440 voto
736 4368 948 4439 continentiae
970 4366 1067 4439 latius
1088 4361 1183 4437 disse·
1206 4381 1297 4429 creta
1320 4356 1558 4440 conciliorum,
1588 4352 1737 4444 resv⁰¹¹s⁸
1764 4352 1958 4444 P0¹¹1lfi⁶⁰ffl
1987 4364 2022 4430 &

368 4487 497 4554 remu's;
516 4470 570 4540 tric
585 4467 734 4540 breviter
746 4459 940 4550 monemus,
959 4493 1021 4556 per
1031 4468 1183 4565 primam
1207 4460 1294 4529 aina
1315 4481 1468 4546 patrum,
1490 4452 1543 4528 scd
1565 4454 1634 4527 lraec
1650 4456 1759 4525 omnia
1780 4458 1927 4526 nondum
1951 4449 2024 4542 pos·

364 4571 467 4672 fiam
489 4594 557 4641 „011
576 4567 719 4658 intelligi
741 4590 856 4638 votum
874 4569 1031 4655 perpetui
1048 4563 1184 4639 coeliba·
1207 4552 1281 4628 sunt
1298 4553 1481 4628 satisfacere
1498 4551 1721 4639 conscientiae,
1747 4581 1818 4642 quat
1836 4551 2022 4641 expressum

371 4696 439 4751 tus,
458 4672 549 4758 quod
567 4663 735 4754 scriptura
753 4663 847 4737 sacrae
866 4669 1019 4755 ignotum
1037 4670 1101 4748 est,
1121 4689 1184 4737 nec
1208 4653 1412 4729 &disertum
1424 4660 1490 4730 Dei
1503 4656 1642 4730 verbum
1655 4657 1806 4743 requirit.
1840 4673 1885 4745 3.)
1897 4648 2034 4768 ιιιιιιιιιι·ι

368 4770 438 4843 ιιιιο
454 4771 570 4840 divino
588 4770 742 4836 mandato
763 4765 814 4836 vel
832 4765 975 4854 probato
996 4762 1181 4839 annorum
1207 4779 1276 4829 met
1298 4756 1534 4829 Bellarminum
1560 4753 1675 4836 fateri,
1709 4781 1752 4826 ne
1775 4751 1861 4844 ipsos
1886 4758 2022 4841 quidem

367 4869 522 4957 erernplo
537 4869 667 4949 nititur,
680 4861 732 4936 sed
749 4863 847 4935 fidem
862 4868 995 4938 Chrislo
1012 4872 1046 4938 in
1060 4866 1184 4955 baptis·
1206 4855 1394 4945 pontificios
1416 4854 1591 4946 scriptores
1606 4859 1639 4927 in
1655 4853 1716 4925 hac
1731 4853 1963 4968 propassione·
1973 4857 2025 4925 in.

367 4975 701 5053 menumquam
725 4965 804 5036 tales
831 4967 936 5036 vidua
961 4965 1086 5038 nefarie
1112 4968 1183 5037 vio·
1207 4976 1260 5027 ter
1285 4953 1316 5029 se
1346 4953 1541 5030 coissentire.
1606 4951 1741 5039 Multi,
1771 4957 1900 5043 lnquit,
1935 4978 2023 5050 “que

366 5069 498 5148 larunt,
520 5091 588 5137 non
610 5069 740 5153 nuptias
758 5065 1004 5145 cotemnenda,
1029 5061 1083 5137 sed
1104 5090 1183 5138 ton·
1205 5056 1396 5156 graviffimi‘
1410 5057 1569 5153 theologi,
1596 5051 1749 5139 silmas,
1768 5049 2034 5144 B⁰n⁰vtl²i¹⁸70s
2126 5055 2132 5066 ⁵

366 5161 868 5299 trrChrillumluxuriandoac
885 5160 1094 5242 lasciviendo.
1120 5166 1184 5242 Sed
1206 5153 1391 5330 Alliefrtps,
1413 5153 1616 5247 Ricitardus,
1633 5151 1824 5258 Duraudm
1841 5150 1882 5231 s!
1896 5149 2025 5336 Dm
2061 5279 2065 5300 Ι
