4884 5984
758 489 938 596 .an
970 453 1489 586 uoluuntur-rm
1846 425 1850 432 ’
1956 451 2015 598 sei

286 694 327 771 il
344 692 679 773 mnmmncatinr
715 689 1002 794 gnifitantberle'a
1017 685 1136 790 eupit
1159 699 1281 772 initum
1304 697 1395 772 nulia
1424 693 1496 772 dati
1521 691 1686 790 pollicer
1709 695 1813 774 verbo
1836 699 1904 774 Dei
1917 723 2012 792 ,pra-

288 795 415 870 martia
433 805 583 870 mmmm
596 817 660 868 con
676 792 787 894 erstem
796 807 812 882 ',¹
833 790 875 869 si
890 793 967 867 itlea
974 794 1009 893 st
1027 792 1141 866 abiait
1160 792 1279 873 miffio.
1331 805 1380 889 3.)
1407 791 1526 871 Nune
1552 824 1568 872 ι
1595 797 1785 874 neronom
1799 793 2011 894 samammti

290 918 348 969 tur
380 894 498 969 uideat
525 895 780 970 matrimonium
805 891 996 978 celebrari,
1024 890 1136 987 sacile
1160 895 1196 967 in
1211 917 1347 993 genere,
1373 906 1412 971 at
1428 897 1516 997 consi
1541 909 1580 971 at
1599 899 1636 972 in
1655 897 1773 994 aliqua
1791 921 1844 987 re,
1860 919 1934 1000 quae
1950 923 2011 978 retr

290 991 428 1091 causam
443 994 575 1081 recidet,
601 1017 662 1069 cur
684 993 814 1095 iafiat.
869 1004 913 1084 t.)
936 987 1136 1068 Sacramen·
1159 992 1321 1092 trinsecus
1340 994 1544 1094 explicetur,
1564 1021 1642 1072 cum
1659 1023 1700 1072 ex
1718 993 1884 1090 baptismo
1900 1009 1935 1082 ,δι
1950 1023 2009 1074 eu·

288 1102 328 1167 ta
349 1104 459 1168 cetera
476 1095 652 1195 constflunt
676 1095 713 1168 in
731 1091 784 1166 ali
868 1113 904 1164 re
917 1089 1039 1187 saara,
1062 1109 1135 1187 puae
1159 1091 1310 1167 charistia
1334 1093 1419 1170 illud
1441 1099 1533 1196 sctit
1555 1095 1744 1191 colligatur.
1795 1107 1846 1187 4)
1869 1095 2009 1174 Euclea·

288 1191 485 1290 adplicatur
502 1191 709 1291 extrinsecus
722 1113 922 1290 sussp'icnti
937 1185 1134 1290 lministra.
1158 1193 1288 1295 ripiiam
1315 1193 1573 1298 marcomere
1599 1195 1636 1269 in
1664 1193 1808 1282 aliione,
1825 1194 1892 1294 sed
1911 1199 1948 1272 in
1972 1221 2009 1274 re
2113 1227 2118 1234 ·

289 1289 346 1365 Ae
366 1291 458 1366 nilril
477 1292 548 1367 talc
568 1293 739 1366 inuenitur
758 1294 794 1364 in
811 1289 1136 1387 matrimoniaquod
1153 1304 1385 1389 permanente,
1412 1295 1504 1382 'citius
1524 1297 1727 1368 contrarium
1752 1297 2009 1376 ostendimusia

289 1390 463 1489 adplicari
485 1391 586 1491 poffit
612 1391 667 1466 uel
695 1389 832 1472 debeatt
871 1411 951 1464 nam
975 1387 1135 1465 voluntas
1158 1397 1255 1466 crati.
1278 1397 1321 1467 de
1345 1390 1519 1467 eucharin
1538 1387 1570 1481 ῤ’
1593 1401 1673 1480 196.
1736 1397 1792 1484 ς.)
1815 1391 2008 1470 Matrimo-

286 1492 469 1588 conjugum
491 1494 591 1591 figno
620 1486 770 1588 exprefflt
791 1487 927 1585 sufficit.
983 1485 1130 1586 Reliqua
1158 1491 1211 1565 nii
1236 1489 1487 1590 sacramentum
1520 1507 1586 1568 non
1621 1517 1714 1589 egere
1743 1493 1815 1568 alio
1855 1479 2008 1598 ministri

278 1587 498 1687 sacramenta
519 1589 736 1687 adplicantur
767 1585 942 1686 neceffario
962 1587 1009 1662 ab
1036 1589 1130 1675 alia,
1153 1601 1279 1688 prater
1300 1588 1391 1689 ipstts
1410 1589 1653 1679 contrahentes,
1679 1619 1755 1667 cum
1778 1593 1835 1668 aiii
1858 1622 1898 1669 ee
1920 1621 2007 1687 pon·

273 1692 324 1762 'at
340 1690 376 1762 in
389 1691 611 1764 matrimonio
619 1689 683 1790 ipfi
696 1692 854 1785 conjuges
857 1686 896 1783 se
908 1681 998 1782 ipsos
1007 1685 1132 1786 ligant.
1156 1687 1265 1763 tificiis
1289 1689 1554 1766 benetimonem
1583 1687 1819 1766 sacerdotalem
1842 1697 1884 1768 a'd
1910 1694 2009 1783 hujus
2146 1721 2150 1730 ·

285 1785 433 1884 Reliqua
445 1788 661 1888 sacramenta
683 1812 750 1862 non
770 1783 902 1886 poffunt
924 1785 1073 1879 conferri
1095 1787 1131 1860 in
1156 1784 1349 1864 sacramenti
1369 1791 1599 1881 integritatem
1618 1793 1802 1880 requirant.
1855 1789 2008 1890 6.)Ma‹

284 1885 435 1983 absentes
451 1914 510 1962 nec
527 1891 589 1962 uni
678 1886 806 1978 alium,
821 1897 862 1960 ot
879 1885 1130 1960 matrimonium
1156 1889 1352 1962 tr'imonium
1376 1889 1528 1986 conferre
1542 1889 1714 1986 gratiam,
1739 1911 1813 1988 qua
1834 1886 1876 1966 is
1892 1894 2006 1986 prima

283 1985 545 2085 interabsentes
619 2011 681 2085 pcc
698 1997 949 2083 procuratorem
967 1983 1131 2062 celebrari
1158 1983 1355 2085 &sementia
1376 1987 1448 2062 aiei
1463 1992 1642 2091 patest,·ac
1655 1991 1822 2065 remittere
1830 1987 1920 2088 poffe
1934 2016 2007 2088 pec·

280 2079 400 2186 pot'efl.
463 2095 513 2175 ς.)
546 2083 767 2161 Sacramenta
800 2085 929 2183 reliqua
958 2079 1134 2180 conserunt
1159 2096 1238 2159 cata
1256 2113 1292 2162 eo
1316 2088 1441 2184 modo,
1454 2111 1519 2186 quo
1541 2111 1564 2161 a
1571 2086 1787 2186 sacramento
1802 2075 2006 2193 eucharistia

284 2187 458 2282 gratiane
497 2195 537 2259 at
565 2185 778 2262 matrimonii
797 2182 1046 2285 sacromentum
1079 2209 1135 2259 ne·
1158 2189 1392 2275 remittuntur,
1412 2199 1489 2262 cum
1514 2191 1556 2262 da
1577 2183 1767 2261 remiffiona
1788 2212 2005 2286 peccatorum

324 2312 341 2357 ι
367 2288 518 2382 primam
548 2289 723 2382 gratiam,
762 2306 834 2382 qua
863 2287 908 2386 est
932 2285 1134 2384 justificatio
1157 2311 1195 2358 ac
1221 2288 1488 2360 reconciliatione
1518 2311 1595 2359 cum
1615 2292 1690 2362 Deo
1704 2336 1716 2370 ,
1741 2312 1806 2380 per
1833 2291 2007 2366 matrimo-

279 2310 503 2482 supremas,
542 2409 649 2484 neque
670 2383 851 2483 secundam
883 2381 1036 2481 g'ro'tiam
1060 2385 1134 2484 stne
1156 2387 1249 2457 nium
1268 2381 1450 2474 speranda,
1473 2410 1514 2459 ne
1533 2394 1602 2475 juta
1618 2390 1755 2474 quidem
1775 2413 1878 2460 unum
1899 2413 1939 2462 er
1953 2390 2008 2468 di«

278 2487 407 2582 gratia
432 2486 666 2559 incrementum
684 2485 825 2578 confert.
854 2479 996 2570 '4.)'In
1010 2479 1131 2578 sacra-
1156 2484 1241 2554 vinis
1267 2484 1386 2556 tabuiis
1415 2483 1562 2573 proferri
1584 2481 1692 2576 poffit.
1743 2495 1789 2577 7.)
1815 2481 2006 2563 Mottiana·

279 2585 402 2658 mentis
417 2585 535 2659 eetetr‘r
549 2585 721 2659 ordinatio
739 2581 876 2681 eeclessae
889 2582 958 2654 nim
970 2581 1130 2679 praecepti
1152 2583 1244 2655 nium
1267 2579 1357 2680 poffe.
1376 2586 1542 2656 remittere
1557 2593 1712 2680 peccata,
1742 2578 1783 2656 si
1800 2596 1910 2659 tamen
1935 2611 2003 2663 non
2078 2615 2080 2620 ·

284 2681 405 2757 habere
419 2687 547 2784 potest,·
564 2681 627 2781 ‘sed
650 2706 816 2780 nnespnom
835 2682 878 2781 efl
897 2680 938 2754 de
952 2679 1129 2780 neceffltatt
1152 2676 1212 2778 effe
1239 2681 1478 2779 principaliter
1505 2683 1690 2784 institutum
1721 2681 1769 2755 mi
1803 2687 2003 2764 remittenda
2145 2711 2147 2716 ·

273 2779 502 2882 sacrmenti,
532 2786 612 2881 quia
637 2807 701 2856 non
723 2784 826 2881 potest
849 2779 980 2882 scelesta
1001 2791 1130 2854 mutare
1148 2792 1304 2877 peccata,
1329 2807 1405 2854 cum
1427 2783 1538 2852 omnia
1560 2783 1696 2852 omniuo
1726 2780 1905 2871 beneficia,
1928 2781 2003 2877 qu'ae
2204 2787 2210 2794 ’

282 2879 470 2980 essentialia
483 2880 782 2979 sacramentorum.
831 2875 888 2952 At
903 2880 939 2952 in
955 2882 1130 2953 neutrimo·
1152 2882 1187 2952 in
1213 2875 1422 2954 sacramentis
1449 2879 1544 2952 nobis
1567 2873 1779 2964 offeruntur,
1811 2893 1844 2957 ἃ
1866 2910 1929 2974 per
1954 2881 2003 2960 sa-

281 2983 340 3056 mio
357 2982 499 3074 ecclrfiae
516 2981 687 3056 ordinatio
709 2979 808 3095 qlele
823 2976 1127 3076 neceffltatefictra-
1152 3004 1321 3052 eramenta
1346 2979 1557 3051 credentibus
1584 2976 1829 3068 conferuntur,
1854 2984 2002 3060 iditina

277 3084 398 3166 menti,
421 3073 518 3178 puio,
546 3107 620 3156 enm
646 3078 777 3152 escleta
797 3075 1126 3174 probibeteonjngia
1150 3079 1353 3149 institutione
1388 3080 1484 3148 unice
1513 3081 1738 3164 dependeant.
1790 3085 1842 3168 8.)
1868 3079 2002 3159 Matri·
2061 3168 2063 3172 ,

279 3186 316 3257 in
346 3191 442 3254 certa·
460 3182 574 3278 gradu
595 3173 920 3276 consanguinitatis,
945 3201 1011 3249 non
1026 3177 1127 3276 perfi-
1151 3179 1297 3249 couniunt
1317 3175 1468 3270 cortserre
1488 3177 1659 3270 gratiam,
1684 3197 1757 3270 qua
1774 3173 1935 3275 &priona
1957 3179 2002 3259 ii

281 3278 631 3377 titursoeramentnm
645 3267 739 3352 'inter
753 3283 810 3351 eas
824 3277 1127 3374 personas,etiam-
1142 3271 1291 3371 secunda
1317 3271 1376 3370 effi
1398 3273 1521 3372 polit,
1545 3299 1621 3345 cum
1651 3295 1761 3346 tamen
1788 3282 2001 3358 continentiae

281 3384 304 3475 p
335 3378 486 3478 persana
513 3380 583 3456 illa
607 3376 738 3478 reipsa
766 3377 1018 3450 matrimonium
1050 3400 1127 3450 cort·
1149 3377 1269 3448 statum
1293 3372 1358 3448 else
1388 3373 1660 3452 ¹excellentiorem
1688 3375 1890 3450 matrimonii
1916 3383 2002 3458 stata
2112 3407 2114 3412 ’

280 3468 408 3556 monere
425 3491 592 3554 conentur.
649 3483 704 3574 5.)
725 3473 867 3572 Absque
880 3473 1047 3574 baptismo
1071 3501 1125 3548 ne·
1151 3481 1185 3548 δι
1208 3477 1343 3562 majoris
1369 3476 1484 3565 gratia
1516 3497 1555 3544 ac
1582 3473 1693 3543 meriti
1723 3469 1802 3544 alibi
1840 3473 1998 3568 disputet.

277 3603 331 3660 mo
347 3583 392 3670 eil
407 3602 529 3676 capax
545 3577 755 3676 sacramenti
778 3575 918 3674 proprie
937 3574 1040 3654 (litiis
1063 3574 1127 3672 sui
1148 3577 1204 3666 '9.)
1233 3568 1399 3674 Christum
1426 3593 1493 3644 non
1520 3565 1719 3670 dqirtiniffe,
1745 3592 1818 3676 qua
1828 3577 1901 3674 stat
1920 3603 1999 3676 per-

277 3670 491 3753 matrimonii
506 3675 794 3793 cnpaxessiromo
815 3684 893 3747 ante
912 3671 1125 3771 baptismum,
1141 3669 1239 3768 scona
1268 3672 1454 3767 legitima,
1481 3696 1557 3741 cum
1585 3694 1694 3741 tamen
1718 3669 1827 3761 legem
1848 3677 2025 3754 divinam·

279 3783 357 3878 quio
374 3780 629 3852 matrimonium
643 3787 694 3850 tta
708 3780 752 3879 esi
765 3798 877 3849 uerunt
889 3769 1125 3869 &legitimum
1148 3775 1190 3844 'de
1212 3770 1390 3860 prohibitis
1409 3766 1569 3861 grauibus
1585 3773 1691 3841 tevit.
1703 3777 1827 3845 xvnt.
1854 3782 1889 3848 tc
1915 3783 1995 3853 ΧΧ.

278 3881 369 3953 inter
395 3878 548 3977 infideles
566 3887 645 3949 onte
671 3873 767 3975 bapti
784 3898 892 3959 munt,
912 3884 954 3947 nt
977 3874 1065 3948 inter
1077 3875 1125 3974 fi·
1149 3897 1212 3942 una
1239 3895 1318 3944 cum
1342 3874 1437 3942 Patre
1464 3869 1641 3957 &Spiritu
1664 3865 1773 3941 sennan
1798 3871 1933 3957 tulerit,
1954 3900 1995 3952 ac

275 3977 364 4054 deles
389 3981 462 4074 poll
493 3973 707 4072 baptismum.
804 3977 869 4046 iste
890 3975 1048 4045 Durandi
1071 3999 1125 4046 ar.
1147 3972 1342 4061 coniugium
1360 3962 1423 4040 else
1444 3969 1539 4074 unius
1560 3969 1659 4058 nstris
1675 3993 1713 4038 uc
1733 3972 1828 4041 unius
1849 3967 1995 4050 soeminae

276 4069 446 4172 gumentis
458 4071 646 4150 satisfacere
665 4065 763 4166 cunfa‘i
811 4069 1120 4160 Bellanninuscap.
1147 4065 1332 4160 legitimam
1350 4068 1617 4154 conjunttroncm
1632 4064 1846 4142 Matth.XlX
1871 4075 1997 4150 docue-

276 4183 315 4252 V.
340 4176 397 4251 scd
423 4177 537 4250 multia
559 4173 591 4247 sc
612 4172 761 4263 implicat
781 4167 946 4251 absurdis,
978 4197 1121 4258 quorum
1146 4168 1207 4240 rit.'
1260 4175 1332 4254 to.)
1346 4161 1541 4238 'Eretriam
1566 4163 1808 4256 litteraturam,
1832 4189 1906 4266 qua
1919 4173 1994 4274 fient

273 4281 424 4367 quedam
449 4272 704 4349 recensebimus.
770 4269 900 4343 Adserit
926 4272 1038 4350 eninr,
1069 4275 1121 4360 r.)
1144 4265 1308 4362 legitima
1327 4262 1475 4362 perfbnae
1489 4259 1663 4350 notente,
1694 4260 1735 4338 si
1746 4291 1783 4339 eo
1804 4270 1901 4343 ntorlo
1920 4296 1994 4346 ma·

277 4378 429 4450 unionem
460 4375 556 4450 illam
583 4368 792 4466 inrotatum
813 4369 883 4441 uiri
907 4365 950 4441 ss
964 4368 1119 4462 samma
1143 4368 1263 4438 teriam
1279 4360 1555 4460 &initiamenta
1568 4383 1639 4460 pra
1662 4386 1761 4442 arare
1780 4371 1995 4450 matrimonii

269 4497 346 4549 *non
385 4477 557 4576 compienne
580 4468 786 4544 naturaliter
802 4465 902 4541 uerba
921 4469 1118 4563 conjugum,
1135 4461 1367 4561 sacramento,
1395 4489 1451 4536 nec
1474 4471 1583 4535 tannen
1608 4389 1794 4560 elirniolia
1816 4474 1994 4546 matriaco

231 4559 233 4580 Ι
272 4599 348 4678 pra
376 4557 536 4654 riiruntnc
567 4575 603 4645 in
640 4569 858 4660 celebratione
887 4568 1118 4660 nsotrimonii3
1142 4566 1195 4638 nii
1211 4563 1277 4638 nilo
1299 4562 1397 4636 morlo
1418 4572 1545 4636 enotare
1558 4573 1619 4635 out
1638 4576 1767 4638 mutare
1781 4564 1891 4666 paffe,
1912 4571 2006 4648 cunt¹

231 4733 233 4760 ,
274 4703 347 4753 cum
367 4704 481 4754 tamen
496 4679 530 4747 in
554 4669 619 4762 seq.
634 4695 709 4762 cap.
726 4664 887 4756 disputet,
903 4678 1018 4756 totam
1041 4689 1118 4738 con·
1141 4662 1329 4736 definiendo
1348 4658 1503 4754 personas
1523 4659 1585 4735 else
1602 4662 1787 4754 legitimas,
1812 4693 1884 4755 quc
1905 4671 1992 4744 divi·
2050 4671 2053 4684 '
2073 4735 2075 4740 ,

231 4811 233 4830 ¹
269 4781 365 4880 junii
383 4775 554 4860 clientium
576 4772 613 4862 in
636 4769 740 4866 fignis
761 4777 910 4863 mutuum
930 4764 1117 4862 consensuum
1142 4789 1182 4834 na
1199 4763 1273 4854 iege
1295 4757 1470 4835 censentur
1484 4759 1687 4852 illegitimae,
1713 4775 1747 4838 te
1767 4763 1903 4840 uicissim
1929 4773 1990 4845 de.

231 4835 233 4878 Ι
271 4861 541 4980 ,pprfm'pnribur
571 4862 745 4972 corififlerr.
797 4893 848 4948 2.)
878 4863 1044 4946 Vrtr'onrrn
1073 4865 1118 4939 il·
1141 4859 1287 4934 finiendo
1310 4859 1464 4951 personas
1487 4856 1549 4930 csse
1577 4859 1788 4954 illegitimas,
1813 4892 1885 4955 quae
1906 4870 1991 4944 diri·

275 4981 342 5056 lam
379 4981 453 5055 oiri
479 4971 683 5069 &famina
701 4964 762 5061 else
791 4965 946 5039 unionem
984 4966 1118 5038 animur
1141 4977 1182 5032 nu¹
1207 4957 1283 5054 lege
1299 4957 1473 5032 censentur
1494 4958 1793 5052 legitimamente
1816 4970 2011 5048 niustriam-

266 5081 558 5180 sansiificnntM‚
589 5072 654 5171 nise
676 5076 824 5168 panabtr
842 5066 945 5150 oinct,
971 5093 1054 5182 cnm·
1073 5070 1116 5138 de
1141 5057 1238 5175 huju}
1261 5056 1454 5173 sacramenti
1476 5082 1597 5172 mutet.
1667 5073 1734 5153 tt.)
1763 5058 1808 5178 Ιδι’
1822 5063 1991 5180 :fircerdns
2065 5075 2074 5088 “

272 5184 326 5262 tali
344 5178 606 5264 sanaificatitut
623 5171 810 5246 ant‘itratum
831 5191 897 5259 pec
919 5175 1116 5260 conjugium
1138 5156 1331 5239 homenebus.
1345 5156 1423 5261 suae
1444 5155 1571 5267 deacest
1599 5183 1667 5238 non
1684 5160 1847 5264 subpetit
1865 5163 1991 5264 sacra·

502 5283 515 5294 '
1900 5289 1991 5346 mem
