4884 5984
828 475 902 577 'oa
953 499 1298 579 auurrmuo.
1605 551 1608 556 ·
1838 499 1905 603 tat

347 678 417 752 icat
429 676 471 751 de
489 679 608 753 debito
625 699 698 753 non
712 681 916 756 neceffitatis
932 682 989 757 sed
1002 687 1065 759 ho·
1100 686 1318 775 invariatus,
1343 686 1534 782 secumque
1548 684 1684 771 statuit,
1710 682 1807 780 quod
1825 706 1907 758 con-

348 780 414 850 ttis.
467 779 549 872 ιο.)
575 780 680 866 Quod
711 800 787 874 cap.
815 782 891 880 Ego
911 785 981 853 dixi
1000 792 1064 857 otc.
1100 788 1234 856 donare
1250 789 1337 858 velit
1353 788 1516 872 nocenti,
1545 786 1650 878 eique
1668 805 1779 877 porro
1801 787 1906 856 colia·

348 898 379 970 q.
394 891 429 949 2.
451 875 619 948 slatutum
631 901 653 948 ε’
672 874 709 950 Si
729 880 844 950 mulier
863 884 903 952 cd
914 883 1066 977 saaraim·
1098 883 1236 970 bitere,
1260 885 1357 956 nulla
1378 882 1471 956 fasta
1498 881 1546 956 est
1566 882 1790 954 matrimonii
1807 879 1907 954 dislo-

348 997 375 1043 m
397 972 522 1070 dimiffa
546 980 762 1067 penitentiam
789 982 918 1076 egerit,
941 979 991 1055 ἔθ’
1021 987 1065 1052 ad
1099 982 1201 1054 lutio.
1254 983 1314 1075 3.)
1350 982 1474 1053 Levita
1506 982 1589 1073 Jud.
1622 980 1718 1076 XIX.
1752 979 1935 1054 uxoremx

348 1097 367 1146 a
380 1072 611 1167 suumreutrti
627 1076 790 1176 uoluerit,
814 1078 933 1175 βψω
950 1083 1064 1174 recipit
1099 1079 1198 1152 litam
1212 1080 1296 1153 licet
1311 1079 1510 1152 adulteram
1523 1081 1676 1166 retinet,
1703 1086 1736 1152 dt
1751 1079 1903 1171 proinde

348 1175 397 1241 ut’r
407 1171 520 1263 suus,
540 1187 660 1266 peccat.
708 1174 809 1270 Rasp.
827 1178 911 1250 huie
934 1181 1064 1252 canoni
1098 1176 1265 1249 consensu
1278 1200 1351 1250 non
1367 1177 1529 1251 distrad'to
1543 1177 1815 1250 matrimonium
1824 1199 1905 1249 non

348 1272 476 1345 »nimus
499 1273 589 1344 alios
607 1271 713 1367 plane
736 1277 945 1349 contrarios.
989 1277 1062 1369 ιι.)
1093 1270 1306 1349 dissolvitur.
1356 1278 1441 1349 lita
1462 1276 1603 1348 Davide
1628 1277 1669 1346 in'
1685 1275 1903 1346 adulterium

348 1369 361 1438 l
382 1372 598 1459 divortiorum
626 1369 676 1445 &i
689 1371 907 1467 secundarum
929 1379 1062 1468 nuptia·
1093 1371 1258 1468 prolapso
1275 1395 1348 1446 non
1364 1377 1544 1470 petierunt
1565 1374 1747 1444 Altinoam
1767 1378 1801 1444 dt
1815 1370 1902 1443 Abi·
1981 1387 1983 1392 ·
2075 1371 2079 1380 '

355 1466 460 1537 multa
474 1468 560 1562 sunt
585 1473 792 1541 incommoda.
840 1472 942 1567 Resp.
969 1472 1060 1545 forte
1095 1471 1171 1566 gail
1197 1493 1330 1544 uxores
1362 1475 1439 1544 eius
1469 1471 1753 1568 separationem,
1779 1471 1901 1563 itaque

348 1566 544 1656 minoraab
565 1569 725 1640 adultera
747 1571 785 1639 in
803 1572 959 1643 maritali
978 1593 1059 1642 con·
1096 1566 1296 1640 inconcusso
1328 1569 1501 1664 perstante
1536 1567 1701 1641 consensu
1740 1565 1901 1642 i-nditlraa

348 1681 516 1736 aretenta
528 1686 628 1737 erant
642 1670 845 1739 metuenda.
896 1667 980 1739 Non
998 1689 1059 1740 au·
1095 1663 1195 1738 ilum
1215 1689 1361 1762 quoque
1384 1667 1509 1739 manfit
1538 1667 1761 1761 coniugium.
1812 1664 1900 1738 Haee

348 1761 507 1833 hocloco
526 1760 756 1856 quastioell,
783 1786 828 1835 an
845 1766 884 1836 in
904 1764 1059 1860 speciali·-
1093 1768 1219 1838 omnia
1246 1765 1341 1838 rede
1364 1766 1553 1854 dicuntur,
1578 1763 1601 1835 st
1624 1783 1666 1833 eo
1686 1762 1782 1836 sensu
1808 1765 1899 1835 acci-

348 1858 564 1954 quibusdam
584 1859 717 1935 cafibus
743 1865 880 1932 ratione
908 1866 1059 1934 circum·
1091 1863 1262 1955 piantur,
1283 1864 1380 1959 quod
1394 1885 1459 1957 per
1472 1861 1693 1943 adulterium
1704 1879 1829 1953 nonea
1844 1881 1898 1931 ras
1942 1903 1945 1910 ·

348 1958 463 2027 iarum
475 1956 595 2030 habita
609 1960 851 2031 reconciliatio
867 1960 1004 2034 suaderi
1017 1983 1059 2034 ac
1092 1960 1420 2057 tioneconiugium
1436 1958 1661 2045 dissolvatur,
1686 1977 1732 2029 ut
1741 1959 1833 2054 parti
1844 1960 1898 2028 in·-
1938 1949 1941 1976 ¹

348 2054 390 2125 uli
400 2053 546 2140 debeat,
573 2059 672 2149 quod
687 2056 791 2130 facile
803 2059 1056 2150 concedimus3
1091 2060 1236 2130 nocenti
1253 2057 1404 2153 potestas
1423 2055 1601 2131 retinendi
1624 2057 1684 2127 vel
1699 2056 1898 2149 reeipiendi

348 2152 423 2245 [uid
449 2150 528 2224 fieri
549 2156 627 2224 iure
644 2154 744 2248 polit
769 2200 782 2240 ,
807 2154 1057 2229 irreconcilia·
1092 2157 1288 2252 coniugem
1300 2158 1498 2228 adulteram
1510 2155 1549 2227 stt
1565 2152 1725 2244 sublata;
1750 2154 1898 2224 interim

348 2249 512 2322 tconsilio
526 2272 599 2322 noo
609 2253 712 2322 detur
724 2253 837 2344 locus.
867 2253 938 2346 ιι.)
953 2255 1057 2342 Quod
1093 2252 1293 2346 srabsolute
1320 2276 1361 2325 ae
1382 2254 1587 2348 simpliciter
1615 2270 1823 2346 quaeratur,
1850 2269 1897 2321 aa

348 2349 582 2449 adivinaefint
592 2350 929 2445 patienterferendac.
955 2352 1056 2446 Resp.
1092 2350 1309 2423 adulterium
1329 2352 1368 2425 fit
1383 2354 1500 2424 totalis
1517 2373 1563 2422 an
1584 2349 1743 2444 partialis
1757 2343 1897 2422 dissolu·

348 2444 541 2520 lainterim
561 2469 643 2518 non.
655 2446 733 2520 sunt
745 2449 923 2543 impunita
938 2451 1057 2521 dimit·
1092 2449 1200 2520 tionis
1217 2451 1379 2545 coniugii
1390 2448 1511 2536 causa,
1525 2447 1620 2522 reile
1638 2448 1781 2533 dicitur,
1798 2445 1897 2539 quod

348 2565 380 2631 t,
394 2546 570 2638 patienter
581 2546 853 2639 igiturma'ritus
869 2545 972 2618 debet
986 2546 1056 2618 ser·
1092 2544 1130 2615 stt
1160 2547 1261 2619 causa
1284 2551 1422 2623 totalis,
1450 2550 1536 2641 quia
1564 2545 1663 2617 nulla
1695 2546 1765 2615 alia
1795 2544 1897 2614 causa

348 2640 492 2715 ‚versum
508 2641 964 2733 illuminfortuniicasum,
982 2666 1056 2715 non
1089 2645 1278 2715 accedente
1293 2646 1511 2717 adulterium
1523 2644 1613 2715 tollit
1638 2642 1755 2712 carnis
1780 2639 1895 2711 unita-

348 2762 373 2810 n
398 2741 615 2813 adulterium
637 2742 697 2812 uel
717 2742 929 2814 adulteram.
982 2743 1054 2837 13·)
1089 2760 1184 2829 tem,
1211 2742 1654 2837 &vinculumeoniugale
1673 2738 1808 2809 nelarie
1825 2738 1896 2811 dis·

348 2838 435 2909 laon
454 2839 620 2935 'inimorstt
633 2838 717 2910 labet
735 2843 837 2910 uariari
858 2862 957 2936 quam
985 2864 1055 2912 tor·
1090 2841 1252 2933 rumpit,
1279 2863 1319 2911 eo
1336 2841 1432 2935 ipso,
1457 2841 1602 2933 quando
1628 2836 1789 2908 adultera
1811 2857 1896 2908 cum

396 2936 502 3031 Atqui
545 2959 632 3008 uxor
667 2938 856 3028 haeretica,
892 2936 1050 3026 infidelis,
1091 2936 1161 3007 alio
1175 2936 1389 3024 consuescit,
1415 2937 1536 3008 definit
1549 2933 1616 3007 ¹elle
1635 2953 1797 3005 unaearo
1811 2955 1895 3005 cum
1937 2997 1945 3024 -.

348 3038 667 3130 trepudiariaequit.
716 3035 818 3134 Resp.
835 3035 1052 3108 ostendimus
1091 3035 1246 3122 marito,
1274 3037 1361 3130 quia
1375 3035 1414 3106 fit
1428 3055 1510 3104 caro
1524 3055 1597 3105 una
1612 3053 1694 3105 cum
1711 3032 1894 3115 adultero,

348 3134 412 3203 ius
437 3182 448 3219 ,
476 3135 585 3228 longe
607 3134 784 3205 diuersam
801 3130 866 3204 esl’e
889 3135 1056 3206 adulterii
1095 3153 1125 3203 ι.
1142 3128 1224 3202 Cor.
1244 3132 1307 3203 Vl.
1328 3139 1384 3207 16.
1407 3154 1495 3224 ergo
1523 3133 1631 3203 etiam
1659 3150 1700 3198 eo
1726 3127 1799 3222 ipso
1814 3131 1894 3197 vin-

348 3251 428 3300 nem
452 3225 561 3324 quam
584 3233 810 3325 reliquorum
842 3230 1072 3314 delitiorum.
1091 3231 1212 3300 culum
1247 3232 1409 3326 coniugii
1448 3224 1611 3299 dissolvit.
1660 3222 1894 3320 Magistratus

348 3329 490 3400 itiorum
513 3377 524 3416 ,
551 3331 640 3401 illud
668 3332 766 3402 enim
788 3330 1054 3400 unitariconiu-
1090 3327 1286 3398 divortium
1305 3327 1489 3400 faciens&
1511 3325 1769 3419 separationem
1792 3325 1895 3393 inno·
2006 3372 2015 3392 t
2127 3316 2130 3324 '

348 3446 387 3497 ac
408 3425 687 3499 substantialibus
710 3427 933 3499 matrimonii
962 3428 1053 3499 dire·
1092 3424 1204 3495 centis
1223 3433 1257 3497 δι
1278 3425 1444 3497 adulterii
1466 3422 1682 3504 instituens,
1709 3422 1893 3510 martimo·
2002 3477 2007 3487 .

348 3523 595 3621 liupposttum.
1091 3522 1185 3592 niale
1215 3524 1403 3594 vinculum
1429 3543 1502 3592 non
1529 3516 1681 3592 dissolvit
1702 3565 1714 3603 ,
1739 3515 1797 3588 sed
1828 3537 1895 3613 per

406 3649 411 3654 ·
1089 3620 1308 3690 adulterium
1348 3616 1551 3693 dissolutum
1594 3611 1704 3688 fuisse
1738 3615 1893 3688 testatur.

591 3732 621 3807 ς.
649 3707 824 3791 DCXVll.
875 3716 1055 3805 Quaeritur
1090 3717 1194 3801 Quod
1218 3718 1338 3811 sipars
1352 3720 1524 3788 innocens
1539 3715 1681 3787 nocenti
1695 3715 1894 3798 condonat,

348 3813 470 3876 danaae
519 3818 596 3911 111.)
621 3821 681 3892 Aa
696 3817 893 3887 adulterium
897 3816 947 3911 stt
971 3826 1055 3883 tota·
1090 3815 1296 3909 disruptum
1329 3815 1517 3909 coniugale
1549 3814 1736 3883 vinculum
1760 3811 1894 3884 iterum

348 3892 470 4032 'ssffl‘p'
520 3916 580 3994 iis,
597 3943 640 3987 an
656 3922 820 3987 duntaxat
831 3911 1054 4008 partialisdff-
1089 3911 1271 3999 coalescit,
1295 3914 1412 4007 qualis
1433 3908 1617 3982 consensus
1637 3909 1697 3978 uel
1714 3905 1894 4001 expressus

348 3992 479 4117 mi?
508 4014 681 4107 solutionis
728 4015 867 4111 coniugii
916 4008 1053 4104 causa?
1087 4009 1147 4079 vel
1162 4011 1290 4082 tacitus
1304 4012 1342 4082 in
1357 4012 1419 4081 illa
1438 4008 1697 4083 condonatione
1714 4026 1755 4076 ac
1769 4025 1893 4075 recon-

460 4102 468 4121 ’
521 4115 677 4199 Quidam
719 4111 949 4194 adfirmant,
986 4104 1051 4180 elle
1088 4106 1268 4179 ciliatione
1304 4107 1442 4202 semper
1474 4105 1671 4182 intercedit.
1723 4102 1772 4173 Ut
1804 4122 1893 4196 ergo

520 4213 691 4284 duntaxat
708 4208 848 4282 causam
865 4208 1054 4302 partialem,
1091 4202 1305 4301 coniugium
1334 4208 1424 4278 illud
1454 4225 1520 4299 per
1542 4200 1746 4276 consensum
1773 4201 1894 4295 primo

348 4309 485 4382 totalem.
512 4311 707 4404 ..1.)'‘Quia
722 4307 918 4379 est'tantum
933 4304 1053 4394 causa,
1089 4299 1158 4373 fuit
1181 4303 1424 4390 contendum,
1450 4305 1499 4375 ita
1516 4299 1705 4397 postquam
1718 4321 1783 4396 per
1795 4298 1895 4397 adul-

348 4429 486 4481 nocens
512 4429 596 4501 pars
615 4407 734 4500 pollet,
760 4405 915 4491 stvelit,
935 4406 1054 4474 diuor-
1072 4415 1074 4418 ·
1091 4400 1224 4471 terium
1239 4403 1400 4498 coniugii
1420 4403 1537 4473 unitas
1552 4400 1620 4470 fuit
1635 4394 1815 4480 dissoluta,
1831 4416 1897 4488 per

355 4527 503 4601 perere3
528 4504 675 4575 sinuero
689 4502 842 4596 separari
860 4524 930 4573 non
944 4501 1054 4587 velit,
1091 4520 1229 4569 novum
1246 4497 1450 4590 eonsensum
1472 4520 1554 4578 cum
1570 4497 1633 4566 tali
1662 4494 1811 4588 persona
1840 4513 1907 4564 eo·‘

348 4603 390 4677 etl
410 4600 612 4675 dissolutum
638 4602 878 4695 coniugium.
905 4623 950 4670 ne
976 4600 1055 4691 qui·
1085 4595 1274 4680 ltabitandi
1295 4605 1329 4669 &
1348 4597 1612 4670 matrimoniale
1630 4587 1819 4682 vinculum
1834 4593 1899 4662 ite·

356 4723 421 4800 per
451 4702 698 4786 adulterium,
720 4697 783 4769 nist
804 4719 886 4791 pars
909 4719 969 4768 rea
989 4717 1055 4790 per
1091 4713 1174 4767 rum
1190 4694 1453 4781 conneslendi,
1480 4696 1595 4765 denuo
1610 4691 1898 4784 redintegratur,

348 4803 457 4873 ntiem
484 4795 711 4895 magistratus
741 4798 851 4888 morti
876 4796 1055 4868 adiudiee·
1091 4792 1177 4865 hinc
1191 4792 1215 4864 1.
1239 4794 1276 4865 si
1296 4816 1390 4865 uxor
1407 4815 1462 4876 13.
1482 4802 1512 4876 §.
1527 4811 1563 4882 9.
1580 4789 1617 4862 ff.
1634 4791 1678 4862 ad
1693 4790 1815 4883 legem
1827 4786 1899 4876 Jul.

369 4899 423 4994 ι.)
450 4897 764 4985 Quemadmodum
795 4892 971 4989 conflastis·
990 4892 1058 4987 est,
1093 4894 1136 4964 de
1157 4889 1308 4965 adulter.
1359 4893 1393 4961 Si
1411 4893 1584 4985 repudiata
1604 4911 1680 4959 mox
1697 4884 1829 4976 aeclesia
1831 4886 1901 4982 fit,

348 5000 572 5069 tatrimonium
592 4993 716 5089 efficit:
751 4989 848 5065 itast
872 4990 1056 5065 consensus
1091 5014 1156 5061 aaa
1171 4992 1254 5061 idem
1267 4992 1512 5068 matrimonium
1526 4993 1667 5078 durare,
1680 4983 1903 5082 fetialiudim-

348 5097 437 5193 apud
466 5097 698 5168 innocentem
726 5090 915 5190 personam
934 5109 1058 5179 ‚manet
1092 5088 1279 5187 ttrpofimm
1295 5091 1426 5164 dicitur.

1191 5186 1313 5264 lib-2
1666 5177 1903 5273 §.nexunt
