4884 5984
586 491 941 597 sti-codetanus
965 520 1031 596 nn
1056 520 1265 598 ulmum
1291 503 1526 620 aequum
1550 521 1828 620 queantur.
1921 557 1930 573 ·
1983 545 2066 624 aa,

369 709 522 802 diucitin
537 739 681 792 uxorem
700 718 914 806 meretricem,
930 717 985 791 uel
1000 729 1205 816 corruptam,
1230 714 1313 790 olio.
1335 743 1346 794 s
1355 745 1389 806 9.
1405 717 1452 816 ff.
1472 720 1513 795 de
1531 717 1575 796 R.
1598 713 1650 822 3.
1666 725 1755 810 quod
1774 720 1797 794 st
1815 721 1900 796 illud
1923 745 1990 797 non
2011 721 2062 799 se·

370 837 471 914 mom
490 825 598 914 putat
617 811 677 913 effe
700 819 834 917 castam,
851 816 906 891 uel
922 819 1114 914 virginem,
1139 840 1206 892 non
1230 820 1336 896 serit,
1351 830 1386 892 de
1404 825 1561 892 damnum
1577 823 1709 910 aliquod
1730 847 1769 894 ex
1786 826 1959 896 contrattu
1974 827 2061 915 poll-

365 917 472 1015 potest
492 939 568 988 eam
593 913 762 988 dimittere
787 913 828 990 ii
849 913 957 989 aliam
980 917 1104 992 ducere.
1130 941 1205 1007 cop.
1230 920 1367 988 modum
1388 914 1540 1006 senserit,
1565 918 1648 993 illud
1667 923 1857 1008 nequidem
1872 916 1995 996 sentire
2010 927 2060 996 ri·

370 1015 684 1109 Quemadmodum.
714 1039 771 1106 25.
794 1016 832 1088 i.
855 1017 897 1086 de
922 1023 1061 1104 jttrejur.
1136 1011 1206 1114 Qui
1230 1017 1350 1102 detur,
1376 1021 1531 1108 eoquod
1553 1015 1622 1114 sua
1647 1018 1746 1115 culpa
1768 1015 1894 1095 sentiat.
1919 1020 1942 1094 l.
1971 1023 2061 1120 quod

367 1113 506 1208 juravit
517 1109 671 1207 aliquam
683 1109 799 1185 ducere
815 1115 852 1186 in
867 1137 1024 1200 taxarem,
1051 1125 1205 1212 nonpot·
1229 1115 1313 1210 quis.
1342 1117 1485 1203 nouae
1506 1115 1550 1190 R.
1570 1109 1621 1216 J.
1641 1142 1667 1189 c.
1689 1120 1857 1192 domnum.
1877 1124 1951 1194 eod.
1966 1125 2000 1194 io
2022 1129 2057 1197 6.

369 1235 386 1284 e
430 1209 465 1285 ei
479 1209 748 1306 fornicationem
768 1211 1002 1310 praecedentem
1020 1237 1202 1312 opponere,
1229 1219 1319 1305 Ergo
1343 1221 1378 1286 dt
1398 1209 1531 1306 sponsus
1555 1217 1614 1288 fibi
1631 1217 1798 1308 imputare
1822 1217 1946 1306 debet,
1968 1222 2066 1310 qnod

382 1309 425 1384 ed
436 1309 615 1406 ficturum.
667 1311 769 1406 Quod
784 1314 908 1400 repetit
922 1311 1128 1384 lombardus
1142 1311 1201 1384 lib.
1228 1309 1345 1382 nselius
1363 1337 1402 1383 ac
1432 1314 1624 1407 diligentius
1644 1317 1679 1387 in
1698 1318 1921 1391 conditionem
1940 1318 2059 1391 mulie-

368 1407 436 1483 lv.
453 1405 539 1483 sent.
556 1412 628 1482 dill.
647 1431 703 1500 30.
720 1407 768 1480 lit.
790 1413 829 1483 ll.
844 1409 878 1481 iti
893 1408 947 1483 fin.
1003 1419 1051 1498 2.)
1073 1411 1132 1485 Ob
1153 1435 1204 1484 er·
1227 1412 1293 1497 ris,
1318 1413 1373 1481 tui
1390 1410 1490 1484 fidem
1514 1415 1716 1486 matrimonii
1732 1417 1844 1501 dedit,
1869 1442 1937 1489 non
1950 1419 2059 1510 inqui·

368 1509 458 1582 roris·
488 1507 590 1604 iujos
613 1505 849 1580 conditionem.
899 1510 995 1584 Certi
1022 1511 1104 1598 juris
1127 1511 1203 1594 esi,
1228 1505 1349 1582 bremt.
1374 1513 1419 1603 (t)
1470 1514 1676 1600 Nuptiarum
1698 1515 1813 1585 eadem
1835 1517 1882 1588 est
1909 1512 2002 1589 causa
2023 1525 2059 1590 de

365 1609 458 1700 'quod
478 1631 577 1682 error
595 1604 761 1695 qualitatis
775 1631 843 1679 non
859 1607 1019 1696 impediat
1031 1609 1203 1706 matrimo·
1227 1609 1401 1690 conditio,
1433 1633 1505 1698 que
1533 1608 1718 1692 libertatis,
1742 1614 1958 1703 jurisjurandi
1978 1663 1988 1696 ,
2021 1623 2058 1688 dt

367 1710 486 1792 nium,
515 1731 579 1780 nec
594 1707 690 1778 vitiet
704 1699 862 1795 sponsalia
871 1754 884 1787 ,
909 1730 987 1777 eum
1004 1705 1142 1795 qualitas
1164 1701 1202 1778 fit
1225 1703 1365 1776 aliarum
1395 1702 1613 1796 spiritualium
1639 1734 1781 1792 rerum,
1811 1737 1883 1800 quae
1908 1712 1927 1784 fi
1957 1708 2057 1785 semel

368 1827 500 1878 tantum
534 1805 713 1884 accidens,
744 1805 834 1892 quod
867 1799 956 1875 saluo
988 1802 1201 1878 matrimonio
1226 1801 1382 1893 perfetta
1406 1803 1487 1886 lint,
1513 1802 1669 1896 ipsojuee
1691 1808 1825 1890 valent,
1859 1808 2057 1901 &amplius

361 1899 472 1978 'adesse
500 1913 536 1978 de
562 1897 670 1974 abesse
697 1903 814 1991 potesl.
881 1904 983 1991 Atqui
1013 1903 1069 1974 hie
1103 1926 1202 1986 error
1226 1897 1378 1982 rescindi,
1398 1901 1454 1976 uel
1468 1927 1529 1992 per
1550 1905 1856 1983 redhibitionem&
1879 1909 2057 1982 restitutio-

367 1997 517 2078 versatur
540 2021 670 2074 tantum
697 2003 732 2071 in
761 1996 943 2089 qualitate,
969 2025 1046 2073 eum
1076 2002 1201 2093 nuptiae
1226 2025 1317 2081 nem,
1335 1995 1389 2074 u'el
1404 2001 1506 2073 alium
1524 2005 1660 2075 modum
1676 2029 1855 2094 nequeunt.
1877 2006 1901 2080 l.
1919 2005 2052 2082 liberos.

360 2104 562 2176 ‘turnucum
582 2101 760 2173 meretrice
775 2097 947 2172 conluere
966 2096 1099 2189 pollint.
1146 2098 1201 2194 3.)
1232 2121 1286 2180 xo.
1307 2095 1346 2174 C.
1364 2098 1403 2172 de
1422 2097 1518 2173 liber.
1540 2100 1628 2197 sauſs
1653 2113 1689 2178 &
1716 2125 1777 2177 tot.
1806 2105 1860 2177 tit.
1892 2100 1932 2178 C.
1949 2107 1984 2206 st
2008 2102 2056 2178 ad

368 2199 425 2276 Ob
438 2193 616 2298 paritatis¹
643 2199 829 2281 rationem,
871 2221 1010 2287 eamque
1037 2194 1203 2287 multipli·
1225 2196 1336 2273 libert.
1361 2200 1436 2296 quis
1448 2222 1584 2296 monac.
1633 2195 1720 2271 Falsa
1740 2199 1833 2275 eausa
1856 2205 1957 2277 etiam
1976 2203 2055 2278 alias

369 2297 465 2374 tem:
493 2299 557 2396 (a)
587 2295 756 2388 Ulpianus
772 2291 960 2386 respondit:
988 2292 1033 2370 Si
1046 2297 1202 2393 quisvir-
1225 2303 1451 2379 contraitum,
1462 2297 1515 2372 uel
1530 2301 1640 2372 aetum
1656 2301 1772 2371 vitiare
1785 2325 1852 2373 non
1869 2297 1958 2387 solet,
1969 2326 2057 2392 pre·

369 2399 478 2496 gistem
487 2392 530 2494 se
549 2419 653 2470 emere
671 2395 853 2495 ext‘jlimet,
871 2419 943 2468 cum
958 2417 997 2467 eo
1006 2397 1057 2495 fit
1072 2393 1201 2481 mulier,
1225 2392 1338 2468 sertim
1353 2396 1375 2468 sa
1392 2395 1493 2470 suerit
1509 2401 1666 2470 duntaxat
1681 2397 1854 2487 impulsiva
1868 2423 1935 2472 non
1953 2403 2061 2486 etiam

368 2499 500 2601 tametfi
511 2521 584 2570 rum
591 2492 704 2593 sciens
719 2493 782 2568 boc
794 2491 890 2566 modo
914 2493 1070 2568 uenditor
1089 2507 1202 2570 errare
1227 2491 1342 2568 finalis.
1359 2493 1383 2568 l.
1436 2521 1466 2567 n.
1489 2492 1528 2568 C.
1550 2495 1590 2570 de
1599 2492 1687 2590 suist
1704 2494 1792 2593 sauſs
1807 2495 1924 2594 adjeii.
1941 2495 1965 2573 l.
1975 2495 2055 2593 sal·

364 2597 549 2698 patiatur,
582 2595 756 2668 enetionmt
777 2593 998 2668 nibilominus
1013 2590 1202 2695 substjiere,
1217 2591 1276 2692 so.
1302 2619 1359 2682 33.
1405 2594 1564 2668 econdit.
1590 2591 1631 2667 Εἰ
1649 2595 1862 2696 demonstrat.
1914 2603 1960 2670 At
1984 2600 2053 2670 vir-

369 2721 406 2772 m
487 2693 678 2770 ullomodo
701 2715 804 2768 exea
826 2689 1202 2788 causoredltibitionem
1226 2694 1347 2784 ginitas
1372 2696 1418 2765 est
1447 2690 1553 2767 caussa
1577 2695 1732 2766 duntaxat
1764 2692 1960 2784 impulsiva,
1986 2719 2055 2768 non

372 2721 494 2970 sti.
517 2793 659 2894 alioqui.
681 2819 733 2886 tur.
749 2805 782 2885 ς.
804 2818 832 2867 t.
843 2790 888 2888 ff.
908 2793 948 2865 de
962 2792 1200 2867 contrabant.
1227 2795 1326 2863 etiam
1358 2789 1475 2867 finalis.
1523 2797 1614 2882 Ergo
1649 2791 1671 2864 fi
1704 2793 1758 2864 vel
1786 2795 1928 2866 maxime
1952 2791 2054 2867 fuerit

384 2894 571 2973 .Exemto
591 2916 642 2965 tx.
660 2907 687 2982 §.
705 2895 737 2986 pi
753 2893 829 2990 quis
849 2892 1028 2988 uirginem.
1055 2917 1085 2984 5.
1098 2888 1147 2988 ff.
1163 2890 1203 2964 de
1227 2885 1330 2970 salsas,
1356 2891 1409 2962 uel
1430 2894 1529 2962 etiam
1546 2891 1643 2980 plane
1662 2889 1825 2977 obfuerit,
1851 2917 1918 2965 non
1933 2895 2053 2966 reddet

372 2996 504 3070 aii-em
530 3005 555 3067 t.
576 2989 619 3066 ii
634 2980 728 3066 venii.
776 2993 884 3085 ‘Quod
906 2990 929 3064 li
948 3014 1032 3084 ergo
1047 2989 1118 3062 hato
1132 3015 1203 3062 em.
1226 2989 1320 3062 irrita
1338 2983 1507 3078 sponsalia.
1531 2984 1583 3095 (ζ)
1634 2992 1740 3060 Potest
1769 2990 1839 3062 hec
1868 2989 1988 3062 mulier
2009 3015 2054 3062 e-

369 3097 415 3169 tio
431 3019 599 3174 substitit,
625 3093 740 3180 utique
754 3094 854 3162 etiam
871 3089 935 3162 tale
951 3091 1201 3162 matrimonium
1226 3113 1289 3176 que
1303 3112 1339 3158 ac
1355 3090 1451 3178 virgo
1466 3084 1698 3182 obsequiaturi
1715 3084 1756 3160 Εἰ
1764 3085 1873 3181 prosis
1888 3089 1961 3162 vito
1975 3089 2052 3162 red·

368 3189 538 3276 sublillet,
570 3217 649 3262 cum
670 3189 754 3261 illud
777 3187 821 3282 *stt
841 3189 996 3260 omnibus
1023 3189 1201 3260 contraiti-
1224 3191 1331 3264 dere,
1357 3187 1465 3272 inquit
1482 3189 1598 3258 Petrus
1616 3188 1800 3278 Gregorius
1816 3184 1875 3261 lib.
1898 3193 1955 3270 lx.
1979 3181 2055 3274 sya-

368 3290 431 3366 bus
453 3287 669 3372 subumbilius
685 3299 721 3364 &
742 3285 880 3360 firmius
907 3287 967 3382 (β)
994 3287 1028 3360 si
1047 3285 1091 3360 ob
1109 3283 1202 3360 labes
1223 3307 1327 3376 tegna.
1343 3308 1416 3373 cap.
1430 3283 1506 3355 Xll.
1526 3311 1560 3356 n.
1582 3309 1617 3379 4.
1667 3293 1718 3372 4.)
1747 3285 1806 3359 Ob
1831 3280 2054 3359 incommodo·

369 3387 521 3468 &uitia
539 3387 667 3475 animi,
687 3408 773 3478 -puta
790 3383 938 3466 haerefin,
957 3383 1011 3457 uel
1026 3383 1200 3458 infidelita.
1224 3408 1297 3457 runt
1317 3380 1585 3479 consecutionem.
1624 3386 1656 3454 Si
1674 3383 1752 3454 licet
1769 3386 1946 3474 repudiare
1960 3409 2054 3458 eom·

368 3511 451 3580 tem,
463 3513 533 3562 non
545 3487 808 3577 licetrepudiare
818 3482 1010 3581 conjugem,
1019 3486 1202 3573 utiquenec
1224 3479 1364 3572 pressam
1384 3480 1426 3552 ab
1443 3480 1527 3560 alio,
1552 3480 1656 3552 inulta
1677 3484 1788 3568 quieta
1810 3481 1950 3556 &bene
1974 3508 2057 3555 con.

366 3612 514 3686 propter
546 3586 697 3677 corporis
730 3586 809 3658 vitia
836 3585 871 3654 id
898 3581 1041 3663 licebit,
1071 3585 1199 3670 quippe
1222 3585 1392 3653 eordantia
1422 3582 1631 3652 matrimonia
1657 3578 1909 3660 disturbantur,
1932 3578 2054 3655 deliu‘ta

366 3715 440 3780 qua
456 3688 561 3762 animi
578 3686 666 3758 uitiis
682 3679 756 3756 sont
772 3681 898 3754 leviore
911 3706 950 3752 ae
964 3679 1198 3753 tolerabiliora.
1221 3699 1340 3751 arcano
1360 3682 1587 3769 deteguntur,
1612 3670 1760 3767 personis
1782 3675 1911 3751 leuibus
1926 3674 2053 3750 occafio

367 3791 430 3866 Sed
450 3789 548 3878 prius
568 3785 616 3858 est
638 3785 723 3856 terti
739 3783 831 3870 juris.
880 3785 972 3874 Ergo
987 3785 1026 3854 δι’
1039 3780 1200 3868 posterius
1221 3774 1400 3850 exhibetur
1428 3778 1590 3865 ejusmodi
1616 3777 1755 3848 crimina
1785 3778 1820 3847 in
1853 3769 1982 3865 sponsus
2014 3783 2052 3851 de
2098 3837 2103 3846 .

367 3883 635 3969 adfirmandum,
661 3891 696 3956 δι
720 3903 788 3970 per·
797 3873 999 3967 consequens
1018 3877 1061 3948 ob
1078 3879 1196 3949 uitium
1224 3873 1346 3948 uxores
1367 3869 1666 3962 comminiscendi,
1692 3899 1813 3963 easque
1834 3870 1898 3948 hoc
1913 3894 2056 3966 pretex-

369 3987 497 4078 eirgini
518 3979 647 4054 illatum
670 3975 976 4054 &deflorationem
1000 3976 1201 4067 virginitatis
1224 3996 1261 4046 tu
1282 3973 1492 4063 repudiandi.
1565 3979 1615 4062 5.)
1642 3971 1702 4046 Ob
1728 3971 1875 4070 publica
1885 3971 2052 4050 utilitatis

367 4107 437 4158 non
448 4080 567 4156 licebit
582 4105 655 4154 mm
672 4077 858 4167 repudiare.
873 4075 937 4173 (γ)
988 4068 1118 4162 sponsa
1133 4097 1199 4145 non
1224 4072 1527 4173 contumatiam.
1577 4076 1623 4144 Ea
1639 4096 1711 4162 que
1725 4099 1742 4145 a
1758 4068 1853 4146 servo
1869 4091 2052 4163 praeturam

367 4185 415 4256 eu
436 4177 633 4274 permistum
662 4178 839 4266 repudiare
859 4167 1013 4264 sponsum
1037 4169 1082 4243 ob
1105 4166 1201 4246 amis·
1224 4193 1389 4266 gerente,
1415 4169 1581 4260 quilibet
1599 4166 1822 4259 eensebatut,
1848 4175 1921 4243 aila
1940 4180 1976 4245 &
1993 4173 2055 4244 de·

366 4277 437 4356 sam
458 4279 698 4374 uirginitatem.
722 4279 807 4362 Cap.
830 4268 958 4368 Siquis
973 4293 1112 4344 uxorem
1128 4265 1198 4344 &a
1221 4269 1315 4346 treta
1332 4265 1423 4350 sunt,
1450 4292 1518 4340 non
1541 4266 1689 4342 abstante
1707 4265 1766 4342 illo
1785 4292 1900 4344 errore
1918 4262 2053 4341 censen·

395 4407 427 4458 2.
443 4405 480 4468 q.
501 4400 531 4451 x.
578 4381 745 4468 Ergonee
762 4367 879 4461 sponso
898 4369 942 4443 ob
958 4371 1109 4444 eanadem
1123 4393 1199 4441 cau·
1221 4389 1279 4442 our
1307 4388 1391 4456 rata,
1414 4363 1559 4454 publiea
1590 4365 1741 4440 utilitatis
1769 4381 1808 4443 dc
1833 4363 2052 4442 'humanitatis

357 4491 362 4498 '
451 4473 570 4552 licebit
585 4473 763 4564 repudiare
786 4466 962 4561 sponsam,
994 4469 1073 4556 quia
1090 4469 1200 4556 quood
1223 4463 1326 4541 eausa.
1344 4463 1367 4537 l.
1393 4461 1585 4540 Barbatius
1608 4489 1641 4554 3.
1662 4461 1708 4562 ff.
1736 4465 1776 4541 de
1802 4463 1885 4564 offic.
1910 4473 2051 4563 prator.

367 4575 472 4654 aden
484 4569 762 4648 matrimonialem
770 4564 879 4662 spons
895 4578 929 4642 &
949 4561 1200 4657 sponseeadem
1222 4571 1314 4659 Ergo
1333 4566 1434 4638 etiam
1456 4565 1704 4654 matrimonium
1724 4569 1844 4639 eodem
1860 4587 1976 4638 errore
1991 4565 2056 4637 ini·

368 4679 417 4754 ell
429 4673 613 4767 obligatio,
638 4690 676 4743 ot
695 4690 786 4760 patet
809 4694 848 4742 ex
868 4690 985 4740 statura
1005 4664 1198 4738 relatorum.
1222 4687 1296 4738 tum
1315 4660 1477 4745 subsistit,
1499 4685 1576 4735 eom
1601 4657 1685 4733 illud
1705 4687 1771 4735 non
1793 4659 1933 4737 rescindi
1959 4686 2053 4752 aeque

369 4801 441 4868 etp.
461 4771 555 4874 apud
574 4795 647 4846 nor.
669 4765 757 4864 caufi
783 4791 841 4861 32.
866 4768 973 4868 quast.
997 4785 1028 4852 5.
1055 4757 1103 4851 (il
1161 4771 1199 4836 ln
1224 4769 1265 4836 ad
1288 4766 1504 4836 commodum
1528 4769 1564 4834 &
1586 4757 1763 4833 utilitatem
1788 4760 1958 4852 publicans
1979 4756 2053 4851 spe·

369 4874 438 4951 aliis
457 4867 686 4948 contranibus
702 4865 824 4940 usxtatae
840 4877 875 4940 δι
894 4885 1035 4955 recepta
1057 4859 1132 4935 sunt
1148 4861 1199 4934 hae
1225 4867 1303 4935 tter.
1355 4862 1469 4932 Acin
1494 4857 1643 4932 favorem
1667 4861 1871 4933 matrimonii
1894 4863 2052 4932 statutum

360 4951 517 5072 'tegulaj
535 4968 627 5070 quod
644 4963 784 5042 cuilibet
803 4987 876 5037 euru
894 4964 966 5036 alio
988 4961 1199 5036 eotttrabeuti
1225 4963 1290 5040 est,
1323 4982 1384 5049 pet
1409 4955 1565 5047 copulam
1593 4955 1760 5031 carnalem
1799 4954 2053 5045 subsequentem

368 5071 555 5161 incumbat,
580 5079 622 5145 ut
640 5065 841 5162 diligmtius
856 5065 1008 5162 inquirat
1029 5063 1065 5135 in
1084 5059 1200 5134 condi·
1225 5060 1336 5132 omnia
1349 5057 1500 5148 conjugii
1515 5055 1594 5126 vitia
1613 5057 1763 5166 purgati.
1786 5079 1859 5145 cap.
1879 5051 1994 5152 super.
2021 5078 2050 5146 s.

366 5175 485 5252 tionem
496 5174 589 5272 ejus,
616 5191 691 5243 nem
711 5187 775 5265 quo
793 5162 983 5247 contraitis
1010 5161 1199 5261 spuicam
1227 5155 1265 5232 ἰ.
1292 5155 1332 5230 de
1351 5175 1404 5242 eo,
1430 5154 1489 5252 qui
1512 5163 1672 5252 cognomi
1693 5151 1856 5263 tonsang.
1879 5175 1979 5240 uxor.
1999 5152 2054 5226 uel

1279 5260 1348 5331 uz
1939 5249 2056 5355 nont
