4884 5984
344 503 434 600 ..t4
677 430 1195 620 tocvsxxvicnn.
1222 499 1288 574 ιν.
1339 496 1483 572 ster.
1510 501 1560 572 11.
1604 493 1793 626 'Arrun
1885 517 1890 523 ·
1971 467 1975 476 ’
2106 435 2116 460 ’

387 722 454 776 tote
470 708 504 776 δι
517 697 664 793 expreffa
682 703 750 774 Dei
769 701 858 794 lege.
905 701 996 794 Ergo
1019 698 1120 773 etiem
1143 720 1226 769 eon·
1248 699 1336 770 xime
1355 720 1396 767 ex
1413 720 1452 768 eo
1473 692 1643 767 neceffitos
1666 698 1799 786 prterni
1820 691 2000 774 consensus
2025 693 2101 778 non¹

384 808 532 898 januam
555 802 656 875 hrbet
675 799 909 876 necelIitotern.
977 798 1029 897 ς.)
1055 798 1225 890 Conjugir
1248 794 1349 889 possit
1377 791 1522 866 firmiter
1553 800 1797 884 demonstrarit
1829 802 1949 872 nollre
1966 825 2088 876 tomen

385 905 587 996 illegitimo,
625 927 666 975 eo
687 898 810 975 scilicet
839 903 966 980 modo,
1005 921 1042 972 ut
1069 919 1224 988 pugnent
1248 893 1416 969 sententiat
1436 891 1519 966 nihil
1533 895 1682 975 decedit,
1709 899 1929 988 quippequae
1943 909 2022 990 jure
2042 903 2088 974 di-

383 1031 452 1078 non
469 999 574 1074 solum
592 1026 707 1074 contra
722 1002 973 1074 constitutiones
984 995 1223 1081 ecclefirstim,
1249 997 1346 1080 vino,
1373 990 1513 1066 naturali
1529 1018 1566 1062 rc
1587 995 1678 1065 civili
1697 993 1899 1072 sufficienter
1913 999 2094 1074 stabilitur:

383 1099 439 1178 sed
458 1108 557 1175 etiam
575 1124 692 1174 contra
711 1100 822 1193 legem
843 1103 991 1172 divinum
1015 1146 1026 1178 ,
1055 1093 1130 1167 sunt
1152 1090 1224 1186 ipso
1305 1104 1334 1189 §.
1361 1099 1479 1166 LXXl.
1527 1087 1693 1202 Quintam
1722 1121 1824 1189 ergu-
2108 1105 2110 1110 ’

382 1210 457 1294 jure
480 1203 580 1274 nulla.
642 1204 747 1291 Atqui
776 1202 932 1289 conjugio
962 1219 1077 1271 contra
1098 1220 1226 1287 paren·
1247 1217 1438 1267 mentorum
1459 1190 1590 1264 clrflem
1615 1195 1759 1285 petimus
1784 1219 1830 1269 ex
1883 1191 2091 1288 V.)Eaeod·

384 1325 456 1378 tum
472 1295 664 1374 consensum
684 1303 853 1374 contrista
872 1295 947 1369 sunt
968 1299 1128 1370 eomodo
1149 1294 1220 1366 ille·
1248 1290 1519 1390 aduersariorum
1535 1291 1733 1391 dorthoqu„
1770 1301 1828 1381 Sy·
1852 1387 1854 1391 Ι
1919 1273 2075 1388 ΜῘΜ

292 1439 296 1450 ·
384 1405 514 1497 gitinu.
581 1405 682 1490 Ergo.
746 1401 778 1471 Si
801 1399 836 1469 in
861 1393 1013 1470 Domino
1034 1393 1153 1469 noim
1178 1397 1224 1466 est
1248 1399 1353 1468 nodus
1372 1395 1568 1467 Tridentini
1587 1390 1654 1466 sels.
1686 1392 1820 1469 XXlV.
1873 1375 2034 1514 ,mgb

382 1501 581 1574 electionem
596 1498 714 1570 mariti
735 1498 929 1588 parentibus
955 1493 1113 1578 deferret
1139 1519 1224 1586 ergo
1248 1520 1277 1567 c.
1307 1517 1333 1566 ι.
1359 1491 1566 1566 anathemate
1591 1490 1714 1567 feriens
1739 1520 1822 1583 eos,

383 1610 458 1690 iure
485 1601 600 1672 divino
624 1622 802 1688 petentum
826 1591 999 1668 consensus
1016 1591 1222 1684 requiritur,
1248 1595 1306 1683 qui
1329 1597 1492 1673 statuunt,
1519 1594 1730 1667 matrimonio
1746 1621 1766 1666 a
1781 1593 2004 1670 filiisfrnriliee
2025 1595 2091 1676 fine

383 1709 421 1774 δι
440 1724 504 1789 per
524 1692 728 1786 consequens
749 1699 873 1784 nuptie
898 1716 1013 1767 contra
1045 1716 1224 1786 parentum
1249 1689 1405 1765 consensu
1426 1714 1604 1783 parentum
1624 1698 1794 1768 contrista
1820 1695 1885 1771 elle
1911 1699 2027 1782 irrito,
2054 1705 2090 1774 ἃ

259 1839 265 1848 ·
383 1792 574 1872 eonsensum
604 1800 810 1882 contradic,
849 1816 967 1867 contre
996 1801 1047 1882 jus
1074 1795 1223 1865 divinum
1248 1817 1403 1885 parentes
1422 1819 1460 1866 er
1477 1815 1559 1877 rato,
1582 1791 1635 1863 vel
1653 1796 1747 1866 irrito
1769 1794 2006 1887 fucerepell'e,
2024 1797 2093 1872 ibi·
2125 1843 2127 1850 ν

335 1973 340 1980 ,
382 1898 644 1976 contrahuntur,
669 1920 707 1967 cc
729 1898 871 1984 proinde
889 1889 965 1965 sunt
984 1919 1046 1983 per
1061 1890 1094 1965 se
1109 1896 1222 1965 irrite.
1248 1897 1325 1966 dem
1345 1895 1455 1978 addit,
1474 1889 1629 1987 sontium
1652 1888 1723 1965 Dei
1742 1896 1826 1968 eccle
1840 1919 1908 1970 rom
1925 1921 1971 1971 ex
1985 1899 2090 2000 confit

321 2010 335 2024 ·“
363 1994 442 2094 “4.)
465 2003 559 2067 Inter
582 2018 752 2084 ruptorem
777 2005 811 2068 ἀ
836 1995 920 2065 citro
947 2015 1123 2082 parentum
1146 2017 1225 2064 con·
1243 1991 1428 2092 Juliiffinris
1448 1990 1507 2064 illo
1528 1990 1662 2090 semper
1684 1989 1743 2088 effe
1766 1995 1975 2098 detestatum.
2028 2003 2095 2084 tlt*

383 2091 511 2169 sensum
530 2093 784 2166 contrahentem
799 2093 878 2164 licet
894 2093 1029 2181 aliquod
1048 2091 1086 2164 srt
1109 2087 1224 2164 discri-
1249 2097 1305 2182 qui
1325 2094 1546 2184 conjugium,
1571 2097 1659 2181 quod
1676 2095 1722 2164 eli
1739 2098 1996 2183 detestandum,
2021 2121 2090 2172 nou

290 2215 294 2222 '
383 2220 485 2274 men,
511 2217 622 2265 tamen
637 2218 675 2264 eu
688 2189 966 2264 unimrdvertitur
979 2195 1223 2277 convenientia,
1248 2195 1356 2287 potest
1372 2190 1435 2263 ell‘e
1454 2217 1561 2264 return
1577 2216 1615 2262 ac
1640 2189 1800 2287 lirnrunr3
1824 2197 1902 2270 inde
1926 2201 2018 2271 enirn
2039 2219 2089 2272 et·

383 2297 474 2383 quod
496 2291 549 2363 hic
572 2291 742 2364 fraudibus
764 2302 798 2366 dc
824 2290 909 2364 dolis
940 2294 973 2362 id
1002 2294 1097 2383 agit,
1132 2299 1221 2380 quod
1247 2318 1312 2381 que
1331 2295 1406 2385 ideo
1421 2293 1668 2372 detestandum,
1694 2298 1770 2380 quir
1792 2320 1860 2366 non
1880 2297 1935 2368 esta
1950 2295 2091 2388 cpnfor·

340 2392 344 2400 ’
384 2392 442 2466 ille
457 2390 612 2464 violentia
626 2393 660 2461 in
677 2394 787 2462 othum
808 2394 955 2463 deduxit.
1009 2397 1221 2484 Siergonon
1248 2391 2091 2482 medirinaeinstitutiuni&legibusmotrimonie-

306 2515 322 2562 ·.
383 2491 463 2565 licet
491 2492 622 2579 parenti
649 2490 754 2561 invito
784 2487 885 2562 filiam
911 2496 1069 2580 eripete,
1106 2491 1220 2578 utique
1247 2491 1332 2560 libus
1348 2493 1504 2561 divinitus
1523 2487 1660 2561 sancitis.
1722 2494 1826 2585 Quod
1855 2491 1987 2588 srergo
2009 2498 2089 2570 Tri·

384 2617 447 2665 nec
467 2588 635 2662 blanditiis
654 2613 728 2660 erm
748 2587 862 2661 licebit
878 2591 1063 2670 inducere,
1089 2613 1127 2662 ut
1146 2589 1220 2662 ebs·
1246 2592 1375 2662 dentini
1395 2615 1503 2679 patres
1529 2584 1710 2681 agnoscunt
1731 2641 1741 2672 ,
1778 2597 1936 2686 conjugit
1961 2585 2089 2686 libero-
2123 2637 2126 2642 ·

268 2756 271 2760 .
384 2717 450 2783 que
470 2696 541 2780 eius
570 2682 725 2762 consensu
754 2692 885 2779 nuptias
909 2691 1101 2777 contrahet,
1129 2716 1167 2761 rc
1190 2686 1220 2760 se
1246 2715 1321 2762 rum
1339 2685 2087 2779 ubsqueparenturncuniensucontrtdleell'e

303 2825 306 2830 ·
384 2786 488 2883 ipsum
508 2789 661 2880 potestati
677 2789 823 2879 proprie
839 2791 971 2876 eripiet.
1035 2794 1086 2860 Ut
1105 2814 1221 2876 ceptor
1247 2792 1462 2870 detestando,
1497 2810 1613 2876 utpote
1639 2791 1761 2862 divine
1786 2794 1985 2866 institutioni
2005 2819 2088 2870 eoo-

385 2885 487 2964 filiem
506 2914 568 2979 per
593 2890 661 2960 vim
691 2890 822 2978 parenti
854 2890 979 2977 eripit,
1021 2883 1065 2958 src
1096 2886 1164 2960 filia
1188 2883 1221 2960 se
1246 2892 1370 2970 traria,
1396 2885 1574 2980 agnoscant
1594 2890 1749 2960 etiamen
1768 2887 1952 2966 elleirritr.
1997 2893 2088 2968 Nul-

383 2988 487 3082 iplom
505 2988 653 3078 potentis
672 2988 824 3077 potestati
848 2982 1037 3069 subtrahit,
1069 2986 1219 3059 srinvito
1245 2986 1325 3059 lum‘
1340 3014 1457 3061 verum
1482 3014 1520 3060 oc
1549 3007 1658 3060 retum
1690 2992 1885 3083 conjugium
1913 2993 1961 3063 est
1991 2995 2086 3068 deto-

377 3105 524 3180 ‘prrente
542 3088 671 3176 nuptias
686 3084 870 3159 contrahat.
909 3081 1106 3184 Mojestotr'r
1133 3083 1220 3182 Iaesae
1243 3090 1412 3174 standum,
1435 3091 1511 3178 quia
1535 3111 1636 3158 omne
1657 3113 1776 3160 terum
1801 3114 1840 3162 et
1864 3113 2086 3188 retumacon·

373 3185 545 3262 'Scaevolo
565 3181 706 3280 adcusot
725 3205 817 3263 eum,
840 3185 898 3278 qui
916 3183 996 3257 dolo
1012 3185 1102 3256 mulo
1114 3185 1219 3278 socii,
1240 3183 1374 3283 jugiuru
1406 3186 1453 3258 est
1474 3182 1584 3258 sancta
1610 3188 1676 3256 Dei
1712 3190 1888 3260 ordinatio.
1954 3195 2086 3282 Conju-

385 3312 426 3362 ne
454 3286 622 3387 nrujestoti
650 3284 738 3358 cives
764 3294 921 3356 omittant
936 3279 1035 3453 (alui
1047 3338 1057 3368 ,
1088 3281 1165 3357 libr.
1191 3282 1218 3355 l.
1244 3287 1338 3376 giuut
1360 3283 1541 3357 liberorum
1561 3283 1626 3358 sint
1642 3279 1817 3373 parentum
1839 3283 1998 3362 consensu
2022 3287 2087 3368 inin'
2112 3343 2120 3362 μ

384 3401 413 3472 ς.
437 3409 464 3460 t.
492 3391 532 3458 nd
555 3384 577 3456 l.
592 3383 667 3475 -Jul
695 3385 818 3472 majest.
849 3393 885 3458 δι
910 3384 1112 3475 pogioriurn
1139 3379 1221 3454 defi·
1244 3406 1316 3455 tum
1341 3407 1381 3455 ex
1417 3381 1589 3473 hypothesr
1620 3385 1897 3459 Tridentinorunr
1920 3412 2058 3478 petrum
2074 3415 2106 3478 ,¹

383 3488 483 3562 niunt
497 3479 742 3575 jurisconsulti,
766 3481 825 3579 qui
844 3480 989 3578 aliquem
1009 3505 1053 3554 ex
1069 3479 1218 3577 somilio
1243 3485 1290 3554 est
1308 3507 1426 3553 verum
1446 3492 1480 3556 δι
1506 3504 1615 3555 rutum
1642 3482 1851 3581 eonjugium.
1901 3492 1995 3580 Ergo
2015 3483 2086 3564 non

384 3585 528 3662 oilerius
550 3578 748 3679 srtbdocit3
781 3603 906 3668 quanto
939 3581 1074 3672 greviut
1102 3601 1218 3669 peccet
1243 3582 1290 3654 est
1312 3583 1559 3668 detestandum
1582 3608 1619 3653 ac
1638 3581 1803 3664 virilitur,
1829 3583 1852 3657 sr
1877 3585 1941 3658 tole
1970 3597 2086 3680 conju·

383 3684 469 3770 lilio,
493 3707 565 3773 quae
586 3706 626 3754 ex
646 3681 808 3771 potestate
830 3678 931 3770 longe
949 3682 1083 3752 ordiiori
1098 3690 1133 3754 dc
1149 3705 1218 3751 mr·
1243 3681 1337 3774 gium
1354 3684 1400 3755 est
1421 3683 1647 3754 detestandum
1670 3728 1681 3762 ,
1721 3708 1789 3754 non
1819 3683 1920 3756 debet
1947 3683 2060 3780 agnus

355 3863 358 3868 ¹
381 3789 437 3879 gis
455 3785 510 3874 pie
531 3776 706 3872 profugit,
731 3785 767 3851 δι
789 3783 841 3866 jus
861 3774 954 3849 suum
970 3779 1057 3866 patri
1073 3804 1219 3869 praever·
1242 3804 1306 3869 pro
1328 3801 1401 3852 roto
1421 3806 1459 3853 oc
1480 3806 1569 3854 vero.
1639 3778 1856 3855 Bellurminus
1886 3810 1960 3873 cup.
1987 3785 2081 3864 XlX.

384 3888 444 3967 rit,
470 3905 546 3956 curn
564 3878 601 3952 id
621 3875 710 3975 quod
723 3901 828 3950 meum
843 3879 906 3976 est,
924 3877 997 3975 stne
1015 3901 1084 3950 meo
1104 3900 1219 3973 pecco·
1242 3903 1341 3969 prop.
1365 3902 1394 3968 ς.
1411 3876 1583 3972 agnoscit,
1607 3893 1810 3977 praeccptum
1839 3882 1880 3956 de
1906 3887 2085 3968 matrimo-

382 3993 420 4058 to
441 3979 574 4076 ouserri
594 4002 661 4052 nou
684 4000 728 4074 po
753 3975 805 4050 rt?
831 3971 853 4048 l.
882 3977 916 4046 id
942 3979 1032 4063 quod
1058 3979 1216 4049 nostrum.
1242 3979 1299 4050 nio
1319 3973 1500 4052 liberorum
1514 3977 1711 4079 parentibus
1727 3984 1843 4078 potius
1865 3983 1956 4068 duri,
1980 4009 2081 4083 qrtan

386 4107 442 4157 rt.
460 4085 502 4156 de
517 4083 562 4154 R.
578 4084 612 4171 J.
645 4077 715 4160 ¹Ful
732 4102 790 4149 um
809 4075 915 4167 igitur
936 4076 1010 4156 est,
1036 4079 1125 4162 quod
1146 4073 1218 4146 Bel·
1234 4076 1345 4175 filr'r's,
1369 4082 1459 4166 quod
1478 4083 1569 4154 reete
1589 4078 1710 4168 probet
1728 4107 1769 4153 ex
1796 4087 1898 4158 Exod.
1919 4091 2080 4164 XXXlV.

379 4181 541 4258 larmirus
561 4175 624 4252 hoc
641 4176 715 4250 loco
732 4171 870 4255 adserit,
892 4197 990 4260 eum,
1017 4174 1076 4271 qui
1093 4170 1220 4247 violen·
1243 4185 1277 4250 nt
1295 4181 1397 4249 Deut.
1423 4184 1497 4249 vu.
1515 4186 1549 4250 δι
1563 4204 1604 4250 ex
1624 4203 1665 4251 eo
1683 4203 1787 4268 portu
1800 4177 1926 4264 infert,
1951 4196 1992 4260 ot
2000 4185 2081 4286 piu.
2102 4181 2104 4186 ’

382 4295 435 4358 ter
453 4275 614 4379 sponsum
627 4274 730 4375 suom
744 4275 843 4374 putri
864 4273 1003 4367 aufert,
1027 4297 1095 4348 rem
1116 4271 1218 4371 suom
1241 4275 1364 4348 timum
1382 4298 1516 4372 peccare
1527 4275 1644 4374 filios,
1670 4303 1741 4351 cum
1757 4305 1823 4355 non
1844 4279 2078 4380 sequuntorie

386 4407 531 4480 cupere,
560 4377 637 4467 quio
665 4375 776 4467 puella
803 4375 937 4448 nonest
961 4369 1133 4464 suijuris,
1164 4371 1217 4447 sed
1241 4372 1304 4449 hoc
1321 4387 1547 4472 reportatum
1566 4375 1781 4453 uoluntatem.
1833 4368 1974 4472 lltquifi
1994 4411 2079 4478 pre·
2116 4453 2121 4460 .

380 4486 417 4555 in
435 4483 595 4570 potestate
620 4499 823 4565 parentum,
855 4475 931 4576 ideo
960 4498 1026 4545 non
1048 4475 1157 4564 potuit
1181 4474 1216 4545 iu
1240 4498 1376 4565 ceptum
1404 4479 1446 4549 de
1470 4478 1684 4551 metrimonio
1704 4480 1900 4554 liberorum
1930 4488 2078 4573 porenti-
2121 4559 2127 4570 ,

380 4575 576 4669 conjugium
598 4567 782 4648 consentite
799 4573 1042 4662 absqueprrris
1065 4574 1217 4645 volunta·
1241 4571 1301 4646 bus
1318 4578 1429 4664 potius
1451 4579 1576 4664 dotum,
1601 4604 1701 4668 quoru
1717 4577 1816 4662 filiis,
1841 4584 1954 4670 utique
1979 4583 2078 4662 liberi

381 4695 428 4751 te.
490 4669 629 4768 Magno
646 4671 776 4769 injurio
801 4676 860 4772 est,
890 4668 1061 4767 corrumpi
1079 4669 1215 4767 seruum
1239 4670 1546 4763 ubsqueporentum
1560 4674 1716 4751 consensu
1729 4680 1962 4755 contrahentes
1972 4707 2077 4780 egunt

380 4773 565 4852 hominem
592 4774 671 4861 quid
702 4773 806 4864 igitur
827 4766 918 4843 hunc
937 4767 1088 4844 meruille
1107 4771 1216 4844 credi·
1238 4793 1354 4844 contro
1371 4772 1462 4867 leges
1483 4778 1792 4853 matrimoniales&
1820 4783 1968 4854 divinum
1995 4811 2077 4876 conr
2100 4807 2104 4814 ·

378 4899 478 4954 mus,
504 4867 561 4960 qui
573 4876 723 4961 corporis
736 4873 839 4945 nostri
856 4889 987 4960 partem
1005 4869 1127 4944 blondo
1147 4868 1209 4945 ser·
1236 4872 1322 4964 jugii
1342 4876 1603 4957 institutionem,
1627 4901 1666 4964 er
1690 4902 1755 4967 quo
1771 4878 1814 4949 lic
1827 4880 2074 4959 concludimus:

377 4967 479 5048 moue
497 4969 641 5054 avertit,
673 4977 706 5044 dt
730 4967 763 5043 in
781 4969 869 5044 suam
888 4970 1084 5058 potestatem
1108 4991 1211 5044 treus·
1236 4974 1350 5045 Omne
1370 4974 1563 5067 conjugium
1580 4969 1687 5048 toturn
1711 5004 1748 5048 rc
1769 4975 1902 5050 firmum
1927 4984 1972 5053 est
1994 5011 2077 5058 cun·

318 5075 320 5080 ’
378 5069 476 5148 ferti
503 5065 604 5161 Heig.
626 5091 660 5159 p.
688 5068 713 5141 1.
736 5095 767 5158 q.
792 5093 848 5143 22,
871 5091 963 5142 num.
992 5071 1051 5158 65.
1101 5071 1212 5166 Quid·
1236 5066 1344 5144 forme
1366 5073 1575 5146 iustitutionis
1595 5075 1869 5168 divinalegibns.
1910 5084 1973 5152 Sed
1994 5083 2107 5158 con?

311 5183 315 5194 .
375 5171 459 5270 quid
478 5192 560 5250 “m
580 5168 618 5242 fit
638 5167 681 5244 ἀς
699 5173 774 5258 Μ.
794 5169 982 5268 monim,
1007 5161 1033 5243 fi
1061 5167 1116 5252 πὶ
1138 5195 1211 5274 mn·
1232 5172 1364 5268 jugiuur
1382 5167 1568 5250 liberorum
1581 5171 1704 5270 ubsque
1718 5199 1895 5270 pareutum
1914 5177 2100 5268 consensu,

1993 5309 2076 5362 cond
