4884 5984
231 321 239 490 l
400 417 402 421 ,
475 339 538 432 oa
591 356 821 444 errones
869 349 1131 446 nuourrrrrs
1184 354 1237 429 m
1292 352 1409 446 roua
1458 302 1756 435 uvruormtr.¹
1870 357 1975 463 335,
2040 330 2044 338 ’
2114 443 2116 450 ,
2216 418 2221 425 -

311 582 383 645 nex
402 554 623 632 fornicatione
643 555 725 627 oriri
744 579 810 627 non
825 550 923 645 poffit
939 549 1113 626 adfinitas?
1138 548 1200 626 bus
1215 552 1524 647 conjunctionibus,
1543 580 1624 647 quas
1642 579 1784 634 oenones
1799 580 1947 654 propter.

310 663 396 752 „3.)
422 657 581 750 Legimus
602 659 718 727 adam.
739 662 811 726 XX.
838 677 865 740 3.
893 655 1010 724 decem
1033 674 1113 722 con·
1138 651 1343 738 odfinitetem
1369 678 1408 727 ex
1434 654 1550 729 illicita
1577 656 1698 748 copula
1724 681 1832 733 ortem
1858 673 1941 752 pr'o·

310 808 335 843 „
344 756 482 830 rubinas
498 756 657 838 Daviuis,
684 777 762 840 quas
780 751 863 824 lilius
881 759 950 839 ejus
967 744 1111 822 Absolon
1138 750 1257 823 hibitus
1274 754 1741 834 statuunt,ablliuendums1t.
1756 769 1784 853 ς.
1810 761 1842 833 Si
1857 783 1940 834 uxor

306 854 551 944 „violaverrt,
591 846 731 936 inclusas
760 851 800 923 ab
831 854 948 924 eodem
981 851 1111 920 Davide
1136 861 1201 922 &o
1224 851 1363 923 institut.
1381 854 1423 924 de
1444 875 1541 943 nupt.
1593 857 1655 941 „Si
1678 880 1760 928 uror
1786 877 1842 933 tua
1865 860 1940 947 post

305 951 436 1043 „fullse
452 1004 465 1037 ,
496 962 530 1027 dt
544 975 713 1040 nunquam
728 950 869 1040 amplius
883 948 924 1019 ab
941 974 980 1020 eo
993 950 1110 1038 cogni·
1134 952 1345 1035 „divortium
1356 949 1470 1022 erallo
1482 950 1583 1025 filiam
1594 958 1841 1045 procreaverit,
1863 955 1934 1030 baee

306 1076 409 1139 ,‚tas,
434 1054 512 1150 quia
525 1053 685 1122 nimirum
699 1048 794 1121 fnuae
810 1071 903 1122 erant
919 1049 981 1118 illae
996 1071 1110 1117 omnes
1134 1052 1293 1128 „nonest
1307 1051 1441 1137 quidem
1455 1053 1612 1144 privigna
1626 1075 1701 1133 tua,
1725 1051 1778 1127 sed
1794 1054 1938 1130 lulianus

254 1147 264 1212 .'
307 1147 554 1240 „qualinurus
576 1146 619 1219 ob
646 1154 916 1235 conjundlionem
940 1169 1015 1216 cum
1042 1143 1110 1216 filio
1135 1144 1206 1232 „ab
1245 1146 1435 1243 hujusmodi
1466 1155 1591 1237 nuptiis
1622 1149 1779 1224 abstineri
1811 1152 1937 1229 debere

306 1249 422 1362 „suos
458 1247 580 1323 Addit
595 1259 704 1320 tomen
722 1246 973 1328 Bounomos,
997 1241 1112 1314 odfini·
1136 1247 1221 1331 „aiu
1250 1244 1274 1317 l.
1304 1243 1423 1319 Liberi
1442 1270 1477 1340 4.
1510 1243 1550 1321 C.
1575 1249 1615 1321 de
1640 1261 1733 1347 παρέ.
1788 1251 1936 1334 „liberi

306 1370 444 1437 „tatem
463 1345 575 1428 illam,
600 1373 673 1435 quae
695 1373 733 1417 ex
756 1345 974 1418 fornicatione
992 1346 1111 1422 oritur,
1134 1343 1366 1425 „concubinas
1386 1368 1562 1434 parentum
1581 1345 1714 1421 suorum
1737 1376 1855 1427 uxores
1873 1356 1937 1425 du.

231 1478 235 1495 ·
304 1449 415 1536 „licet
435 1443 476 1518 fit
497 1472 576 1520 vera
600 1444 767 1527 adfinitas,
803 1455 835 1519 dt
861 1439 1110 1516 matrimonium
1136 1468 1244 1524 „cere
1263 1470 1329 1515 non
1351 1439 1499 1533 poliunt,
1525 1449 1601 1537 quia
1622 1450 1730 1520 minus
1746 1446 1934 1544 religiosam

231 1576 258 1597 ¹·
305 1549 501 1631 ,‚dirimat,
524 1569 635 1618 tamen
656 1542 944 1634 imperfedliorem
966 1538 1029 1615 ell'e
1053 1564 1109 1621 eo,
1137 1552 1203 1623 „dc
1222 1542 1432 1631 probabilem
1452 1570 1523 1619 rem
1544 1544 1653 1621 facere
1673 1550 1846 1632 videntur,
1876 1552 1935 1641 qui
2068 1623 2070 1627 ,

231 1666 233 1709 ἰ
304 1672 408 1735 „quae
445 1667 486 1718 ex
515 1647 669 1739 legitimo
700 1644 915 1715 matrimonio
946 1641 1066 1710 oritur.
1085 1686 1109 1718 „
1134 1637 1559 1730 ‚‚s1contrabocfeeerint‚
1592 1648 1717 1719 crimen
1728 1650 1934 1737 lluprieom·

255 1817 258 1822 .
302 1744 439 1841 Quibus
469 1744 579 1818 verbis
616 1742 832 1815 Bellarminus
860 1736 979 1830 procul
1006 1734 1109 1808 dubio
1133 1741 1347 1821 ,‚mittuut.„
1395 1746 1497 1814 Unde
1515 1745 1648 1832 quidam
1667 1770 1705 1817 ex
1720 1743 1935 1833 Jurireonsul.

301 1870 340 1918 eo
360 1837 523 1934 respicit,
555 1846 647 1950 quod
664 1844 942 1932 impedimentum
958 1835 1022 1907 hoc
1039 1860 1108 1907 ma·
1134 1841 1173 1909 tis
1195 1842 1295 1909 etiarn
1320 1865 1359 1911 ex
1385 1839 1503 1910 illicito
1526 1842 1706 1914 concubitu
1726 1843 1933 1921 adfinitatem

245 1947 248 1952 ’
300 1945 453 2017 trimonii
471 1940 641 2039 (adfinitas
661 1966 701 2013 ex
721 1938 840 2027 copula
856 1937 1030 2026 illegitima
1048 1958 1104 2005 ex·
1128 1932 1214 2007 nasci
1229 1939 1393 2017 statuunt,
1419 1939 1572 2010 Corasrus
1585 1938 1643 2012 lib.
1655 1948 1679 2013 l.
1695 1938 1785 2015 misc.
1798 1970 1830 2032 3.
1844 1972 1878 2018 n.
1898 1971 1930 2023 1.

297 2039 463 2136 surgens)
486 2066 549 2132 per
572 2040 703 2112 aoncilii
726 2042 879 2111 Trident.
903 2033 1103 2105 sandionem
1127 2040 1171 2105 D.
1189 2036 1342 2109 Rauchb.
1358 2038 1513 2107 amitinus
1529 2042 1639 2110 noller
1653 2063 1739 2129 part.
1759 2049 1801 2113 ll.
1819 2068 1855 2132 q.
1874 2066 1931 2132 ις.
2050 2047 2055 2056 ’

296 2144 344 2216 od
350 2139 535 2239 secundom
546 2138 691 2235 gradum
707 2134 806 2208 fuerit
820 2136 1018 2207 restridlum.
1050 2132 1101 2202 Sic
1126 2138 1172 2206 D.
1188 2132 1371 2224 Hilligerus
1400 2134 1458 2209 lib.
1487 2143 1581 2210 Xlll.
1615 2144 1705 2211 Don.
1734 2140 1844 2214 enucl.
1868 2152 1927 2231 19.

295 2234 620 2316 enimbabetorless.
632 2240 756 2316 xxw.
773 2249 845 2325 cap.
857 2261 890 2321 4.
906 2234 948 2304 de
962 2229 1099 2301 reform.
1125 2231 1173 2303 ln.
1186 2238 1234 2301 Μ.
1273 2245 1316 2321 2)
1335 2235 1499 2326 Quamvis
1513 2234 1688 2333 irtsuntmo
1708 2239 1843 2312 reieum
1854 2240 1929 2318 Bel-

244 2329 449 2414 'mmmm
517 2326 1928 2426 „mmmsmmm,gmmffimlmmmmmmmmm,mmmmfflmmmo

269 2437 433 2528 ..‚,eaufis
461 2439 620 2519 indubia,
664 2435 970 2522 impedimentum,
1013 2429 1102 2515 quod
1127 2427 1248 2500 debeat
1267 2431 1398 2519 nuptias
1417 2431 1703 2523 illiusexpetere·‚
1736 2444 1928 2525 euJ‘uscon·
2065 2479 2068 2483 ·
2102 2495 2106 2502 .

231 2521 1927 2629 ¹ffmmfflmmmhmmumfflmmmmmmffimfflwm

297 2641 473 2727 „tremam
492 2634 686 2717 inducitur,
712 2639 748 2704 δι
768 2628 1019 2700 matrimonium
1040 2648 1101 2711 po·
1126 2649 1203 2696 men
1225 2628 1257 2694 io
1280 2627 1432 2723 exemplo
1455 2624 1626 2720 Doridis,
1653 2636 1744 2721 quod
1764 2639 1854 2707 tertii
1872 2661 1926 2710 ar.

296 2731 544 2829 „ludurium
559 2732 707 2816 dirimit,
736 2732 776 2801 ad
793 2752 850 2801 eos
866 2747 1017 2803 tontum,
1044 2723 1101 2810 qui
1125 2726 1281 2815 gumenti
1300 2724 1376 2798 loco
1397 2726 1613 2813 bellarminus
1635 2733 1816 2819 producit,
1852 2760 1924 2808 ma-

294 2838 368 2918 „in
392 2831 505 2926 primo
530 2838 565 2906 &
592 2821 736 2903 secundo
759 2828 867 2919 gradu
888 2830 1099 2913 conjungun-
1124 2845 1230 2913 gnum
1245 2825 1285 2892 ad
1298 2827 1520 2898 evincendum
1532 2824 1701 2916 quaesitum
1714 2833 1845 2918 pondus
1858 2828 1924 2907 elle

291 2957 406 3020 „rur,
431 2928 612 3021 restringit.
645 2936 683 2998 ln
697 2922 912 2997 ulterioribus
924 2943 1005 2992 vero
1021 2943 1097 3009 gra·
1121 2943 1302 3012 negamus,
1328 2924 1406 3010 quia
1426 2921 1554 2997 facinus
1581 2924 1757 2998 Absolonis
1779 2954 1846 3002 non
1872 2927 1924 3002 so.

294 3029 429 3120 „dibus
449 3031 578 3108 statuit,
601 3026 793 3114 hujusmodi
807 3020 1012 3094 adfinitatem
1027 3042 1101 3089 ma·
1121 3015 1192 3090 lum
1213 3016 1276 3088 fuit
1299 3017 1495 3103 fornicatio,
1526 3018 1579 3097 sed
1600 3027 1698 3096 etiem
1718 3028 1923 3103 adulterium
1943 3071 1945 3075 ·

296 3129 527 3215 „trimeniam
556 3128 668 3215 postea
694 3124 901 3195 contraitum
926 3142 1000 3201 nou·
1016 3117 1098 3186 diri·
1120 3142 1158 3187 ac
1176 3120 1338 3207 locellus,
1368 3143 1445 3190 cum
1467 3122 1660 3194 concubinae
1680 3124 1745 3194 illae
1769 3129 1922 3210 Doridis,
2052 3162 2056 3169 ·

295 3253 469 3323 „mere.„
521 3225 610 3326 Quia
627 3223 754 3295 veroin
771 3215 936 3292 saniliare
951 3214 1095 3286 illaTri·
1120 3213 1242 3314 quibus
1261 3218 1405 3307 turpiter
1425 3215 1543 3291 abusus
1561 3223 1629 3304 eli,
1656 3219 1781 3293 fuerint
1803 3249 1923 3300 uxores

293 3334 432 3404 ientina
455 3351 525 3399 noo
553 3325 709 3401 additur,
743 3344 786 3390 an
814 3320 848 3389 in
880 3312 1093 3387 ulterioribus
1116 3315 1239 3401 patris,
1257 3308 1914 3405 secundariaequidem,sedtamenverae.
1961 3318 1965 3325 ’

293 3417 455 3524 gradibus
470 3425 570 3499 etiam
588 3446 655 3492 non
671 3420 849 3507 impediat,
875 3408 1015 3485 dubium
1029 3407 1093 3482 fuit
1117 3407 1277 3504 Agnoscit
1293 3413 1359 3486 hoa
1377 3415 1594 3487 Bellarminus
1612 3413 1681 3504 ipse
1706 3416 1765 3491 lib.
1784 3421 1826 3491 de
1848 3446 1918 3492 ma·

282 3553 436 3607 ortum,
471 3550 513 3597 an
531 3518 682 3594 adfinitas
709 3543 748 3589 ex
772 3515 949 3604 illegitima
973 3507 1092 3600 copula
1116 3515 1207 3583 trim.
1221 3533 1295 3601 cap.
1312 3511 1372 3583 Xl.
1388 3523 1416 3607 §.
1443 3518 1563 3602 Neque
1576 3511 1758 3596 secundum
1776 3526 1841 3589 &a
1870 3512 1916 3591 In

294 3651 365 3702 orte
393 3630 431 3699 in
463 3625 569 3716 gradu
601 3617 699 3691 tertio
727 3626 761 3688 δι
788 3608 1002 3686 ulterioribus
1024 3632 1090 3678 nan
1106 3604 1309 3705 scripturo,
1335 3611 1453 3698 inquit,
1472 3614 1575 3683 etium
1593 3634 1678 3685 vrrae
1698 3611 1738 3685 Θ
1752 3615 1918 3710 legitima
1975 3645 1977 3652 ’

293 3723 401 3800 solunt
426 3747 494 3797 uon
518 3722 653 3793 dirimat
682 3713 931 3786 matrimonium
959 3726 1089 3780 eontra·
1115 3732 1239 3786 uxores
1256 3708 1441 3805 aliquando
1461 3711 1619 3783 dicontur
1636 3710 1849 3799 concubinae,
1875 3712 1919 3789 Θ

294 3830 406 3907 dium,
433 3817 489 3895 sed
506 3823 607 3891 etiam
621 3811 885 3886 contrahendum
902 3832 970 3879 non
984 3809 1088 3898 impe·
1114 3803 1197 3903 ipsu
1219 3808 1409 3882 cannabino
1429 3810 1587 3882 dicontur
1606 3835 1745 3896 uxores,
1771 3813 1803 3884 id
1826 3816 1917 3900 quod

293 3928 380 4004 diors
411 3916 466 3994 sed
484 3917 562 3989 huia
573 3913 676 3987 dubio
690 3935 867 3983 occurrere
887 3905 992 3978 voluit
1007 3929 1089 3993 pon·
1113 3906 1237 3995 probat
1261 3933 1302 3978 ex
1329 3904 1447 3981 Grues.
1473 3917 1563 3981 xvt.
1597 3940 1646 3982 ιι.
1702 3908 1778 3984 Iud.
1804 3908 1916 3986 XIX.

231 3995 237 4090 i
291 4022 370 4096 tifex
390 4023 523 4093 Piusll.
540 4016 646 4104 quiin
664 4012 793 4083 constit.
811 4005 863 4079 sua
879 4029 967 4077 anno
988 4025 999 4074 ι
1008 4005 1092 4091 566.
1113 4003 1173 4077 ubi
1184 4005 1367 4078 concubino
1380 4009 1631 4091 dicituruxor,
1661 4004 1701 4080 Θ
1716 4030 1794 4081 veru
1812 4035 1851 4080 oc
1867 4009 1916 4083 le·

231 4173 239 4184 κ
291 4152 326 4219 4,
339 4121 418 4195 Cal.
434 4116 599 4190 Decemb.
617 4114 721 4185 edita.
750 4133 822 4195 quae
839 4107 939 4177 exstat
959 4105 993 4173 in
1014 4099 1085 4171 uul-
1112 4105 1240 4199 gilium
1255 4105 1322 4177 imo
1339 4107 1441 4177 unica
1457 4110 1554 4180 unius
1571 4130 1660 4180 uxor
1677 4119 1823 4180 vocatur
1838 4132 1916 4181 cort-

231 4207 238 4216 *
289 4220 373 4296 lario
394 4204 712 4297 Romaeimprelso,
736 4203 932 4282 declaravit,
966 4198 1091 4273 didam
1117 4202 1255 4285 colina,
1306 4208 1418 4275 David
1445 4210 1586 4293 proinde
1613 4232 1680 4278 non
1709 4213 1787 4277 inde
1814 4212 1950 4292 arque·
2008 4221 2015 4226 '

291 4299 1092 4421 odfinilolemnecdr'rimcuenecimpedire,ideo·
1114 4306 1189 4371 ideo
1213 4308 1372 4373 duntaxat
1389 4331 1406 4372 o
1426 4306 1618 4376 concubinis
1637 4304 1716 4383 luis,
1741 4330 1821 4393 quas
1843 4306 1914 4376 Ab·

290 4445 350 4519 que
372 4421 410 4493 in
424 4411 642 4490 ulterioribus
657 4404 823 4502 gradibus
840 4400 935 4473 licite
946 4401 1018 4497 stne
1038 4395 1092 4469 di·
1113 4394 1206 4470 solon
1238 4400 1441 4479 violaverat,
1478 4404 1686 4489 abllrnebat,
1715 4430 1791 4490 qma
1816 4401 1912 4477 uua
1939 4470 1950 4485 ,
1984 4411 1995 4425 ‘

281 4507 693 4620 fimfflmmmffl.
957 4499 962 4508 ’
1113 4499 1912 4588 εωώὴωωψώωωώωψω

231 4617 238 4630 ’
385 4630 414 4689 ·‘.
433 4616 657 4689 ccclxxx
700 4609 866 4677 Notamus
892 4598 978 4666 circo
1005 4593 1091 4663 bane
1113 4602 1257 4668 itionem
1277 4596 1425 4667 illicitam
1450 4627 1525 4671 eum
1545 4599 1630 4681 filio,
1655 4597 1708 4672 sed
1731 4628 1774 4673 ne
1791 4608 1911 4675 eodem

287 4717 525 4810 questionemt
562 4711 610 4803 r.)
637 4712 743 4794 Leges
770 4698 907 4779 civiles,
931 4690 1090 4797 earumve
1114 4722 1189 4765 curn
1206 4695 1276 4767 lilio
1289 4699 1441 4769 adulterii
1459 4700 1491 4767 dt
1505 4703 1644 4773 incestus
1659 4722 1752 4771 reatu
1767 4696 1833 4771 sese
1849 4700 1911 4773 ob·

275 4821 630 4905 junensem-negare
648 4808 809 4892 quidem,
836 4800 923 4883 qrmd
941 4794 1088 4862 adnnitos
1113 4801 1302 4885 stringeret.
1355 4804 1456 4868 Amos
1471 4807 1512 4872 ll.
1524 4825 1560 4881 7.
1614 4801 1667 4889 3.)
1683 4804 1759 4871 Nec
1771 4799 1910 4887 probari

287 4916 562 4992 extornicntione
576 4907 721 4982 oriatura
750 4900 883 4969 interior
903 4919 954 4961 mo
970 4921 1010 4961 en
1030 4900 1087 4962 mi·
1114 4902 1222 4981 pote-ll
1244 4896 1430 4967 constitutio
1454 4901 1511 4969 illa
1533 4897 1727 4988 pontificia,
1767 4898 1857 4994 quod
1877 4899 1912 4999 st

287 5019 382 5093 nime
397 5010 563 5089 uncini,
585 5010 675 5098 quoa
691 5000 738 5075 ob
753 5005 958 5072 booertotem
974 5019 993 5064 a
1014 4991 1089 5064 tali·
1112 5018 1186 5090 qun
1192 4995 1389 5092 priuignum
1396 4998 1451 5071 uel
1457 4998 1564 5072 olium
1573 5023 1617 5075 ex
1625 4997 1780 5093 cognatis
1787 4999 1914 5069 uxoris

1166 5097 1274 5185 223
1841 5096 1885 5194 ju
