4884 5984
606 468 669 540 ua
690 475 700 524 r
719 462 965 540 aamtvurs
1012 401 1350 538 uusaunouvu
1384 463 1749 570 pertruuntur
1940 487 2010 566 aar

351 665 395 765 est
404 657 509 759 saffo
523 662 644 738 mulier
656 665 756 753 viro,
777 662 924 762 adquae
939 663 1020 760 ergo
1036 661 1173 758 arljuro-
1196 661 1351 755 nupserat
1375 665 1580 742 exheredatis
1605 667 1743 743 liberis·
1778 671 1944 765 Augustas
1966 669 2011 747 si

353 765 444 839 mum
455 759 559 858 salia
574 760 644 865 est?
669 761 713 838 Si
731 764 882 864 utstrnul
900 773 1094 861 operaretur
1104 772 1171 834 ter·
1195 768 1333 861 nuptias
1359 767 1509 841 utulieris
1535 766 1575 844 si
1592 771 1816 870 teflurneulum'
1835 772 2007 868 irreproiu⁴

348 862 832 952 commonasterialium,
855 865 1098 960 utudjumento
1114 862 1170 934 uir
1193 867 1269 952 uir,
1297 892 1335 938 ac
1359 869 1497 949 dotem,
1523 872 1601 959 quia
1627 896 1694 942 non
1718 875 2004 960 procreandorum

351 963 542 1062 indigeret,
573 959 616 1037 si
626 964 661 1064 st
677 987 760 1060 olous
779 961 871 1063 effer,
894 966 1013 1042 arelius
1033 961 1169 1059 adjuro·
1192 964 1377 1038 liberorum
1409 963 1503 1040 causa
1534 966 1787 1051 intercesserat,
1821 975 1863 1043 ad
1894 976 2005 1047 virum

350 1066 439 1140 rium
461 1061 751 1161 masculusfirrel.
812 1062 891 1135 Hoc
910 1062 951 1138 si
975 1064 1018 1137 de
1033 1060 1166 1158 ferialia
1191 1067 1359 1153 pertinere
1374 1068 1491 1139 uoluit.
1516 1073 1688 1140 Suetonius
1703 1069 1829 1143 libr.ll.
1850 1080 2001 1161 cap.Vll.

351 1163 563 1264 llici=polesl,
581 1166 615 1263 st
627 1159 772 1262 sorlaffe
788 1162 991 1260 solitudinis
1010 1162 1163 1236 tudelae.
1189 1170 1245 1235 lV.
1263 1171 1307 1235 Ex
1326 1169 1492 1238 cousmrsui
1509 1170 1654 1239 oxnnium
1671 1168 1747 1262 sere
1757 1173 1907 1263 getulium
1923 1165 2002 1244 coes·

353 1259 497 1365 Quanto
513 1266 600 1337 enim
616 1266 851 1362 congnrerrtitsr
865 1265 913 1336 ad
927 1262 1103 1338 vivendum
1124 1257 1164 1333 fi
1180 1261 1353 1363 ,spissiorem
1379 1292 1449 1353 quu
1468 1309 1470 1316 ·
1475 1270 1555 1354 juris
1577 1268 1734 1339 naturalis
1761 1273 1927 1341 distamen
1948 1298 2002 1344 ar.

350 1366 598 1463 colloquendum
612 1362 678 1437 duo
700 1366 968 1463 assumpserim,
987 1387 1085 1460 quum
1109 1362 1164 1434 vir
1187 1367 1270 1454 guit.
1325 1364 1517 1438 Plutarchus
1545 1370 1579 1438 in
1602 1367 1723 1439 Solone
1750 1371 2001 1458 decrepitorum
2057 1431 2059 1436 .

348 1461 395 1541 fi
416 1465 542 1541 mulier
561 1462 780 1544 babitarent?
822 1468 924 1552 Atqui
948 1464 1013 1537 tale
1033 1467 1162 1550 adjuro.
1186 1459 1300 1535 senum
1324 1467 1454 1554 nuptias
1472 1488 1568 1536 vocat
1585 1464 1697 1562 α’ώρκς
1720 1465 1778 1541 anai
1801 1469 2000 1559 α’χαρὶςες,

348 1567 439 1640 uum
456 1590 525 1639 uon
546 1568 654 1655 potest
668 1564 858 1653 decrepitus
875 1562 968 1638 senex
992 1562 1045 1635 vel
1066 1558 1162 1635 effoe-
1184 1566 1291 1652 iisque
1317 1566 1379 1635 tria
1405 1560 1510 1637 deesse
1535 1568 1633 1635 dicit:
1660 1566 1780 1661 χάριν,
1806 1563 1908 1664 ’ἔργον
1929 1585 2001 1667 'yn'-

348 1688 382 1740 ta
400 1663 731 1751 vetulselteriparti
748 1669 913 1754 praeliare.
963 1664 1161 1736 Finisetiasu
1185 1664 1310 1754 μήλων
1330 1659 1385 1740 καὶ
1403 1664 1514 1750 τέλος.
1568 1661 1696 1736 ibidem
1714 1689 1894 1747 montosae,
1919 1673 2001 1739 l)io·

349 1767 502 1858 coniugii
531 1766 578 1838 est
602 1761 760 1837 libidinis
786 1764 1034 1866 exstinguendae
1061 1784 1162 1836 reme·
1186 1761 1310 1847 nyssam
1336 1766 1432 1835 matti
1459 1760 1581 1838 efflata
1605 1764 1753 1851 petenti,
1775 1786 1810 1835 ut
1826 1760 1856 1836 l‘e
1880 1770 1998 1840 marito

349 1863 454 1940 dium.
506 1866 568 1936 Sed
591 1889 653 1937 nec
674 1867 700 1935 is
722 1868 756 1935 iu
772 1868 1020 1954 decrepitorum
1045 1869 1160 1948 conju·
1184 1861 1282 1933 alicui
1301 1861 1473 1948 elocaret,
1503 1861 1730 1951 respondille,
1758 1861 1847 1958 leger
1869 1864 2000 1960 quasdem

351 1968 413 2057 giis
426 1965 539 2040 locum
556 1962 673 2044 babet,
693 1989 770 2036 cum
783 1989 900 2037 eorum
913 1964 1017 2040 libido
1036 1964 1069 2031 iu
1083 1985 1162 2032 con·
1185 1963 1340 2035 ciuitatis
1349 1985 1410 2058 per·
1426 1960 1636 2056 tyrannidem
1647 1959 1843 2060 lieverliffe‚
1855 1963 1996 2060 sednon

351 2065 435 2157 jogli
448 2059 508 2136 usu
525 2065 632 2154 magis
654 2065 806 2135 irritetur
827 2087 927 2152 quem
945 2061 1097 2148 sedetur,
1113 2080 1161 2130 at·
1182 2057 1394 2160 poffeiegem
1414 2073 1545 2135 nalttrae
1568 2059 1697 2134 violare
1720 2061 1795 2163 ipsa
1821 2066 1855 2136 in
1879 2067 1999 2139 mutri-

353 2167 411 2252 qui·
425 2161 657 2238 luxuriarum
673 2164 765 2234 omui
781 2164 878 2238 relati
892 2165 962 2234 lum
978 2158 1031 2233 vel
1048 2159 1161 2230 max-i·
1187 2162 1334 2233 monium
1356 2160 1570 2246 collocanda,
1598 2162 1658 2248 rsit
1682 2158 1823 2257 Φύσεως
1853 2163 1896 2242 tire
1917 2163 1998 2242 alvus

353 2259 782 2362 meseniiitterpifflmaest,
806 2287 843 2335 ot
856 2265 953 2334 docet
968 2254 1159 2349 responsum
1186 2254 1327 2340 durastis
1346 2254 1532 2358 ssloe‘s‘ffll·
1589 2264 1687 2349 Apud
1706 2266 1872 2334 comicum
1897 2267 1930 2334 iu
1954 2273 2001 2338 A.

356 2361 484 2454 Solonis.
493 2366 582 2454 apud
593 2363 794 2436 Ciceronem
807 2366 849 2435 de
863 2358 982 2434 senem.
1001 2359 1163 2448 Cumpri-
1186 2358 1317 2450 delphis
1339 2364 1431 2431 atius
1448 2366 1487 2432 V.
1510 2356 1595 2431 scen.
1612 2374 1646 2443 8.
1666 2360 1747 2432 dicit
1761 2364 1878 2434 Mitior
1909 2361 1999 2438 Pra-

354 2464 414 2536 mis
435 2488 520 2538 vero
534 2456 565 2533 'sr
597 2459 660 2532 fint
683 2464 838 2552 couJugia
862 2464 1001 2549 imparia
1025 2474 1060 2533 dc
1084 2461 1162 2528 ime·
1185 2457 1284 2544 uum,
1306 2458 1472 2556 ineptum,
1495 2454 1676 2555 absurdum
1696 2472 1794 2557 utque
1814 2460 2001 2535 alienuma

356 2561 485 2654 pulsa.
506 2557 587 2634 senis
604 2555 728 2633 scilicet
745 2586 823 2632 cum
840 2555 1019 2648 juvencula
1039 2555 1091 2630 sel
1111 2565 1163 2644 ju·
1187 2555 1336 2654 uilnsuu
1353 2557 1392 2655 se
1402 2556 1596 2653 sprituum,
1632 2582 1643 2630 ι
1662 2581 1767 2634 nourrs
1780 2561 1923 2635 maritus
1936 2563 1998 2636 aru

355 2666 444 2752 senis
465 2686 545 2734 cum
566 2659 696 2740 vetula,
715 2664 865 2751 grauiter
879 2658 1060 2747 periclitari
1082 2681 1164 2727 con·
1187 2683 1232 2732 no
1246 2656 1375 2731 demum
1389 2660 1505 2755 quinto
1530 2654 1571 2731 Θ
1608 2681 1673 2730 exa
1700 2662 1795 2756 efimo
1808 2663 1891 2760 fiat.

356 2755 460 2836 suerit
479 2758 674 2856 conjugalis
680 2758 788 2856 fides,
810 2784 910 2848 quam
927 2756 1033 2829 tribus
1046 2753 1164 2851 conja-
1242 2756 1308 2858 Est
1322 2760 1357 2831 in
1372 2759 1497 2834 canitie
1514 2683 1834 2850 ridiculosi'venus,

354 2863 401 2954 gii
425 2860 524 2934 bonis
545 2860 748 2949 Augustinus
773 2862 981 2931 adnumerat.
1040 2857 1094 2949 3.)
1119 2859 1166 2924 Ex
1190 2860 1298 2946 inquit
1313 2854 1415 2949 glossa
1430 2862 1512 2948 juris
1526 2860 1676 2930 canonici
1691 2884 1719 2931 c.
1740 2886 1817 2933 cum
1835 2863 1869 2933 in
1882 2871 2001 2951 Juven-

353 2959 440 3062 J'aris
453 2957 570 3035 ciuilis
585 2957 753 3056 decifione.
803 2964 893 3049 Lege
909 2954 997 3049 Julia
1013 2957 1050 3030 &
1067 2955 1166 3042 Papia
1190 2959 1379 3030 tute-verb.
1396 2954 1625 3047 frequentius,
1649 2961 1691 3030 de
1714 2955 1905 3055 presumpt.
1923 2986 2001 3035 cum

358 3063 416 3136 riri
427 3057 672 3158 sexagenarii,
696 3069 729 3132 &
748 3055 893 3130 soemiuae
915 3056 1166 3151 quinquagena·
1189 3083 1258 3148 quo
1274 3058 1431 3149 congruit
1444 3057 1527 3131 illud
1546 3058 1683 3129 Ovidii:

356 3158 415 3236 riae
428 3163 555 3250 nuptiae
569 3157 652 3232 olim
668 3155 761 3230 fuere
774 3155 971 3246 prohibitu,
993 3154 1015 3228 l.
1033 3152 1164 3243 penult.
1363 3153 1469 3254 Turpe
1480 3154 1605 3253 senilis
1627 3171 1734 3233 amor.

355 3257 398 3334 C.
409 3261 454 3334 de
466 3263 576 3346 Nupt.
626 3260 800 3349 Judicatur
813 3257 902 3328 enim
916 3258 1063 3327 viranuo
1076 3247 1165 3325 sexa·
1189 3260 1264 3329 Nec
1276 3257 1451 3346 est,{quod
1465 3251 1700 3337 addititiae,
1717 3255 1901 3334 Chaturam
1913 3251 2001 3337 auno

355 3357 479 3451 gestum
500 3361 543 3432 ad
562 3358 810 3447 generandum,
833 3353 954 3426 mulier
967 3376 1054 3425 anno
1067 3354 1177 3440 quia:
1189 3359 1290 3426 aetatis
1305 3356 1482 3428 ceutestmo
1495 3354 1745 3448 quadragtfimo
1758 3360 1919 3441 ducentis,
1933 3369 2003 3436 Ge.

355 3455 546 3552 quagesimo
572 3458 615 3528 ad
641 3457 897 3543 concipiendum
925 3478 993 3524 non
1021 3450 1164 3540 amplius
1189 3450 1370 3527 taesXXV.
1385 3450 2003 3552 velDoridis,Abisag—Sunamitidem

354 3557 492 3640 idonea,
511 3558 614 3628 ,unde
635 3577 748 3645 partus
763 3556 837 3645 post
852 3550 942 3624 illam
954 3573 1081 3624 atatem
1095 3551 1162 3623 edi·
1188 3580 1207 3626 a
1228 3553 1423 3642 proceribus
1441 3554 1498 3626 fibi
1518 3558 1714 3635 addudlam‚
1741 3580 1783 3626 ne
1800 3558 1835 3628 in
1852 3580 2003 3630 extremo

355 3677 404 3730 tus
419 3657 548 3730 dicitur
568 3652 759 3740 mirabilis,
788 3652 849 3725 l.s1
868 3660 986 3739 major.
996 3654 1043 3725 C.
1060 3646 1165 3722 dele·
1194 3656 1328 3742 quidem
1346 3649 1435 3725 senio
1455 3655 1658 3741 repudiantis
1673 3675 1691 3729 ,ι
1707 3658 1795 3746 Reg.
1806 3663 1830 3728 1.
1849 3656 2003 3748 exempla

353 3757 413 3848 git.
431 3753 577 3830 heredit.
601 3756 689 3842 quod
706 3777 817 3826 tanuen
837 3745 1036 3843 abrogatum
1059 3750 1170 3838 postea
1194 3750 1428 3842 proferantur,
1455 3754 1529 3840 quia
1549 3750 1597 3824 illi
1616 3756 1662 3823 vis
1683 3758 1865 3844 generandi
1882 3758 2004 3829 diviui-

355 3851 416 3928 fuir
439 3856 677 3947 eJuuiniano,
697 3855 773 3943 qui,
800 3877 877 3924 cum
895 3844 1170 3922 senatusconsulto
1196 3875 1249 3922 tus
1265 3849 1329 3922 fuit
1351 3853 1516 3931 restituta,
1544 3877 1620 3923 cum
1638 3877 1677 3923 tx
1692 3859 1768 3926 Sara
1790 3851 1933 3927 isaacum
1953 3851 2004 3928 su·

357 3951 543 4030 Claudiano
559 3965 626 4043 jam
647 3975 722 4025 ante
742 3961 794 4040 jus
815 3952 1007 4041 nuptiarum
1026 3950 1172 4022 maribus
1197 3946 1355 4040 stiparet,
1373 3949 1427 4022 hic
1437 3977 1593 4025 veronon
1608 3973 1673 4023 tam
1685 3957 1725 4026 ad
1736 3958 1884 4048 conjugii
1898 3952 2004 4037 usum,
2043 3951 2045 3956 ’

355 4047 576 4148 sengenflriis
598 4050 677 4125 esset
701 4057 835 4131 datum,
860 4053 947 4121 idem
975 4052 1010 4119 in
1029 4045 1174 4120 foemiuis
1199 4076 1297 4139 quatu
1320 4054 1359 4122 ad
1375 4053 1523 4139 corporis
1540 4047 1646 4123 senilis
1662 4054 1878 4127 ministerium
1902 4081 1939 4127 ac
1955 4053 2009 4127 fo-

355 4176 487 4244 quoquc
515 4151 626 4226 valere
641 4149 750 4240 juffit,
780 4152 951 4238 antiquam
972 4146 1056 4239 legis
1077 4145 1174 4238 Juliae
1199 4171 1348 4221 metitum
1374 4175 1445 4221 eam
1466 4150 1603 4222 admisu.
1665 4156 1774 4238 Atque
1794 4152 1865 4225 haec
1893 4164 1927 4227 ἀ
1947 4153 2010 4227 alia

358 4261 391 4328 δι
407 4254 520 4344 Papiae
535 4247 799 4324 observationem
824 4251 1005 4339 corrigens.
1028 4247 1051 4318 l.
1066 4245 1176 4332 Sanci·
1199 4271 1313 4320 contro
1336 4246 1448 4319 senum
1473 4252 1720 4336 decrepitorum
1743 4275 1781 4321 ac
1801 4251 2008 4339 capularium

356 4376 439 4424 mus.
458 4375 516 4442 ²7·
535 4353 577 4424 C.
602 4356 645 4423 de
666 4354 802 4438 nuptiis.
825 4347 1036 4434 l.s1.tnajor.
1061 4368 1111 4416 ra.
1131 4349 1172 4440 C.
1199 4349 1330 4435 nuptias
1356 4347 1399 4417 ab
1424 4342 1555 4417 Erasmo
1579 4351 1612 4419 iu
1636 4347 1714 4418 libr.
1740 4351 1781 4420 de
1803 4347 1913 4422 christ.
1935 4376 2007 4423 ma-

359 4452 400 4524 lle
412 4451 510 4544 legit.
522 4447 663 4524 heredis.
687 4449 853 4538 Ulpianus
870 4451 904 4517 in
916 4443 1036 4535 fragm.
1052 4445 1101 4515 tit.
1118 4453 1170 4518 16.
1192 4448 1334 4518 trimon.
1369 4448 1513 4532 Cyprao
1534 4451 1575 4518 tle
1591 4442 1764 4536 sponsalib.
1780 4471 1852 4538 cap.
1865 4456 1924 4523 lx.
1941 4454 2009 4543 Μ.

356 4550 391 4622 iu
408 4553 530 4642 prium·
571 4553 622 4621 ud
644 4548 753 4640 legem
776 4548 866 4618 illam
889 4548 1024 4634 Papiam
1044 4542 1173 4615 adludit
1199 4539 1345 4616 Arnisaeo
1357 4547 1398 4616 de
1414 4552 1474 4630 jur.
1497 4570 1592 4617 couu.
1611 4543 1737 4635 cap.ll.
1753 4551 1870 4636 lesia.
1889 4549 2008 4622 &aliis
2051 4587 2054 4592 ·

356 4649 544 4724 bisantius
558 4648 616 4720 lib.
627 4655 653 4722 1.
669 4650 768 4721 instit.
786 4673 857 4733 cap.
876 4654 926 4722 16.
942 4670 981 4715 ex
1002 4652 1123 4714 Seneca
1138 4646 1171 4712 iu
1197 4648 1288 4715 reiis
1307 4642 1533 4731 disputantur3
1560 4648 1694 4717 interim
1715 4668 1825 4717 tanuen
1849 4674 1925 4719 cum
1952 4675 2009 4721 ex·
2031 4687 2038 4698 ·

358 4745 449 4820 libris
471 4743 666 4820 moralibus
682 4744 908 4836 philosophia.
973 4737 1066 4837 Quid
1092 4764 1171 4836 ergo
1197 4739 1301 4832 pselli
1318 4741 1542 4830 prohibitione
1566 4748 1676 4815 diviua
1703 4743 1758 4815 hic
1774 4748 2010 4828 destituamur,

358 4871 375 4920 r
405 4845 570 4937 pinquit,
594 4869 695 4942 qttare
717 4844 810 4942 apud
824 4855 940 4940 poetar
947 4839 1172 4939 sarlaciffimtts
1201 4866 1343 4926 cumque
1368 4847 1516 4933 conjugii
1539 4845 1673 4915 ineundi
1693 4840 1795 4914 causat
1826 4856 1859 4918 δι
1885 4870 2017 4920 contra·

358 4849 488 5046 iipiler
501 4947 635 5044 defierir
649 4944 773 5020 liberos
790 4942 930 5018 tolno?
953 4938 1176 5038 ulrumsexa·
1202 4939 1354 5010 luentium
1372 4938 1587 5027 personarum
1605 4945 1810 5014 conditiones
1831 4955 1866 5018 δι
1886 4966 2020 5018 etatum
2149 4971 2154 4976 ·

355 5037 721 5145 gerariursalittsesl,
752 5040 792 5119 si
808 5043 860 5116 illi
880 5042 939 5116 lex
959 5039 1177 5140 Papiafibu·
1200 5035 1400 5110 differentiae
1430 5038 1612 5128 plurimum
1642 5043 1794 5118 varient.
1829 5067 1894 5114 nou
1916 5047 2026 5134 potest

357 5147 426 5224 lom
448 5145 640 5249 iutposuiti
662 5146 801 5238 Septicia
818 5142 940 5218 mulier
966 5140 1080 5216 effoeta
1106 5137 1174 5217 seni
1201 5138 1374 5233 generalis
1391 5140 1674 5236 quaedamregula
1690 5140 1745 5212 hic
1759 5137 1937 5231 praescribi.
1962 5193 1968 5200 -
