4884 5984
588 535 654 610 nr
699 525 965 614 consensus
1013 485 1276 622 urrunnun
1322 501 1638 626 n'ccrsstrnru
1829 527 1843 552 '
1941 543 2000 642 tt·
2111 563 2113 568 ¹

251 765 263 838 ss
286 738 405 822 tojure
418 730 514 808 civili
530 732 616 810 illud
630 734 794 810 decltrtri
801 736 927 825 debet,
943 763 1021 813 tum
1031 744 1121 813 Her·
1143 763 1312 840 nunquam
1321 740 1443 842 prostes,
1469 767 1504 820 tt
1524 750 1721 838 quondoque
1736 751 1843 839 poteil
1856 749 1980 826 omitti.

285 853 379 906 ntus
392 835 509 915 dicct,
538 836 628 932 seges
644 833 685 911 65
706 859 847 910 canones
862 834 922 935 effi
930 839 1066 932 fratres
1079 862 1121 912 uc
1144 841 1166 917 Ι.
1189 866 1241 934 ¹9·
1259 847 1302 917 de
1318 847 1375 917 rit.
1393 869 1488 938 nupt
1509 873 1571 920 nec
1587 846 1672 919 filius
1695 848 1807 924 furios
1832 851 1980 943 parentis

275 928 412 1029 sorores
440 944 585 1032 proptor
607 946 757 1010 mutuom
788 937 1013 1012 concordiam.
1068 948 1120 1029 4.)
1143 939 1243 1034 posfit
1261 944 1480 1033 contrahere,
1505 971 1583 1019 cum
1616 943 1756 1020 furiosus
1784 973 1853 1024 non
1875 939 1978 1038 pollit

281 1038 320 1105 ln
333 1035 480 1107 tddudn
498 1033 691 1109 authentica
708 1039 894 1130 imperator
911 1035 1060 1127 loquitur
1075 1042 1119 1112 dc
1143 1035 1340 1117 consentire.
1366 1041 1389 1118 Ι.
1419 1072 1439 1119 2
1446 1071 1476 1137 5.
1501 1048 1542 1120 C.
1568 1048 1610 1118 de
1635 1069 1731 1139 nupt.
1779 1058 1831 1140 7.)
1857 1043 1977 1149 Suasto

280 1131 507 1207 ecclesiasticis
522 1136 652 1209 delictis
670 1135 869 1209 clericorum
885 1162 949 1228 per
969 1135 1118 1211 eccless-
1143 1139 1289 1313 segisss
1305 1142 1345 1215 de
1362 1137 1514 1242 consensu
1527 1141 1696 1228 sorbendo,
1710 1148 1862 1248 institde
1878 1169 1976 1239 nupt.

279 1233 397 1307 ilicem
422 1234 583 1306 mutuam
604 1238 831 1327 corrigendis,
863 1241 906 1308 de
928 1236 1048 1328 quibus
1069 1237 1121 1308 ni·
1143 1251 1172 1336 ς.
1194 1263 1224 1315 ι.
1256 1244 1298 1313 ed
1318 1237 1419 1314 sunsit
1438 1265 1504 1315 non
1520 1245 1649 1316 inducit
1661 1243 1976 1339 necessitatem.l.7.
2104 1287 2111 1302 ι

279 1329 330 1403 hil
354 1336 598 1408 communicari
617 1332 688 1407 vult
705 1337 887 1426 provincie
902 1333 1120 1427 'praefidibut‚
1143 1344 1185 1414 de
1211 1339 1352 1432 legibus.
1429 1346 1492 1416 Sed
1522 1339 1572 1413 his
1592 1343 1784 1417 ratiunculis
1801 1341 1903 1419 solide
1923 1368 1978 1419 rt·

280 1455 360 1504 curn
384 1431 465 1508 talin
493 1431 706 1507 eccleiirslice
727 1437 908 1507 ereminrri
934 1457 1118 1526 oportent,
1142 1435 1307 1530 spondent
1323 1437 1499 1512 Aibericus
1518 1440 1659 1514 Gentilis
1673 1441 1806 1518 lib.1V.
1820 1448 1863 1518 de
1876 1464 1976 1535 nupt.

279 1526 463 1606 secuudum
492 1527 599 1604 secret
637 1536 825 1608 &dininas
850 1534 1012 1627 regultt',
1040 1536 1311 1626 pontolii&
1337 1533 1425 1627 seqq.
1450 1539 1645 1613 dorcholtus
1674 1546 1717 1614 de
1740 1542 1912 1635 grndibus.
1938 1567 1975 1631 p.

279 1633 382 1708 etiem
410 1633 634 1722 imperatorie
665 1632 757 1726 leges
797 1658 866 1706 non
895 1635 1121 1726 dedignentur
1142 1661 1204 1728 44.
1226 1648 1261 1715 dt
1281 1634 1370 1728 seqq.
1398 1640 1562 1711 Forslerus
1588 1642 1631 1710 de
1654 1663 1749 1731 nupt.
1774 1666 1848 1732 cap.
1874 1638 1976 1715 Vlll.

281 1726 398 1823 sequi.
423 1757 498 1831 quae
519 1731 624 1803 verbo
649 1734 831 1821 posteriore
853 1737 896 1805 ud
923 1736 1056 1824 regulos
1078 1735 1120 1804 tlt
1143 1762 1222 1830 pag.
1244 1761 1321 1830 ¹4²·
1373 1740 1529 1809 Hunnius
1549 1734 1681 1812 resolut.
1697 1742 1779 1827 jnrir
1792 1737 1880 1814 civil.
1896 1736 1976 1814 libr.

282 1831 496 1933 ecclesiastico
520 1828 704 1926 disciplina
728 1828 916 1921 respectum
939 1829 1121 1910 habentis,
1144 1837 1173 1911 Ι.
1189 1840 1284 1909 tract.
1300 1861 1334 1931 3.
1349 1862 1382 1926 q.
1405 1857 1460 1921 η.
1510 1839 1633 1911 Emori.
1653 1837 1885 1913 cothmanus
1897 1863 1977 1912 con-

282 1927 1120 2122 iiiii‘li‘iiiiisiff'iii'iiiliilaiiii
1144 1932 1761 2128 il.{·i·.n⁰3;?‘.⁸.'>¹¹n?.¹;‘il⁰s⁸t
1784 1935 1978 2126 ..lilii

282 2129 463 2211 enthrmr,
486 2129 648 2219 quidquid
660 2156 704 2222 'ex
723 2128 851 2222 papalis
872 2131 1016 2221 pectoris
1041 2124 1119 2199 scri·
1141 2160 1182 2208 er
1205 2131 1360 2233 legitimo
1378 2131 1532 2232 consensu
1556 2159 1654 2223 orta,
1680 2161 1714 2207 st
1740 2134 1813 2207 tuiis
1839 2159 1906 2208 non
1930 2135 1979 2210 cll

282 2232 336 2304 nio
353 2253 491 2322 quoquo
510 2232 616 2301 modo
640 2233 813 2320 prodierit.
878 2232 932 2322 5.)
954 2228 1119 2301 Lutherus
1140 2232 1326 2310 liberorum
1357 2235 1623 2307 contrahentium
1654 2228 1827 2307 ‘consensus
1855 2257 1978 2325 puren-

282 2349 364 2406 tom.
385 2331 436 2403 V.
455 2335 532 2421 Jen.
556 2334 673 2404 Germ.
698 2355 777 2423 ptg.
800 2351 882 2421 257·
900 2332 1018 2409 docet,
1043 2322 1119 2399 sub·
1141 2354 1214 2406 tunt
1236 2328 1394 2408 consensu
1410 2336 1593 2409 destitutus.
1648 2335 1762 2414 Adde,
1783 2336 1876 2431 quod
1895 2327 1978 2405 desi-

279 2425 467 2504 rniffioucm
488 2427 580 2501 illam
596 2428 724 2517 politici
737 2430 947 2520 magistratus
961 2422 1024 2501 effe
1041 2446 1119 2498 coa-
1141 2435 1276 2507 niantur
1295 2432 1419 2522 nuptiae
1445 2434 1479 2504 in
1501 2411 1653 2524 genere,
1693 2458 1761 2504 non
1779 2453 1892 2504 tutent
1915 2455 1980 2503 nu·

281 2527 422 2617 Binum,
448 2523 508 2628 effi
523 2538 642 2602 contro
662 2523 775 2600 Deum
806 2523 848 2602 &
875 2524 934 2625 tsi
951 2525 1117 2622 pernicio·
1141 2535 1219 2623 ptiae
1248 2529 1538 2605 filioruml'nmiliss
1562 2534 1596 2602 in
1623 2524 1739 2620 specie.
1791 2536 1867 2623 Jtnr
1896 2551 1999 2603 rtro-
2126 2529 2135 2548 ⁴

532 2623 624 2727 sunt.
685 2634 796 2719 nsque
825 2627 894 2698 haec
927 2625 1118 2698 Bellotmini
1140 2657 1208 2705 non
1235 2634 1279 2705 td
1304 2632 1479 2712 omniunt,
1521 2626 1577 2703 scd
1607 2626 1791 2703 liberorum
1816 2632 1977 2702 duntmt
2099 2674 2109 2700 ι

287 2741 496 2813 &romsco-
542 2731 696 2817 exceptio
724 2733 781 2802 est.
833 2731 957 2803 Anten.
973 2724 1118 2797 Guiber-
1140 2732 1272 2822 nuptias
1292 2725 1449 2821 paternus
1468 2724 1639 2803 consensus
1668 2731 1858 2832 requiritur.
1928 2725 1979 2815 b.)

336 2828 432 2914 sm·
548 2851 601 2902 tus
617 2815 844 2901 Colimusllb·
863 2823 931 2916 Lq-
946 2826 1029 2914 juris
1047 2848 1118 2895 me·
1141 2831 1351 2904 Metritnonii
1370 2829 1505 2904 libertos
1526 2854 1594 2901 non
1612 2826 1742 2900 tollitur
1757 2854 1819 2917 per
1840 2822 1977 2900 consen·

276 2916 279 2920 ⁴
545 2952 632 2999 mor·
653 2953 682 2999 c.
698 2926 781 2999 Xll.
808 2925 953 3016 probare
972 2925 1089 2995 nititur
1107 2969 1120 3003 ι
1142 2926 1192 3001 sus
1212 2931 1344 3019 paterni
1361 2926 1610 3015 necesiitttetn,
1638 2927 1715 3015 quir
1739 2952 1818 2999 vern
1840 2926 1977 2998 libertas
2112 3019 2115 3030 .

231 3065 234 3128 ;
286 3052 327 3103 ne
342 3029 481 3118 quidem
505 3025 542 3098 in
564 3036 638 3115 jure
664 3025 754 3098 civili
779 3048 957 3116 parentum
982 3017 1119 3096 consen·
1141 3030 1188 3104 esi
1203 3028 1272 3121 legi
1290 3030 1409 3100 divine
1437 3023 1585 3114 obsequi.
1647 3035 1694 3121 c.)
1720 3025 1977 3098 Mttrimoniunr

231 3187 239 3210 .
286 3127 351 3202 firm
375 3131 412 3199 in
433 3127 561 3213 nuptiis
578 3126 810 3199 contrahendis
832 3127 947 3216 exigi:
981 3122 1118 3212 [nquit
1142 3130 1279 3200 nonest
1303 3124 1476 3217 publicum
1499 3121 1677 3205 offitium,
1710 3119 1764 3196 sed
1787 3127 1978 3196 contruditur

286 3227 438 3329 definitio
471 3225 683 3299 matrimonii
712 3248 778 3298 non
795 3223 892 3319 fucit
923 3222 1118 3296 mentionem
1142 3223 1254 3301 solunt
1273 3227 1435 3316 privatus.
1484 3224 1539 3317 d.)
1566 3226 1599 3298 si
1622 3245 1716 3313 pater
1731 3225 1838 3314 potest
1857 3244 1978 3296 votum

245 3389 249 3396 .
285 3323 455 3427 consensus
469 3326 616 3420 paterni.
631 3326 655 3400 Ι.
679 3347 707 3397 1.
728 3330 771 3398 de
793 3328 848 3396 rit.
870 3345 966 3413 nupt.
982 3343 1120 3395 tumtr·
1141 3324 1217 3399 iilic
1232 3329 1374 3399 reddens
1393 3327 1538 3408 irritum,
1546 3325 1652 3398 Num.
1660 3330 1768 3396 XXX.
1778 3323 1893 3410 utique
1909 3318 1979 3396 sine

231 3489 233 3494 .
285 3454 358 3504 men
380 3423 535 3504 definitio
563 3424 721 3498 evolvere
743 3424 863 3497 debent
881 3425 1019 3503 omnio,
1044 3445 1118 3509 quc
1141 3434 1212 3517 ejus
1229 3419 1386 3498 consensu
1405 3422 1473 3502 filit
1495 3448 1562 3500 non
1581 3424 1689 3511 potest
1705 3423 1838 3514 ingredi
1863 3446 1980 3498 mont·

231 3557 234 3584 ι
285 3525 342 3602 sub
362 3522 511 3602 definito
524 3527 747 3597 continentur.
770 3522 792 3596 Ι.
823 3550 850 3597 ι.
876 3537 904 3611 ς.
924 3520 1052 3594 dolum.
1074 3523 1118 3591 de
1142 3526 1288 3598 slerium.
1339 3535 1380 3616 e.)
1397 3523 1496 3598 Aliud
1512 3524 1558 3595 en
1573 3518 1719 3593 violento
1739 3518 1978 3600 cocciimnliud

285 3629 346 3704 dui
361 3625 443 3699 mci.
496 3622 552 3719 ι.)
579 3625 671 3718 Quis
686 3624 906 3696 matrimonio
924 3617 1042 3695 debent
1058 3613 1119 3717 effe
1141 3642 1280 3715 potesne
1295 3622 1448 3696 voluntas
1476 3633 1513 3699 δι
1544 3615 1656 3692 suasio.
1717 3616 1768 3714 s.)
1794 3617 1977 3690 Habendut

284 3726 409 3812 ubero,
432 3744 499 3797 nec
509 3723 649 3819 pendere
660 3721 708 3795 ab
729 3722 840 3795 alieno
854 3719 1011 3796 arbitrio.
1024 3719 1046 3792 l.
1061 3741 1116 3808 14.
1140 3717 1313 3798 consensus
1328 3724 1452 3813 putris,
1484 3719 1507 3795 fi
1536 3741 1632 3810 poter
1655 3713 1725 3809 ipse
1749 3714 1976 3832 hslnetutprt
2058 3781 2062 3788 .

231 3901 233 3906 ,
281 3829 321 3904 G
335 3829 382 3901 dc¹
394 3846 494 3914 nupt.
518 3845 552 3895 rt
573 3824 786 3895 matrimonio
799 3848 867 3895 non
884 3819 1026 3910 amplius
1042 3811 1284 3896 sunt-furiosus
1313 3849 1380 3894 non
1400 3817 1465 3895 else
1488 3818 1698 3913 intelligitur.
1721 3816 1743 3888 Ι.
1774 3841 1829 3901 ¹7·
1857 3819 1900 3888 de
1924 3840 1977 3890 tn·
2034 3839 2037 3848 ·

252 3921 413 4012 ἶΙίΙηι-ι,
449 3921 672 4011 fiporentum
704 3917 896 3996 consensum
923 3919 1117 4010 postulent.
1139 3930 1205 4012 jur.
1254 3917 1311 4019 g.)
1331 3917 1489 4018 Vissegir
1507 3939 1574 3992 non
1596 3920 1640 4022 est
1656 3918 1693 3992 in
1703 3910 1898 4015 suadendo,
1913 3909 1978 4013 sed
2017 4007 2019 4012 .

231 4073 234 4082 ·
283 4029 359 4126 pic
372 4019 459 4099 nesse
474 4022 716 4108 nonoreditur,
739 4023 798 4119 qni
816 4017 1003 4117 obsequitur
1015 4019 1118 4116 impe-
1142 4018 1356 4119 imperandos
1379 4019 1562 4114 ergo-dum
1579 4018 1684 4095 verbo
1699 4015 1831 4106 suadet,
1855 4040 1893 4089 re
1906 4011 1977 4108 ipse
2059 4037 2063 4056 ·

250 4185 255 4194 .
282 4129 331 4204 oio
346 4123 480 4225 putris,
497 4118 551 4196 vel
565 4119 706 4196 domini.
727 4121 752 4195 l.
769 4120 865 4194 Velle
881 4122 923 4192 de
936 4123 981 4194 tt.
995 4124 1029 4211 J·
1069 4120 1119 4206 3·)
1141 4125 1295 4221 imperat.
1312 4119 1334 4194 Ι.
1355 4143 1408 4206 17.
1422 4121 1465 4200 de
1480 4121 1534 4191 tit.
1551 4138 1646 4209 nupt.
1671 4141 1709 4192 tc
1731 4114 1875 4191 verbum
1891 4112 1978 4213 snu-

283 4221 522 4302 Fd'tussamilirs
547 4223 583 4292 in
606 4221 749 4311 publicis
769 4217 870 4292 tausis
891 4242 955 4311 pro
974 4214 1121 4310 petrefo-
1141 4218 1244 4304 dentis
1255 4221 1290 4292 in
1306 4218 1438 4313 legibus
1459 4214 1618 4311 significor
1630 4218 1828 4309 imperium,
1852 4210 1877 4289 Ι.
1896 4239 1932 4289 ιι
1942 4239 1976 4309 5.
2108 4267 2112 4286 .

284 4323 390 4402 milies
409 4321 563 4396 hebetur.
579 4320 602 4395 Ι.
620 4319 810 4392 filiusfamil.
832 4320 875 4391 de
896 4318 956 4398 his,
970 4320 1026 4406 qui
1044 4314 1119 4389 sunt
1143 4326 1184 4396 de
1198 4317 1338 4412 legibus.
1389 4316 1488 4398 Plura
1505 4318 1680 4398 videantur
1703 4316 1793 4407 rpud
1813 4313 1978 4406 iuriscon-

238 4489 242 4504 ,
284 4423 339 4502 sui.
389 4416 449 4496 At
464 4417 683 4517 nupciaesnns
695 4419 787 4520 juris
808 4415 956 4514 publici,
981 4415 1003 4488 Ι.
1026 4439 1054 4490 ι.
1078 4412 1115 4487 ff.
1142 4416 1253 4499 sultos.
1586 4471 1589 4478 .
1931 4508 1939 4523 .
2100 4515 2102 4522 Α

284 4521 377 4602 solut.
415 4525 563 4594 matrim.
638 4522 697 4615 4.)
734 4518 928 4594 Monosttrii
956 4511 1118 4607 ingressus
1212 4533 1240 4607 ς.
1259 4521 1412 4591 vam.
1442 4519 1551 4605 Atque
1564 4511 1634 4589 lnaec
1643 4509 1717 4588 sunt
1767 4505 1976 4606 IV.)Estpn·

285 4644 500 4715 computetur
524 4620 748 4692 matrimonio.
798 4623 846 4690 At
857 4613 1118 4718 filiusfamilias
1142 4618 1309 4709 precipua
1325 4626 1360 4691 dc
1377 4614 1574 4708 principalia
1588 4610 1718 4691 sentcn-
1777 4608 1812 4653 '‘
1827 4609 1974 4658 ‘mm'

283 4727 386 4826 ptest
415 4724 455 4796 in
475 4707 672 4794 'coenobium
696 4715 844 4815 secedere
871 4718 943 4817 stne
963 4711 1117 4812 consensu
1143 4720 1195 4790 tie
1219 4719 1335 4789 nostru
1358 4711 1600 4796 fundumentt',
1628 4712 1810 4806 sequuntur
1834 4728 1902 4809 jem
1929 4713 1979 4794 se·

327 4827 406 4901 nis.
423 4822 447 4895 Ι.
469 4813 634 4908 Deo.'5o.
654 4835 681 4912 §.
700 4818 764 4890 hoc
780 4819 892 4890 etiam.
917 4820 959 4891 C.
980 4819 1022 4888 de
1046 4817 1117 4905 cpi·
1142 4819 1300 4891 cundtris
1322 4825 1356 4888 dt
1384 4820 1492 4890 minus
1521 4814 1731 4905 principalia.
1806 4815 1976 4918 Quartam

300 4909 370 5018 cop.
397 4932 434 4997 &
450 4920 589 4992 clericis.
641 4924 731 5008 Ergo
743 4920 845 4989 etiam
857 4938 1000 5004 ,uxorem
1016 4918 1116 4987 duce·
1141 4919 1231 4990 enim
1260 4939 1536 5005 argumentorum
1559 4911 1691 4986 classem
1716 4918 1910 4990 deducimus
1936 4944 1977 4992 ex
2021 5001 2024 5008 .
2063 4947 2071 4960 ·
2137 4981 2141 4990 .

269 5025 330 5101 'ne
382 5031 438 5114 5.)
465 5013 580 5092 Filius
597 5035 663 5090 non
680 5019 781 5117 potejl
808 5017 887 5113 cogi
910 5013 957 5087 nd
978 5014 1120 5110 religio·
1139 5020 1216 5113 jure
1243 5014 1411 5087 curionico.
1493 5015 1658 5108 Quamvis
1680 5016 1771 5086 enim
1804 5019 1978 5093 canonisiae

277 5149 368 5200 ,nrm
418 5125 511 5212 Ergo
531 5142 592 5191 nec
608 5123 647 5194 nd
668 5119 811 5206 nuptias.
865 5121 914 5200 6.)
941 5109 984 5187 Si
1000 5137 1122 5211 poren-
1145 5113 1298 5206 plerique
1322 5136 1437 5186 omnes
1456 5118 1490 5185 in
1509 5136 1583 5185 eom
1610 5120 1730 5186 obeunt
1751 5111 1977 5193 senteutiam,

291 5237 354 5305 nm
379 5214 555 5312 consensor
572 5212 748 5320 nrteffinio
765 5216 994 5320 requireretur,
1008 5206 1344 5316 omissixtoniensum
1373 5236 1553 5309 pomorum
1578 5213 1616 5290 in
1650 5214 1773 5308 nuptiis
1794 5212 1980 5294 liberorum

337 5308 442 5404 Tom.
462 5315 554 5399 XV.
1200 5316 1229 5394 L
1412 5429 1414 5436 Ι
1816 5309 1988 5422 ,wluin
2134 5355 2137 5362 ·
