4884 5984
240 4753 251 4840 l

349 491 369 550 -·
471 495 595 575 *ua
646 485 876 577 chrunus
925 483 1189 577 ononimus
1239 504 1293 577 nt
1340 496 1457 598 Jvne
1508 507 1693 587 utvmot
1869 500 1941 588 'aar

275 695 410 794 junget,
457 703 581 793 Neptis
598 661 687 775 enim
708 698 818 797 phrasi
840 698 994 775 hebraica
1010 702 1094 776 dici.
1118 705 1152 778 id
1170 705 1237 784 eil,
1262 706 1352 796 quod
1370 727 1465 797 patet
1483 716 1518 781 &
1536 704 1621 779 filiur
1637 730 1713 778 cum
1728 727 1793 777 una
1807 706 1942 780 eadem·

231 831 233 838 ·
277 797 449 897 turfisiu,
476 800 548 899 jam
569 827 650 874 vero
671 825 744 890 qua
762 804 848 893 patri
867 826 930 892 pro
951 798 1036 883 filia,
1056 829 1095 876 ea
1118 831 1185 896 que
1200 802 1337 877 furmina
1354 802 1533 879 incestuose
1549 808 1721 878 commixti
1738 800 1883 893 suerint,
1903 807 1939 882 id

231 929 249 964 .·
276 898 383 988 patris
397 894 469 972 silio
482 905 571 975 redde
583 896 736 975 censetur
748 925 813 991 pro
828 897 999 981 sorore,ac
1014 923 1096 992 pro·
1119 908 1209 995 quod
1218 929 1258 977 ex
1272 903 1501 993 nemphatico
1514 909 1548 976 in
1557 931 1639 979 rote
1651 924 1774 998 ,⁸1¹¹an
1785 910 1937 1000 adparet.

274 994 727 1088 inde-,quandonaditatem
741 998 967 1099 filiaeuxoris
980 1001 1096 1099 putris
1120 1010 1222 1077 Lxx.
1252 1000 1338 1101 πρὸς
1365 1006 1425 1083 rrir
1453 1001 1560 1083 aritrlr
1587 998 1782 1086 nahmi.
1848 1001 1940 1094 Chy-

274 1095 339 1168 Μ’
353 1095 506 1195 detegere
521 1099 725 1190 prohibeor,
747 1123 885 1192 neptem
902 1104 1014 1173 uxoris
1034 1127 1096 1192 pa·
1122 1126 1221 1176 traeus
1239 1106 1274 1174 in
1289 1126 1411 1176 comm.
1431 1108 1537 1175 levit.
1556 1111 1678 1178 lell.
1698 1100 1823 1193 refert,
1849 1103 1937 1182 hane

231 1225 233 1230 ·
274 1195 332 1267 tris
349 1199 439 1284 mei,
461 1198 525 1272 hoc
539 1202 586 1273 est
602 1221 737 1289 neptem
751 1225 790 1273 et
808 1225 951 1273 noverca
968 1227 986 1272 a
1000 1223 1096 1290 patre
1121 1203 1233 1295 legem
1249 1227 1290 1287 ex
1306 1205 1455 1275 Levitico
1472 1206 1647 1276 araneum
1663 1209 1702 1276 ad
1718 1203 1849 1299 gradus
1861 1228 1939 1278 cort·

231 1309 235 1368 ζ
275 1315 349 1368 meo
374 1289 558 1388 susceptam
582 1302 706 1372 ducere
731 1298 933 1389 prohibeor,
964 1326 1029 1390 qua
1054 1304 1096 1375 de
1113 1300 1390 1402 sanguinitatis,
1414 1310 1508 1390 cujus
1528 1297 1693 1375 sententie
1709 1300 1771 1376 suar
1787 1307 1938 1394 quatrivir

231 1439 234 1504 ἐ
275 1415 311 1467 te
325 1393 365 1468 in
383 1398 617 1486 questionibus
635 1397 733 1488 plura
751 1392 939 1486 sequentur.
1120 1429 1189 1476 non
1204 1400 1354 1494 adfigoet
1373 1400 1517 1489 aliquam
1534 1407 1716 1488 rationem,
1744 1426 1937 1479 tamennon

574 1507 605 1593 §.
623 1499 824 1573 cctxvu.
849 1503 956 1591 Leges
973 1494 1097 1590 specia-
1122 1505 1227 1578 videri
1244 1497 1347 1575 debet
1362 1498 1461 1591 plane
1476 1496 1637 1583 absurda,
1660 1506 1736 1591 quia
1748 1528 1809 1593 per
1824 1507 1938 1578 matri·

231 1605 233 1652 τ
274 1587 339 1688 Π.)
359 1593 485 1680 Ingra-
534 1596 582 1671 les
602 1599 644 1670 de
659 1594 849 1696 adfinitate.
886 1600 999 1670 Primo
1018 1597 1093 1672 loco
1121 1599 1303 1676 monialem
1319 1597 1474 1692 copulam
1492 1624 1636 1673 noverca
1653 1626 1731 1674 cum
1747 1625 1844 1693 patre
1859 1628 1936 1681 meo

231 1747 234 1760 .
272 1673 385 1794 issi*
397 1675 478 1771 adst·
529 1698 913 1794 ponituruxorpatris,
932 1723 1091 1777 noverca.
1117 1700 1358 1796 fitunaeiro,
1377 1710 1411 1774 δι
1427 1698 1543 1785 liberi,
1565 1702 1623 1789 qui
1640 1725 1680 1773 ex
1697 1704 1858 1795 conjugio
1874 1729 1934 1793 pa·

231 1801 233 1806 '
273 1762 490 1922 {We-‘⁰¹34
535 1793 739 1870 Nudidutem
761 1798 882 1871 uxoris
906 1797 1019 1893 patris
1041 1798 1093 1870 tm·
1117 1804 1226 1876 tris&
1243 1821 1396 1872 novercae
1412 1792 1609 1884 nascuntur,
1629 1793 1703 1872 sunt
1720 1806 1785 1874 mei
1798 1801 1935 1879 consen·

346 1919 420 1980 ens,
533 1920 600 1971 non
616 1895 800 1984 revelabis,
826 1895 965 1970 nuditas
975 1898 1092 1994 patris
1116 1897 1250 1993 guinei,
1277 1893 1933 1979 fratresscilicetuteriniacsororesmeae

294 2011 302 2048 ¹
521 1999 595 2074 ‘dur'
613 1995 698 2095 ipsa.
717 2002 797 2071 Lev.
814 2003 939 2070 xvlu.
960 2014 993 2083 3.
1027 2001 1090 2069 Pet
1115 1995 1275 2081 ute'rinae,
1307 2000 1389 2087 quin
1408 2006 1443 2071 δι
1463 1994 1569 2070 filialis
1590 2002 1778 2074 reverentia
1798 2003 1932 2078 videtur

273 2107 410 2180 uramur
423 2099 527 2188 patris
539 2097 684 2191 intelligi
699 2093 804 2186 pollet
817 2100 916 2169 etiam
929 2120 1090 2189 germana
1112 2101 1305 2189 requirere,
1332 2119 1370 2169 ut
1391 2120 1590 2177 novercam,
1612 2120 1685 2185 que
1702 2101 1736 2171 in
1753 2102 1866 2174 matris
1882 2101 1932 2178 lo·

273 2194 1090 2288 mater3sicutquidamaccipiunthancperiphra·
1112 2223 1189 2271 cum
1207 2196 1371 2277 succedit,
1392 2220 1459 2266 non
1473 2219 1537 2286 pro
1552 2190 1653 2268 adfini
1668 2196 1827 2288 habeam,
1852 2225 1931 2279 eum

273 2292 319 2368 siu
336 2309 379 2370 νζ
398 2318 454 2374 rr.
507 2290 710 2371 Nuditadrm
722 2293 815 2395 filice
834 2295 956 2369 uxoris
974 2295 1089 2391 putris
1112 2323 1209 2372 nona
1221 2296 1325 2369 latere
1340 2319 1395 2366 me
1411 2296 1580 2388 adtingat,
1595 2292 1704 2385 sicque
1718 2301 1760 2371 ad
1775 2297 1858 2375 fines
1870 2328 1932 2397 ag.

274 2394 342 2477 tui,
365 2417 441 2493 με
457 2397 575 2514 ¹genita
594 2400 639 2499 est
659 2406 792 2493 upotrr
810 2404 885 2482 duo,
912 2418 980 2468 non
998 2418 1088 2469 reur-
1111 2396 1253 2470 nationis
1269 2419 1351 2467 mear
1365 2397 1517 2476 accedat,
1544 2390 1646 2466 sedin
1664 2395 1785 2471 lineam
1801 2404 1930 2478 reddam

273 2493 488 2596 salman
499 2495 604 2596 soror
620 2507 680 2571 tua
698 2493 792 2594 ipsa,
816 2498 849 2568 id
865 2496 943 2575 est,¹
954 2520 1088 2587 germa·
1110 2493 1365 2570 adscendentem
1390 2516 1453 2581 pet
1469 2494 1719 2568 matrimonium
1738 2522 1929 2592 cooptetur,

272 2623 346 2672 uem
363 2619 457 2671 tuam
472 2595 640 2679 sororem,
666 2623 738 2686 quar
755 2606 789 2671 de
806 2597 957 2684 patris&
973 2597 1086 2668 matris
1110 2605 1146 2673 δι
1160 2618 1238 2668 cum
1254 2616 1350 2684 patre
1364 2616 1441 2665 meo
1456 2616 1520 2664 um
1533 2616 1613 2664 caro
1630 2588 1716 2668 fasta
1734 2620 1841 2673 mater
1853 2625 1930 2675 mee

271 2691 423 2787 respestu
435 2691 531 2770 soror
542 2701 675 2777 tuaest,
696 2720 764 2767 non
777 2697 878 2767 duces
887 2696 1085 2779 inurarem,
1109 2693 1183 2776 fiat,
1207 2697 1298 2768 ande
1321 2695 1422 2765 etiam
1450 2688 1636 2763 honorifico
1656 2696 1771 2779 matris
1792 2700 1929 2774 nomine

272 2820 389 2870 cumr.
403 2823 440 2890 9.
465 2799 591 2870 mentio
606 2793 709 2869 fuerit
722 2791 809 2868 fasta
822 2789 942 2865 sororis
957 2816 1086 2886 agnatae
1109 2792 1342 2885 compellatur.
1393 2793 1689 2893 Quemadmodum
1707 2796 1811 2887 igitur
1828 2795 1927 2889 supe.
2011 2891 2015 2898 .

272 2898 482 2980 deuterium,
510 2898 627 2983 idest,
654 2920 728 2984 quae
749 2892 803 2967 rel
821 2894 925 2982 patris
944 2915 1085 2978 tautum,
1109 2895 1178 2966 rius
1198 2895 1409 2976 monuimus,
1437 2891 1671 2982 cognationem
1688 2898 1829 2985 proprie
1846 2922 1927 2987 per.

275 2991 328 3070 rel
346 2997 462 3069 matris
482 3016 612 3068 tantum
634 2989 788 3084 respediu
805 2986 899 3065 soror
914 2993 971 3066 eli.
1022 2996 1085 3066 Sed
1110 2991 1225 3067 tinere
1238 2995 1281 3065 ad
1306 2988 1535 3070 collaterales,
1562 3012 1630 3061 non
1654 3012 1765 3066 autem
1787 3000 1828 3070 ad
1848 3020 1927 3084 eos,

268 3121 349 3183 ,com
365 3123 399 3170 v.
414 3121 450 3192 7.
467 3091 615 3186 expresse
631 3091 816 3185 prohibitio
833 3116 1002 3186 germane
1016 3116 1086 3164 ma·
1109 3096 1168 3183 qui
1190 3111 1369 3183 parentum
1397 3114 1436 3162 ac
1463 3085 1611 3161 filiorum
1639 3087 1751 3164 lucum
1776 3096 1811 3166 in
1838 3095 1928 3172 linee

274 3198 330 3270 tris
355 3191 582 3287 precesserit,
620 3196 696 3265 ideo
718 3217 780 3282 per
806 3215 948 3266 uxorem
968 3191 1086 3292 putris
1108 3195 1199 3266 reita
1216 3211 1399 3282 occupant,
1425 3191 1471 3260 ita
1487 3212 1620 3276 quoque
1638 3186 1702 3263 hoc
1720 3191 1795 3266 loco
1811 3197 1928 3269 dieen-

274 3324 304 3371 v.
322 3310 355 3385 8.
380 3298 504 3368 restiur
517 3291 718 3387 intelligitur
731 3316 893 3379 noverca,
911 3317 978 3381 quo
993 3286 1084 3363 sensu
1108 3295 1191 3365 dum
1214 3288 1323 3376 foret,
1358 3284 1563 3362 adfinitatem
1590 3294 1728 3379 proprie
1756 3296 1929 3383 pertinere

272 3398 367 3472 etiam
376 3398 555 3468 commode
563 3396 671 3483 accipi
681 3394 789 3481 potest
803 3418 836 3463 v.
853 3413 906 3464 ιι.
925 3415 963 3462 ut
977 3389 1016 3463 stt
1031 3416 1084 3463 re·
1107 3394 1149 3463 ed
1167 3387 1390 3471 collaterales,
1415 3411 1482 3460 non
1499 3407 1609 3458 autem
1625 3391 1667 3461 ad
1683 3416 1758 3477 eor,
1783 3396 1841 3483 qui
1862 3417 1926 3485 per

271 3495 386 3586 petitio
398 3491 635 3585 prohibitionis
653 3519 685 3565 v.
698 3518 735 3583 9.
753 3491 947 3582 proposita,
964 3515 1084 3580 quam·
1109 3492 1360 3564 matrimonium
1369 3491 1404 3559 in
1416 3506 1595 3577 parentum
1609 3512 1647 3558 ac
1659 3485 1804 3564 filiorum
1814 3490 1927 3568 locum

271 3597 317 3669 r'u
335 3594 473 3685 quidem
492 3588 632 3693 defilia
651 3608 799 3665 novercae
814 3617 855 3664 ex
874 3589 941 3663 alio
962 3591 1085 3662 marito
1106 3589 1143 3661 in
1156 3587 1244 3662 linea
1257 3593 1349 3661 reda
1361 3582 1550 3660 succedunt.
1600 3590 1662 3659 Sed
1678 3588 1741 3663 hac
1756 3593 1798 3662 de
1814 3615 1851 3663 re
1865 3593 1924 3681 pie

271 3702 628 3784 &nonexprtremeo
644 3687 893 3782 suscepraehanc
906 3689 1017 3782 legem
1029 3713 1085 3760 ex·
1106 3690 1231 3762 eruditi
1254 3685 1352 3760 latiur
1372 3688 1539 3779 cogitent,
1577 3680 1709 3761 fienim
1729 3689 1924 3781 generalem

269 3811 422 3887 ponent,
459 3815 525 3866 von
548 3789 744 3891 zusammen
770 3786 971 3882 gebrucitrn
995 3782 1085 3860 Kin·
1107 3784 1286 3861 adfinitatis
1305 3784 1558 3872 definitionem,
1583 3788 1673 3874 quod
1694 3787 1733 3862 stt
1751 3788 1954 3864 vinarium

271 3893 434 3982 demam
446 3889 585 3974 inferius
600 3893 799 3968 videbimus.
838 3890 1085 3982 conjungenda
1107 3883 1328 3987 personarum
1348 3910 1415 3960 noa
1428 3910 1492 3984 prr
1510 3882 1680 3960 carralem
1697 3892 1926 3988 propagatio·

271 3991 388 4078 hioell
406 3991 492 4085 legia
510 3991 608 4082 hujus
627 3992 807 4084 repetitio,
833 3993 1009 4080 eidemque
1028 3991 1086 4060 ad·
1111 4014 1203 4075 nem,
1220 3983 1285 4085 sed
1299 4011 1359 4086 per
1369 3987 1652 4061 matrimonialem
1666 3990 1922 4088 copulationem,

269 4095 335 4168 dita
347 4116 459 4186 poeuz
474 4093 699 4165 comminatio.
727 4096 808 4165 Lev.
823 4097 898 4163 XX.
921 4114 976 4166 ιι.
1004 4085 1086 4176 Vir,
1112 4091 1177 4183 fiae
1194 4090 1294 4163 novis
1313 4089 1443 4186 ruptiis
1458 4087 1681 4174 contraham,
1707 4094 1853 4166 retinere
1869 4119 1928 4169 ve·

270 4187 552 4291 faicoacuhuerit
569 4214 646 4265 cum
663 4214 771 4265 uxore
791 4190 907 4288 putris
917 4184 997 4285 sui,
1026 4211 1088 4261 rtu-
1111 4187 1230 4276 limus,
1261 4191 1378 4282 negari
1397 4189 1531 4278 nequit,
1559 4191 1661 4261 etiam
1685 4215 1864 4265 novercam
1890 4194 1926 4266 in

270 4295 412 4371 ditum
420 4288 605 4389 patrissui
621 4290 805 4378 revelavit,
829 4288 1001 4364 moriendo
1018 4311 1088 4362 mo·
1111 4286 1199 4362 linea
1213 4286 1432 4363 adscendente
1446 4312 1514 4359 non
1530 4291 1639 4360 minua
1650 4314 1688 4361 ac
1700 4315 1822 4362 nurum
1837 4294 1872 4363 in
1885 4290 1926 4364 li·

270 4395 399 4472 riatur
421 4390 522 4468 untho
536 4393 624 4492 -r‘pst,
644 4390 834 4490 sanguines.
855 4414 968 4464 eorum
981 4385 1088 4485 super
1116 4415 1183 4480 nea
1199 4383 1418 4463 descendente
1438 4389 1480 4460 ad
1498 4384 1621 4461 adfines
1642 4391 1828 4476 pertinere,
1852 4391 1930 4463 ideo

271 4518 335 4572 rus.
369 4499 473 4568 Deut.
489 4499 600 4568 xxu.
623 4516 678 4584 30.
729 4486 812 4586 Nor
828 4492 988 4588 accipiat
1001 4484 1092 4587 qius·
1115 4492 1217 4562 etiam
1231 4513 1250 4560 a
1264 4486 1422 4564 sententia
1439 4490 1664 4561 communiter
1678 4511 1814 4582 recepta
1828 4483 1931 4564 seres

271 4618 367 4696 qaam
380 4616 522 4670 uxorem
534 4593 647 4689 patris
655 4589 737 4689 sui,
755 4616 855 4688 neque
863 4589 1091 4690 discooperiat
1115 4586 1240 4664 sionem
1260 4588 1371 4662 facere
1387 4588 1508 4680 religio
1526 4589 1621 4661 nobis
1638 4585 1713 4664 suit.
1748 4675 1750 4682 Ι

270 4691 570 4794 asam-patrissui.
597 4698 699 4766 Deut.
715 4694 863 4765 XXVII.
880 4717 939 4770 20.
974 4688 1092 4763 Maie-
1190 4700 1218 4785 §.
1228 4692 1448 4765 cclxviu.
1467 4690 1614 4761 Pertinet
1623 4690 1726 4782 igitur
1736 4687 1932 4781 haecprohI·

238 4855 244 4874 .
267 4795 489 4991 ὀίᾷιιιῶγφιιιῖ
503 4792 623 4868 coierit
647 4817 721 4865 cum
747 4815 855 4866 uxore
876 4783 992 4890 patris
1010 4788 1089 4889 sui,
1116 4788 1200 4862 bitia
1219 4794 1261 4864 ad
1276 4790 1424 4887 primum
1436 4786 1584 4886 gradum
1596 4787 1773 4862 adfinitatis
1788 4793 1823 4863 in
1838 4789 1931 4866 linea

231 4949 233 4960 .
268 4921 347 4997 sm

423 4894 593 4992 cooperuit
621 4891 718 4965 alam
763 4891 932 4991 udrirsai.
972 4897 1088 4965 Amor.
1115 4888 1214 4966 rebla.
1241 4891 1323 4991 Quo
1339 4892 1428 4964 enim
1443 4892 1552 4984 gradu
1567 4884 1860 4983 consanguinitatis
1870 4916 1932 4982 pc·

266 5006 309 5074 ll.
325 5023 360 5091 7.
385 4999 476 5070 inter
496 4989 688 5089 gravissima
713 4917 935 5067 iliaelitarum
953 5014 1090 5084 peccata
1115 5014 1168 5065 ter
1189 4987 1273 5064 mihi
1291 4993 1488 5079 conjunctus
1508 4992 1576 5070 est,
1598 5013 1639 5062 eo
1656 4992 1763 5081 gradu
1781 4987 1934 5066 adfinita-

262 5095 428 5177 resertur,
453 5095 546 5186 quod
561 5092 619 5166 vir
638 5088 680 5166 θ’
693 5105 795 5189 parer
811 5097 884 5192 ejus
902 5093 1028 5170 iverint
1043 5090 1091 5168 ud
1115 5094 1157 5165 tis
1169 5091 1272 5183 ipsius
1286 5114 1370 5164 uror
1382 5086 1464 5164 mihi
1479 5089 1529 5160 eo
1542 5092 1728 5178 eonjundta.
1756 5096 1831 5183 Jam
1848 5103 1935 5166 vero

255 5197 401 5303 pusato
414 5193 463 5272 ad
478 5190 679 5273 violandum
696 5217 816 5270 nomen
841 5191 914 5272 Dei
921 5191 1089 5296 sardam,
1114 5213 1213 5371 puls
1222 5192 1426 5364 {rejunctus
1443 5187 1528 5265 mihi
1542 5190 1590 5267 esi
1607 5190 1720 5282 ptimo
1735 5188 1936 5309 consangui.

1272 5315 1292 5384 3
1634 5378 1639 5387 ¹
1825 5312 1937 5368 ortatu
1960 5327 1983 5378 ι,
