4884 5984
371 491 456 592 „aas
706 489 867 590 docus
890 515 1015 586 xxva.
1040 507 1234 585 canu.
1262 507 1431 584 tutuo.
1456 512 1506 582 rt·
1536 507 1656 585 zuar.
1683 517 1708 583 r.

371 753 583 834 .1)me5
641 713 810 796 animum,
835 717 985 800 quadam
1002 713 1044 783 ad
1059 731 1196 807 corpur,
1219 728 1388 800 perpetuo
1410 717 1445 783 δι
1466 711 1627 781 continno
1647 706 1763 783 furore
1780 731 1955 803 correptus
1976 716 2044 796 eu,

405 803 537 920 'sum
584 795 592 829 ¹
640 818 790 902 quadam
811 813 852 883 ad
872 813 952 888 uitae
973 809 1197 887 conditionem
1221 811 1471 880 matrimonium
1487 812 1570 881 inire
1588 808 1916 906 uelit‚achrisliano
1931 817 2042 904 magi-

640 915 1033 989 &statnmexteriorem
1071 908 1202 1004 Attimi¹
1219 910 1322 990 stratu
1351 909 1386 978 id
1415 911 1552 979 minime
1584 911 1844 996 permittendum
1874 907 1961 994 else,
1998 937 2043 984 ne

378 1011 518 1106 qualitas
545 1013 580 1082 in
609 1007 758 1101 personis
786 1016 1036 1088 matrimonium
1065 1035 1197 1085 contra-
1220 1004 1422 1081 saudliffimae
1445 1012 1592 1100 conjugii
1615 1010 1822 1090 ¹ordinationi
1841 1036 1904 1102 per
1922 1010 2042 1112 talium

379 1115 482 1192 aloda
500 1113 652 1200 requisita
669 1114 714 1183 ea
734 1113 853 1184 mentis
873 1115 1054 1206 integritas.
1104 1115 1195 1186 Cum
1220 1102 1435 1196 personarum
1450 1111 1699 1196 conjunctiones
1709 1109 1838 1184 macula
1850 1109 1960 1202 aliqua
1982 1114 2043 1184 ad·

378 1212 468 1286 euim
487 1215 529 1283 ad
548 1238 665 1283 verum
686 1210 927 1303 &legitimum
946 1215 1194 1284 matrimonium
1218 1204 1407 1299 spergitur.
1501 1253 1504 1258 -
1832 1229 1834 1234 ·

378 1313 570 1399 requiratur
594 1307 783 1406 consensus,
814 1315 872 1400 qui
896 1315 943 1387 est
967 1309 1058 1384 'aestus
1081 1309 1194 1390 libere
1298 1318 1333 1400 §.
1352 1311 1542 1382 CCXXlX.
1586 1310 1638 1380 lld
1674 1312 1780 1400 impe·
1831 1348 1880 1427 2.)
1908 1345 2022 1413 Votum

368 1408 559 1483 noluntaria
576 1438 595 1481 a
611 1405 685 1482 sano
705 1434 805 1500 atque
821 1414 957 1505 integro
975 1413 1100 1499 jndicio
1115 1436 1195 1500 pro-
1210 1409 1365 1480 ·dimenta
1397 1411 1598 1481 matrimonii
1618 1404 1782 1498 respectu
1832 1433 2041 1496 continentior.

379 1506 505 1596 fraus,
535 1534 678 1599 cumque
697 1511 892 1604 conjugium
912 1513 946 1582 vi
963 1512 1085 1585 divine
1104 1513 1195 1582 insti·
1217 1504 1423 1603 qualitatum
1440 1509 1582 1580 ouinria
1605 1508 1782 1596 pontificiis

378 1611 515 1682 tutionis
540 1633 608 1682 non
633 1631 762 1682 tantam
788 1636 990 1701 corporum,
1015 1605 1194 1684 sedetiam
1218 1604 1365 1680 refertur
1390 1617 1503 1680 uotum
1528 1611 1763 1689 continentia,
1795 1610 1885 1700 quod
1912 1609 2041 1700 duplex

377 1703 597 1781 suavillrmam
612 1712 800 1781 animorum
818 1713 1086 1802 conjunctionem
1101 1735 1195 1782 com-
1219 1709 1384 1792 statuunt,
1406 1708 1548 1804 firaplrx
1568 1707 1760 1804 &sulmm-
1812 1709 1960 1800 Simplex
1983 1735 2044 1784 vo·

379 1808 564 1898 plectatur,
588 1811 663 1881 ideo
682 1837 701 1881 a
720 1814 878 1903 conjuglo
898 1814 1021 1883 merito
1040 1832 1195 1883 arcentur
1219 1827 1291 1878 tum
1311 1797 1481 1894 adpellant
1498 1808 1747 1896 promiffionem
1767 1810 1943 1883 caelibatus
1963 1815 2042 1901 per·

379 1931 500 1980 etnotae
518 1909 638 1981 arentis
651 1909 823 1990 homines,
837 1909 937 1992 fatui,
958 1912 1118 1990 manniri,
1143 1907 1197 1982 fu·
1218 1908 1313 1996 petui
1331 1903 1451 1978 laetam
1469 1914 1545 1980 Deo
1563 1911 1722 1997 privatim
1745 1906 1847 1982 libera
1866 1910 2040 1983 voluntate

379 2005 477 2094 riost,
502 2019 566 2080 dte.
602 2033 641 2080 ac
667 2013 808 2097 proinde
842 2012 930 2081 inter
947 2013 1195 2100 impedimenta
1217 2004 1461 2078 excellentioris
1474 2004 1611 2095 alicujus
1627 2007 1706 2079 boni
1724 2007 1961 2101 (perfetlionis
1979 2007 2042 2082 sci·
2070 2057 2076 2068 ·

380 2108 587 2178 matrimonii
606 2105 761 2197 respetlu
782 2112 883 2181 animi
906 2113 998 2181 retic
1017 2135 1196 2181 numeran·
1219 2103 1297 2176 licet
1326 2115 1361 2180 &
1381 2125 1533 2196 operum
1560 2107 1885 2200 supererogationis)
1918 2113 2040 2203 gratie.

383 2227 439 2277 tur
447 2204 602 2298 fatuitas
618 2230 658 2278 oc
693 2232 790 2294 uror,
814 2210 966 2297 quamvis
985 2231 1075 2280 certa
1093 2211 1197 2280 ratio·
1221 2208 1283 2275 Per
1300 2202 1383 2274 illud
1404 2207 1587 2279 existimant
1608 2208 1767 2302 impediri
1789 2210 2041 2283 matrimonium

379 2329 423 2377 ne
443 2311 559 2377 eadem
579 2309 621 2378 ad
641 2310 880 2396 inpedimenta
902 2303 1055 2398 respetlu
1075 2333 1197 2397 corpo·
1220 2301 1499 2391 contradendum,
1533 2329 1597 2378 non
1624 2317 1733 2380 atatem
1760 2307 1880 2381 dirimi
1904 2320 2042 2382 contra·

380 2407 426 2475 ris
447 2403 565 2475 referri
588 2403 727 2492 possint,
755 2433 831 2478 curn
854 2432 994 2495 pravam
1016 2406 1197 2478 humorum
1222 2400 1319 2477 litt-ru.
1367 2402 1510 2476 Solenne
1530 2428 1646 2500 uotum
1666 2407 1835 2496 adpellant
1852 2405 2042 2500 promilllo·

380 2529 418 2573 ac
438 2500 614 2590 spirituum
636 2505 828 2576 animalium
850 2507 884 2575 in
901 2531 1047 2594 corpore
1064 2499 1199 2596 dispoli.
1222 2527 1299 2574 nem
1329 2503 1508 2582 castitatis,
1543 2503 1607 2576 save
1639 2527 1807 2597 perpetue
1841 2513 2044 2604 aconjugio

381 2602 507 2672 tionem
540 2601 599 2673 stbi
632 2599 763 2693 semper
797 2601 941 2675 habeant
974 2609 1196 2693 coaptatam.
1221 2601 1425 2672 abstinentie
1460 2601 1579 2674 fartam
1612 2606 1644 2674 in
1672 2603 1851 2696 conspee‘lu
1880 2611 2044 2691 ecclesiae,

381 2703 577 2776 Notandum
592 2721 722 2784 tanuen,
740 2706 830 2790 quod
845 2699 993 2792 superius
1008 2707 1109 2775 etiam
1126 2727 1197 2776 mo·
1222 2705 1276 2771 cui
1296 2698 1327 2771 se
1352 2725 1477 2773 voveras
1495 2705 1568 2790 post
1588 2727 1746 2795 magnam
1768 2706 2042 2784 deliberationem

381 2803 518 2871 aruimus
537 2825 609 2890 cap.
625 2807 682 2874 tv.
709 2799 785 2875 seii.
805 2809 846 2873 ll.
867 2829 885 2872 a
907 2801 1057 2875 fatuitate
1080 2807 1121 2876 ad
1142 2828 1198 2875 er·
1225 2809 1258 2873 &
1282 2802 1472 2873 diuturnam
1496 2801 1730 2891 probationem
1753 2801 1869 2895 sponte
1893 2804 2044 2898 subjicit,

381 2919 528 2970 tremum
561 2905 704 2990 gradum
741 2903 902 2991 perdutla
931 2903 1195 2995 distinguendam
1224 2921 1261 2971 ut
1282 2897 1342 2989 ipsa
1368 2905 1460 2980 Deo,
1488 2912 1523 2973 δε
1548 2900 1612 2975 hoc
1633 2903 1706 2992 ipso
1729 2907 1848 2977 statum
1871 2910 1947 2980 vite
1970 2935 2044 2982 mu·

382 2993 447 3071 etl'e
474 2995 576 3070 leuem
603 2998 782 3096 quomdam
810 2999 1038 3101 destpimtiam
1061 3025 1101 3074 ac
1122 3003 1198 3074 ani.
1224 3021 1271 3069 tat
1291 2995 1490 3072 adscendens
1511 2999 1554 3071 ab
1578 3000 1779 3092 impersetlo
1803 3008 1885 3079 llam
1905 3011 1946 3081 ad
1967 3034 2044 3100 per·

383 3099 433 3170 rai
443 3100 627 3198 stuporem,
662 3104 886 3190 qainondam
907 3125 1043 3173 omnem
1065 3106 1200 3174 rationis
1224 3096 1368 3176 setium.
1392 3101 1426 3170 id
1449 3104 1539 3186 quod
1564 3123 1644 3172 voto
1666 3099 1807 3191 simplici
1829 3130 1930 3179 nemo
1952 3105 2041 3186 facit.

382 3193 477 3269 usum
492 3198 642 3284 abstulit,
667 3211 701 3274 dc
718 3229 734 3270 a
754 3198 867 3270 furore
882 3221 1048 3290 perpetuo
1065 3226 1103 3272 ac
1120 3224 1200 3271 con.
1224 3201 1287 3265 Per
1320 3194 1401 3267 illud
1434 3207 1470 3270 &
1498 3199 1758 3273 contradendum
1792 3209 2042 3283 trratrimonium

383 3299 478 3368 sinuo
502 3300 770 3388 distinguendum
797 3295 861 3369 ell'e
886 3323 987 3383 eunt,
1018 3302 1075 3388 qui
1103 3297 1201 3371 lralet
1225 3293 1403 3388 impediri,
1436 3307 1471 3368 δι
1501 3299 1703 3373 contro-iiam
1730 3301 1850 3375 dirimi
1879 3306 2043 3382 arbitran-

384 3393 515 3479 lucida,
536 3418 571 3465 ut
588 3396 789 3482 loquuntur,
810 3395 998 3468 interualla.
1043 3404 1093 3470 Ut
1110 3401 1198 3470 enim
1225 3417 1290 3467 tur.
1340 3397 1392 3467 Sic
1404 3398 1493 3466 enim
1509 3394 1621 3470 scribit
1638 3400 1855 3475 llellarminus
1872 3407 1916 3478 de
1932 3413 2044 3483 matri·

384 3517 532 3568 extreme
549 3493 646 3564 satuis
667 3505 701 3567 dr
722 3519 887 3583 perpetuo
905 3495 1020 3570 surore
1036 3499 1200 3586 correptis
1225 3496 1337 3564 monio
1368 3519 1440 3583 cap.
1457 3502 1550 3568 xxi.
1608 3496 1720 3595 Apud
1746 3503 1929 3579 calliolicos
1955 3513 2044 3603 (Ro-

383 3595 634 3664 matrimonium
658 3597 749 3664 recte
769 3596 998 3682 interdicitur,
1022 3599 1065 3667 ita
1082 3596 1200 3670 leviter
1225 3586 1413 3680 manenses)
1432 3619 1599 3691 uunquam
1620 3598 1757 3673 dulium
1771 3603 1865 3695 ,fitia
1887 3606 1971 3700 quin
1987 3633 2042 3682 vo*

384 3691 583 3778 desipientes
599 3717 636 3763 ac
651 3694 751 3763 certia
769 3697 927 3763 duntaxat
944 3717 1134 3782 temporam
1150 3697 1199 3765 in·
1225 3700 1295 3761 tum
1316 3693 1530 3769 coutinentia
1541 3698 1691 3798 simplior
1701 3702 1750 3800 stt
1771 3703 2043 3799 impedimentum

385 3787 532 3862 teruallis
562 3787 676 3860 surore
702 3795 851 3876 correpti
880 3795 922 3862 ad
951 3796 1201 3865 matrimonium
1226 3791 1407 3884 impediens
1420 3796 1672 3871 matrimonium
1688 3803 1959 3894 commitendam,
1978 3833 2065 3884 nou.

382 3888 513 3956 admitti
537 3885 679 3971 pollitnt.
730 3885 905 3959 Porismata
927 3889 1024 3977 hujus
1045 3888 1201 3962 adsertio·
1225 3891 2043 4007 autentdirimmrconttaiium;votumautemsa·

383 3985 434 4053 nis
450 3980 562 4052 sunto:
597 3989 647 4077 r.)
660 3987 776 4055 Minus
789 3992 879 4057 reste
896 3985 1004 4058 iacere
1019 3989 1092 4059 illos
1109 3991 1200 4078 prin-
1226 3986 1642 4087 lenuasttimpedimeatum
1659 4001 2042 4096 impedietrrcoatrolrett·

384 4083 578 4189 cipesrqui
605 4084 649 4151 ob
672 4079 799 4167 causas,
816 4083 934 4155 nescio
957 4111 1055 4173 quas,
1080 4090 1202 4159 ntorio-
1228 4087 1538 4172 ultramarinas
1555 4101 1769 4187 contrarium,
1786 4106 2042 4192 quodulrimum

382 4205 463 4262 nes,
494 4181 600 4249 laruas
631 4192 665 4253 Sc
696 4178 799 4251 fatuas
829 4187 862 4252 in
893 4184 1017 4254 delitiis
1043 4183 1203 4256 habentes
1228 4183 1684 4270 subanathematedefinitum
1700 4205 1745 4272 est
1762 4206 1795 4273 in
1814 4205 2043 4283 concilioTri.

383 4281 598 4350 matrimonio
629 4285 762 4350 eosdem
791 4279 975 4368 copulant,
1010 4309 1051 4353 ne
1081 4280 1204 4357 scilicet
1227 4284 2043 4391 dentinoselsroneltlllV.can.9.indepostmodum

277 4437 283 4448 .
383 4377 557 4448 hominum
574 4378 709 4468 illorum
727 4377 1010 4451 commiseratione
1027 4386 1136 4466 potius
1152 4385 1201 4453 di·
1227 4380 1349 4457 format
1360 4395 1693 4481 trespropolitiones:
1710 4399 1892 4482 t.)Votum
1902 4407 2042 4503 fimplex

382 4503 549 4570 fluorum,
573 4501 673 4562 quam
698 4476 853 4546 adludat
879 4487 920 4587 ⁴&
936 4487 1025 4566 jocos
1041 4479 1200 4552 adbiberi·
1228 4482 1368 4577 impedit
1388 4493 1638 4568 matrimonium
1655 4493 1925 4577 coutralrmdurit.
1948 4514 2043 4582 Hanc

382 4583 525 4656 dorum,
544 4577 722 4666 progenies
738 4573 919 4662 ipsrsdetrt.
972 4582 1026 4664 2.)
1047 4579 1203 4660 Furiosus,
1228 4581 1483 4671 probatduolms
1492 4601 1706 4683 argumentis.
1719 4605 2043 4690 l'rituestejusmodi:

383 4677 583 4768 intemperie
599 4674 746 4744 libidinis
760 4675 891 4764 agitatis
913 4684 947 4746 &
965 4675 1124 4747 membris
1143 4702 1202 4769 ge.
1234 4680 1359 4754 Votum
1370 4701 1531 4782 perpetua
1540 4699 1751 4772 continentia
1764 4705 1805 4801 est
1815 4703 2045 4803 licitum'san·

381 4777 546 4852 ueretioui
562 4775 890 4860 destinatisjturpiter
906 4771 1135 4861 abutentibus,
1150 4803 1203 4849 re·
1227 4777 1311 4852 liuta
1326 4780 1366 4855 Εἰ
1379 4782 1454 4858 Deo
1467 4795 1701 4885 gratidium.
1727 4799 1826 4893 Ergo
1836 4800 2043 4897 seruandum

381 4881 436 4950 ae
455 4904 474 4950 a
494 4877 630 4951 medicis
646 4871 798 4944 exbiberi
819 4873 1014 4957 pharmaca,
1032 4877 1201 4948 internum
1229 4883 1291 4980 est,
1305 4885 1672 4984 canistriptnradicat:
1688 4879 1820 4996 Siquid
1831 4905 2033 5005 uouistiDco

298 5031 311 5042 .
382 4973 466 5050 illud
484 4975 629 5050 libidinis
646 4975 838 5046 incendium
857 4997 919 5062 per
936 4967 1064 5081 scrutinis
1086 4979 1204 5046 exilia.
1230 5003 1268 5050 ne
1285 4987 1423 5058 moreris
1440 4989 1589 5078 reddere,
1612 5003 1713 5070 Dent.
1731 5009 1855 5076 xxm·
1898 5003 1957 5078 At
1971 4967 2047 5084 red:

267 5159 272 5164 -
388 5077 530 5148 affinem
550 5077 795 5168 “stllssllssfflll·
848 5075 946 5186 3.)·Si
965 5079 1102 5158 D²s¹⁰¹¹³
1118 5099 1207 5162 quit·
1230 5078 1267 5151 di
1286 5106 1350 5155 uon
1367 5092 1469 5188 potest
1488 5101 1601 5164 votum
1619 5100 1830 5173 coatiueutiae
1849 5103 1894 5175 oa
1912 5130 1967 5184 eo.
1989 5111 2047 5208 qm*

279 5181 286 5220 ³
355 5163 467 5244 ’Μ
486 5167 568 5248 sm
593 5186 629 5254 ἃ
647 5179 787 5272 ῑῦῑθῦῐέ
813 5195 934 5250 minus
959 5195 1038 5246 “¹¹¹¹
1059 5197 1120 5260 0⁰2
1149 5179 1207 5266 <tui
1230 5204 1368 5258 taxarem
1389 5187 1499 5274 deicit,
1521 5216 1593 5267 cum
1610 5207 1760 5274 tencatur·
1777 5201 1829 5275 illi
1841 5209 1972 5302 petenti
1993 5211 2048 5284 de·

1940 5305 2051 5389 bitum
