4884 5984
336 468 436 604 '⁸³4
680 449 830 586 tocvs
850 503 976 585 >urm
1023 507 1127 585 cna.
1148 511 1191 584 r.
1239 508 1383 582 nsua.
1409 509 1461 624 tt
1503 501 1668 586 astra

362 707 570 796 poenitentias
592 717 626 783 rt
645 711 798 798 innuptas
812 708 884 782 illes
898 711 1051 799 nuptias,
1073 713 1173 785 adeo-
1195 710 1303 810 sigini
1322 706 1438 804 insessi
1451 705 1554 805 sunt,
1579 728 1634 780 cos
1650 701 1763 780 urbem
1782 701 1917 800 ingredi
1939 721 2024 781 aava

364 834 430 898 que
450 809 486 879 in
509 805 712 880 scortationis
739 808 945 897 periculum,
967 807 1032 884 sese
1057 813 1173 900 preci·
1195 811 1403 892 conceditur,
1431 805 1473 881 ss
1496 831 1568 881 cam
1594 804 1678 878 aliis
1699 803 1809 922 Pesſss
1832 805 2015 903 consuetu-

364 910 484 999 pitent.
536 909 771 1000 Distinguendi
790 931 902 980 tamen
923 904 998 982 sunt
1015 909 1057 982 ab
1072 934 1173 983 cunu-
1194 911 1304 985 dinem
1329 908 1457 984 babere.
1525 914 1574 995 ι.)
1596 901 1637 976 A
1663 903 1851 1002 multiplici
1881 907 2033 982 ration.

364 1005 436 1082 citis
454 1033 492 1077 ar
505 1007 649 1079 castratis
657 1002 827 1103 spadones
842 1012 980 1100 proprie
997 1022 1032 1085 at
1048 1008 1173 1101 specia-
1194 1012 1427 1108 conjugiorum
1450 1005 1737 1090 incommoditate,
1762 1027 1834 1075 tum
1853 1002 2013 1098 respestu

364 1105 441 1178 liter
463 1104 506 1177 stc
524 1109 623 1192 dicii,
648 1109 703 1194 qui
730 1104 889 1178 membris
910 1111 1044 1194 quidem
1071 1135 1173 1200 gene·
1198 1111 1345 1201 ipsorum
1374 1111 1582 1204 conjugum,
1616 1129 1688 1177 tum
1713 1102 1863 1194 respetlu
1886 1099 2019 1177 liberae.

363 1209 482 1278 rationi
507 1202 759 1277 inservientibus
776 1209 914 1299 integris
934 1211 1065 1299 praediti
1084 1205 1177 1292 sunt,
1197 1236 1289 1297 sum,
1314 1235 1355 1283 ex
1377 1208 1435 1282 tali
1457 1204 1577 1296 copula
1598 1207 1864 1296 progenitorum.
1916 1210 2022 1274 inter..

363 1305 498 1377 interim
518 1319 629 1378 tamen
648 1303 695 1374 ob
717 1308 836 1377 vitium
867 1305 1004 1394 aliquod
1035 1302 1176 1382 sanabile
1198 1319 1359 1401 conjuges
1371 1305 1572 1380 cohabitatio
1587 1303 1642 1376 illa
1658 1330 1726 1376 non
1743 1305 1848 1394 potesl
1862 1326 1931 1374 non
1945 1293 2021 1374 dle

363 1428 432 1475 non
453 1428 631 1495 genemnt,
654 1401 708 1474 vel
721 1399 862 1483 fascino,
888 1409 942 1476 rel
958 1405 1118 1479 veneficio
1137 1407 1176 1479 il·
1199 1406 1448 1486 abominabilis,
1473 1416 1508 1479 δι
1525 1430 1601 1476 cum
1615 1406 1787 1491 perpetuis
1798 1402 1918 1493 iurgiis
1929 1423 2013 1472 con·

364 1499 459 1594 ligati
482 1530 501 1573 a
539 1503 772 1575 commixtione
798 1504 967 1596 conjugali
994 1529 1176 1594 ascentut3
1199 1514 1323 1599 juniis.
1376 1514 1413 1578 ln
1429 1505 1551 1576 liberos
1565 1504 1644 1575 tales
1658 1500 1770 1575 morbi
1786 1499 2011 1589 utplurimum

364 1624 441 1672 cum
458 1605 715 1689 enimutrisque
733 1607 797 1674 Dei
813 1601 1044 1680 beneditiionc
1058 1615 1094 1680 tt
1105 1631 1172 1677 me
1200 1627 1429 1700 propagantur
1448 1653 1460 1685 ‚
1479 1607 1661 1691 quodcum
1685 1598 1856 1673 manifesto
1873 1593 2021 1686 reipub.

364 1701 516 1773 dirorum
536 1726 602 1788 ope
620 1698 766 1772 succurri
782 1699 903 1791 poffit·,
928 1709 1004 1776 ideo
1020 1730 1088 1777 non
1101 1701 1175 1776 sunt
1199 1706 1270 1778 licre
1300 1708 1500 1778 detrimento
1525 1706 1570 1773 est
1597 1704 1823 1787 conjunctum.
1891 1692 2017 1772 Refert

364 1802 558 1892 aconjugio
582 1800 802 1887 prohibendi,
825 1801 884 1874 uisi
905 1804 1030 1875 malum
1044 1806 1175 1892 penitus
1199 1807 1435 1895 Hemmingius
1449 1804 1482 1872 in
1500 1800 1561 1873 loc.
1576 1807 1766 1890 aeeonjug.
1780 1825 1813 1889 p.
1829 1806 1908 1885 165·
1945 1789 2015 1870 Ca·

365 1893 540 1970 insanabile
555 1897 618 1971 esl'e
635 1902 769 1972 constet.
817 1900 983 1989 Ulpianus
997 1902 1018 1974 l.
1034 1901 1056 1974 ti
1072 1899 1173 1975 serua.
1197 1905 1407 1990 sanativam
1426 1899 1599 1997 quemdam
1616 1897 1724 1995 epilep
1738 1920 1771 1969 to
1797 1893 2008 1970 laborantem

366 2023 425 2086 39.
440 1994 477 2071 ff.
492 1997 608 2095 dejur.
623 2003 694 2070 dot.
743 1993 786 2072 Si
790 1995 941 2096 spsadoni
955 1998 1075 2075 mulier
1088 2023 1172 2097 nup·
1193 1999 1326 2100 tinxiffc
1348 2025 1505 2086 uxorem,
1532 1996 1573 2074 s!
1584 2023 1629 2071 ex
1647 2021 1685 2071 ea
1725 1996 1873 2069 undecim
1887 1992 2012 2070 liberas

356 2091 472 2192 serit,
504 2095 771 2198 distinguendum
801 2098 975 2185 arbitror,
1007 2103 1172 2201 castratus
1188 2091 1374 2205 fuisisse·
1400 2102 1437 2173 in
1449 2097 1568 2194 quibos
1581 2097 1733 2170 omnibus
1747 2107 1911 2194 pominus
1923 2115 2014 2170 snas·

356 2193 491 2291 suerit,
517 2221 630 2278 necnec
661 2208 700 2270 ut
721 2198 757 2270 in
777 2219 817 2272 ca
845 2196 1038 2273 sotadicus
1062 2199 1171 2275 dotem
1195 2202 1257 2277 bus
1282 2214 1321 2277 ut
1347 2197 1570 2274 hereditarius
1599 2194 1749 2294 bescrat.
1832 2199 1909 2268 Nec
1941 2193 2012 2276 est,

363 2317 431 2369 non
445 2290 524 2393 effe,
551 2296 587 2370 in
601 2319 656 2381 co,
682 2299 741 2393 qui
754 2201 917 2470 cybiatus
929 2321 996 2372 non
1009 2302 1071 2400 esis
1092 2300 1172 2396 quia
1196 2307 1286 2392 quod
1300 2323 1477 2391 urgentur.
1498 2293 1644 2395 leprosos
1659 2306 1797 2393 psopter
1811 2293 2005 2367 continuum

364 2397 408 2494 esi
428 2397 681 2469 matrimonium
706 2390 747 2470 ss
791 2422 828 2471 os
852 2394 894 2472 ss
908 2395 999 2474 datis
1015 2397 1102 2474 absia
1117 2401 1171 2499 est.
1197 2401 1324 2497 impuri
1352 2395 1536 2496 sanguinis
1571 2397 1738 2490 poscitum
1774 2394 1810 2468 in
1848 2391 2008 2468 Venerem

368 2502 421 2567 bn
438 2521 518 2568 vero
533 2495 658 2567 malum
672 2490 709 2567 sn
724 2490 866 2572 sanabile
879 2495 933 2570 vel
948 2492 1172 2588 desperatum,
1195 2500 1419 2597 propensam
1433 2489 1510 2592 effe,
1537 2493 1671 2590 ideoque
1687 2493 1867 2570 temedium
1885 2491 2008 2567 sibidi-

365 2594 407 2664 ad
433 2592 520 2666 illius
544 2591 807 2681 explorationem
824 2595 915 2688 leges
935 2599 1069 2669 triennii
1088 2621 1173 2669 tem·
1196 2601 1252 2673 nis
1272 2600 1351 2697 ipfis
1370 2592 1441 2692 else.
1456 2593 1705 2669 concedendam.
1758 2595 1829 2686 Qui
1851 2596 1943 2665 enim
1967 2591 2012 2666 lc·

365 2713 428 2780 pus
448 2696 711 2784 prestituerunt,
733 2716 799 2781 qua
817 2699 860 2767 de
878 2719 915 2767 re
926 2692 1014 2766 inira
1030 2693 1171 2784 plenius
1197 2724 1279 2790 pra,
1302 2693 1532 2784 elephantiasi,
1554 2692 1608 2764 lue
1626 2691 1745 2785 gallica
1763 2690 1817 2766 rel
1832 2691 1904 2764 aliis
1919 2699 2004 2780 ejus·

366 2793 422 2864 Dc
433 2794 558 2880 nuptiis
570 2788 843 2888 androgynorum
854 2795 1004 2866 rideatur
1012 2797 1174 2884 Cspreus
1198 2799 1289 2870 modi
1305 2792 1503 2887 contagiosis
1524 2795 1649 2864 morbis
1675 2792 1823 2881 correpti
1845 2789 1941 2870 sunt,
1963 2786 2009 2862 illi

366 2893 410 2962 de
428 2887 532 2981 spons.
554 2914 627 2982 cap.
644 2916 680 2982 9.
702 2900 731 2983 ς.
753 2914 765 2963 ι
773 2914 805 2980 3.
820 2918 853 2965 n.
871 2917 930 2985 45.
946 2890 1004 2964 ubi
1019 2887 1174 2983 disputat,
1198 2887 1395 2989 agnoscant,
1429 2889 1459 2964 se
1487 2917 1549 2980 per
1577 2914 1709 2980 poenam
1733 2888 1824 2960 illam
1851 2892 2008 2962 divinitus

367 2992 523 3077 spatiari
538 2987 614 3060 sexu
634 3012 689 3060 eos
705 2986 903 3072 censendos,
929 3001 965 3066 se
979 2994 1175 3085 conjugium
1199 2989 1373 3069 immissam
1387 3019 1407 3066 a
1422 2991 1580 3082 coniugio
1595 2988 1746 3067 excludi,
1766 2999 1800 3063 at
1814 2991 1855 3058 ad
1873 2985 2009 3060 creliba-
2047 3045 2050 3050 .

365 3087 432 3163 illis
450 3091 726 3182 permittendum.
1200 3117 1273 3167 tum
1291 3094 1425 3172 romnis
1449 3084 1627 3181 agnoscant
1653 3089 1757 3178 igitur
1774 3110 1910 3174 peccata
1931 3081 2009 3168 soa,

705 3199 734 3275 ς.
773 3189 994 3263 CCXXXVI.
1029 3189 1177 3359 (immo
1201 3194 1383 3280 eademque
1415 3191 1449 3260 in
1478 3213 1555 3260 vera
1585 3188 1781 3274 paenitentia
1808 3184 2009 3272 deplorent,

368 3276 448 3355 Vb)
470 3278 575 3342 Aust·
626 3293 700 3370 vt.)
715 3281 776 3358 An
799 3284 891 3383 septo
905 3311 956 3375 rs,
988 3289 1043 3384 epi
1058 3288 1178 3383 enticis
1201 3291 1410 3365 continentie
1438 3292 1563 3360 donum
1597 3287 1754 3356 divinitus
1776 3282 1835 3355 tibi
1857 3287 1928 3355 dari
1957 3306 2011 3372 pc·

365 3357 461 3451 Prssts
480 3378 547 3453 '3¹¹¹'
633 3380 787 3485 &statiis
800 3409 873 3460 mor
895 3401 1099 3460 ommconsn
1125 3388 1176 3460 io·
1199 3414 1286 3465 tant,
1308 3388 1489 3479 jejuniis&
1509 3384 1851 3455 abstinentiacarnem
1873 3377 2026 3454 mortib?

368 3448 545 3583 iamim
620 3480 755 3583 satum,
770 3483 1051 3562 abominabilium
1071 3412 1175 3561 tsin-
1199 3513 1294 3574 cent,
1315 3499 1349 3561 δι
1374 3487 1533 3573 peccanti
1555 3482 1738 3554 omasones
1756 3476 1895 3555 studiose
1919 3480 2012 3557 dcvi·

423 3598 520 3665 anmi
628 3582 829 3657 cunabilium
876 3609 991 3680 genere
1032 3585 1175 3679 odsebiis
1201 3612 1290 3674 tent,
1311 3608 1474 3657 memores
1493 3580 1662 3654 reticuli:

627 3671 879 3758 matrimonium
904 3683 1176 3760 concedendum!
1263 3684 1363 3769 Ores,
1389 3685 1479 3784 costo
1500 3679 1616 3775 legas,
1637 3682 1786 3776 jejunes,
1810 3678 1883 3751 otia
1909 3677 2011 3766 vites,

369 3784 524 3856 Diximus
540 3777 701 3871 superios,
716 3783 761 3856 ab
778 3783 857 3856 tales
873 3785 1007 3857 morbos
1024 3785 1177 3857 alterutri
1320 3779 1363 3858 Si
1369 3781 1509 3879 seruare
1523 3778 1608 3853 uelis
1626 3800 1768 3874 corpora
1787 3780 1876 3878 costa
1903 3771 1991 3850 Deo.

370 3882 423 3952 uel
446 3885 577 3969 utrique
609 3884 697 3968 parti
727 3876 994 3969 supervenientes
1018 3878 1177 3974 sponsalia
1247 3886 1412 3979 Quamvis
1436 3907 1515 3954 vero
1535 3880 1584 3964 ius
1608 3883 1804 3951 rontonicum
1828 3903 1900 3967 cap.
1917 3877 2014 3971 Qua-

368 3974 497 4050 ditsolsi
522 3974 632 4065 posse,
658 4005 698 4050 en
728 4005 796 4067 quo
823 4004 956 4069 promte
984 3981 1176 4074 colligitur,
1200 3986 1300 4056 niam.
1324 4012 1357 4058 2.
1377 3984 1415 4054 is.
1441 3986 1482 4052 de
1502 3981 1658 4069 conjugio
1681 3974 1909 4067 leprosorum,
1935 3999 2013 4047 con·

368 4078 426 4162 iis,
450 4079 506 4163 qui
524 4074 580 4146 tali
597 4078 792 4149 morborum
810 4104 934 4170 genere
950 4079 1073 4154 anteat
1091 4076 1177 4158 sunt,
1201 4084 1332 4172 jugium
1347 4077 1501 4151 satricum
1516 4072 1645 4164 leproso
1660 4079 1921 4164 permittendum
1938 4100 2014 4152 ceu·

368 4201 434 4248 nou
459 4173 521 4249 esse
541 4178 790 4248 inatritnonium
811 4181 1080 4254 concedendum:
1107 4203 1178 4260 1.,o
1202 4176 1287 4262 seat,
1311 4178 1333 4250 st
1352 4176 1473 4250 scilicet
1494 4172 1585 4248 l'anus
1606 4175 1711 4246 libera
1734 4173 1903 4245 volumate
1921 4177 1958 4245 in
1975 4170 2014 4244 il·

362 4272 548 4372 fitnbsionis
576 4275 702 4347 divina
733 4277 928 4349 autoritate.
988 4282 1081 4350 Deus
1109 4271 1178 4366 ipse
1204 4279 1260 4351 lud
1283 4274 1484 4360 consentiat,
1509 4278 1544 4345 in
1576 4301 1673 4363 qoam
1701 4267 1893 4345 sententiam
1914 4277 2016 4345 etiam

366 4370 513 4463 leprosos
529 4371 570 4442 ab
593 4372 765 4445 bominum
784 4373 947 4447 consortio
969 4399 1112 4448 semotos
1131 4377 1180 4446 vi·
1202 4378 1272 4450 abit
1295 4375 1535 4450 Bibendacltius
1556 4379 1597 4444 de
1621 4369 1704 4443 caus.
1728 4375 1915 4443 tiranimon.
1938 4396 2016 4464 pag.

255 4523 270 4550 .-
367 4470 833 4555 uerevoluit,l.ev.)(lll.s.
856 4472 1179 4548 cuisant‘iionicon-
1211 4499 1286 4565 top.
1319 4499 1430 4547 tamen
1461 4479 1550 4545 retle
1586 4475 1729 4543 statuunt
1754 4476 1950 4543 Mentzerus
1973 4477 2017 4544 da

367 4572 486 4647 fortasis
504 4566 577 4640 sunt
596 4569 747 4657 exempla
765 4568 931 4657 Minium,
957 4570 1076 4647 sorotis
1100 4577 1178 4644 Mo·
1202 4581 1335 4667 conjug.
1355 4600 1433 4663 pag.
1457 4588 1532 4656 ¹08·
1553 4583 1586 4643 δι
1605 4574 1763 4660 Cypraeus
1781 4575 1821 4640 de
1840 4564 2015 4658 sponsalib.

367 4669 422 4750 sss,
455 4674 558 4739 Num.
577 4675 651 4740 Xll.
675 4695 726 4740 ιο.
750 4675 846 4762 regis
879 4669 997 4753 Oziae,
1035 4670 1175 4745 zoaras.
1202 4699 1275 4760 cap.
1295 4666 1661 4763 Xlll.§.65.nonelse
1681 4666 2044 4761 achriliianomagb'

365 4776 487 4842 XXVt.
518 4793 569 4851 ¹9·
603 4773 785 4855 eademque
818 4776 851 4840 in
879 4773 963 4844 bene
994 4773 1177 4843 constitutis
1203 4775 1305 4842 stratu
1325 4769 1390 4843 tale
1418 4772 1614 4859 conjugium
1637 4774 1910 4850 concedendum,
1939 4791 2019 4839 cum

365 4864 606 4955 rebuspublicis
634 4864 743 4937 adhuc
763 4870 860 4941 hodic
878 4876 997 4943 interito
1019 4870 1175 4943 observa·
1203 4876 1294 4942 Deus
1322 4865 1390 4959 ipse
1412 4869 1496 4940 banc
1521 4868 1789 4955 conjunctionem
1817 4867 2017 4962 aversetur,

365 4990 440 5046 tur,
464 4990 541 5034 cum
560 4989 630 5048 non¹
644 4962 681 5034 tit
704 4992 794 5039 trisse
822 4966 957 5041 forensis
973 4971 1173 5053 constitutio,
1199 4975 1279 5042 dum
1295 4964 1461 5055 leprosum
1481 4964 1657 5037 solitarium
1676 4968 1777 5035 uitam
1793 4991 1893 5055 ngare
1904 4961 2019 5055 justit,

364 5062 415 5139 seo
448 5063 571 5152 aliquid
597 5062 721 5134 nrorale
752 5069 932 5140 contineat.
983 5074 1173 5139 Herodotus
1197 5094 1273 5140 cusu
1299 5065 1489 5152 reipublice
1515 5067 1661 5147 interut,
1693 5067 1824 5149 nuptias
1848 5069 2022 5154 ejusmodi

359 5163 437 5240 libr.
452 5171 480 5238 t,
527 5154 639 5262 Anna
651 5157 796 5263 Persas,
816 5168 875 5268 qni
898 5165 994 5269 lepra
1012 5177 1074 5245 aut
1093 5167 1174 5245 viti·
1194 5166 1394 5266 prohiberi,
1420 5190 1463 5244 aa
1481 5168 1674 5259 contagium
1688 5161 1772 5236 illud
1790 5159 1888 5239 latius
1904 5160 2022 5256 serpat

1981 5291 2023 5342 ω
