4884 5984
457 549 508 618 η
781 529 823 606 ,’
879 469 1028 602 totns
1053 527 1179 600 xxvi.
1233 521 1388 598 tutor
1414 525 1458 597 x.
1509 525 1633 598 stet.
1661 495 1697 594 ιζ-

458 724 543 798 rotie
566 748 603 796 ot
619 715 734 812 sponte
752 745 770 794 o
788 723 1000 814 metrimonin
1026 722 1185 796 abstinent
1207 719 1260 790 in·
1284 744 1345 809 per
1358 741 1497 815 regnum
1511 715 1667 793 culorum
1682 715 1770 796 brud
1787 716 2087 804 incommodent-

459 825 524 894 ster
537 847 679 912 eorum,
700 825 757 910 qui
772 821 823 893 vel
839 820 980 895 naturali
995 824 1190 911 impotentia
1204 815 1260 889 vel
1283 827 1391 906 jurem
1414 822 1449 890 io
1464 819 1530 891 vito
1550 820 1674 891 coelelii
1692 817 1835 909 glorium
1851 813 2000 907 intelligi
2016 809 2083 902 pos

410 961 413 965 -
460 919 636 992 hominum
654 915 974 993 malevolentiosuot
988 921 1126 993 costroti.
1166 919 1261 989 Idem
1283 912 1337 995 se,
1352 941 1429 989 cum
1448 920 1621 989 eredentes
1638 918 1737 989 totius
1751 916 2081 1006 pietstirdcomoium

453 1018 632 1109 ¹colligitur
646 1043 690 1103 ex,
703 1019 778 1090 loro
791 1017 970 1107 apostolico
989 1040 1001 1089 1
1016 1021 1097 1092 Cor.
1108 1015 1189 1089 Vll.
1204 1028 1259 1096 32.
1284 1018 1451 1088 odlionum
1469 1011 1569 1088 finem
1583 1041 1652 1086 non
1663 1014 1904 1102 conssitunotio
1918 1009 1984 1083 bre
1997 1031 2080 1086 trro·

468 1111 721 1216 Quistneu-xorc
732 1114 1084 1218 cst,solicituccsl,quae
1092 1111 1262 1213 suniDo-
1286 1113 1395 1186 srtoria
1410 1115 1497 1194 vito,
1522 1107 1770 1203 sod·respieisot
1787 1113 1828 1185 od
1846 1111 1996 1183 sttturrm
2011 1107 2077 1204 glo

461 1216 557 1300 mini,
566 1215 725 1310 quomodo
734 1216 869 1312 placcat
880 1211 1044 1296 Dumium·
1063 1215 1190 1299 hocest,
1204 1215 1261 1302 qui
1285 1215 1379 1285 riom
1409 1216 1495 1284 ’Sed
1522 1236 1596 1303 cop.
1619 1216 1690 1287 xt..
1718 1214 1828 1286 addit:
1862 1211 2006 1294 „Etim
2024 1217 2076 1282 tui

461 1315 497 1385 in
507 1314 663 1386 crelibotu
680 1318 813 1395 vivunt,
825 1315 1045 1405 expeditiores
1060 1309 1133 1385 sunt
1148 1315 1190 1386 od
1204 1339 1261 1385 cu·
1285 1308 1451 1392 „roelibes
1465 1313 1570 1401 gratio
1583 1305 1663 1380 solvi
1677 1307 1755 1382 sodli
1771 1312 1864 1395 estis,
1890 1318 1927 1382 dc
1941 1303 2006 1378 hoc
2017 1327 2075 1379 ooo
2105 1329 2108 1340 ·

460 1415 625 1498 randum,
651 1439 725 1502 que
746 1408 818 1484 sunt
839 1415 997 1493 Domini,
1022 1411 1089 1484 sive
1112 1416 1146 1485 in
1161 1413 1261 1484 mini·
1284 1433 1355 1489 „er
1377 1406 1470 1482 vobis
1486 1434 1501 1489 3·
1529 1405 1583 1480 sed
1610 1412 1674 1479 Dei
1694 1411 1821 1481 donum
1839 1405 1912 1488 est,
1951 1425 2017 1478 non
2039 1427 2075 1476 ex

459 1511 559 1582 sterio
577 1508 694 1598 verbi,
722 1509 787 1582 sive
804 1515 839 1581 in
857 1510 927 1582 aliis
941 1512 1071 1600 pietatis
1083 1509 1258 1592 exercitiis,
1283 1557 1307 1592 „
1315 1505 1497 1594 operibus,
1522 1531 1565 1579 ne
1587 1507 1660 1597 quis
1682 1502 1769 1580 forte
1790 1503 1968 1598 glorietur.
1997 1499 2074 1600 Cap.

459 1606 538 1679 inde
560 1609 648 1680 idem
675 1608 840 1696 apostolus
868 1610 975 1684 rCor.
990 1606 1051 1681 lx.
1070 1631 1103 1699 5.
1126 1608 1256 1696 inquit:
1283 1652 1306 1687 „
1318 1601 1418 1678 LXI
1421 1602 1465 1678 V.
1517 1607 1596 1676 Nou
1614 1602 1744 1680 dubitet
1763 1602 1849 1676 hone
1867 1626 1941 1676 rem
1960 1599 2009 1678 illl
2022 1603 2075 1688 rei,

461 1699 637 1800 Nmnqnid
662 1728 728 1777 non
751 1703 907 1778 iubenior
930 1707 1121 1806 potestatem
1140 1701 1259 1777 mulir·
1282 1703 1539 1793 „virginitatem
1559 1695 1704 1782 seilicet,
1729 1701 1888 1790 coningio
1905 1722 2075 1794 prepone·

458 1826 528 1876 rem
545 1801 696 1899 sororem
717 1801 1001 1888 circumducendi,
1025 1805 1113 1901 ficui
1136 1799 1178 1875 s!
1196 1822 1259 1874 cae·
1283 1827 1371 1882 „re,
1396 1821 1597 1872 nontamen
1624 1797 1692 1871 her
1717 1800 1771 1873 nel
1793 1800 1862 1871 hec
1879 1802 1981 1890 virgo
2002 1797 2075 1872 obe·

460 1901 526 1976 tcri
537 1902 681 2002 aposloli
699 1897 741 1975 ss
749 1899 1037 1997 scotrcsDomini
1053 1898 1094 1975 85
1107 1895 1258 1996 Ccplos?
1282 1902 1405 1978 „diens
1422 1915 1456 1971 uc
1477 1901 1586 1970 Deum
1604 1899 1723 1970 timens
1743 1897 1793 1969 illi
1811 1895 1867 1970 vel
1885 1897 1939 1969 illi
1953 1897 2074 1972 mulieri

459 1995 516 2070 sed
530 2003 639 2089 posteo
660 2003 750 2072 oddit
773 2028 803 2073 v.
833 2020 885 2086 15.
939 1997 1018 2096 Ego
1035 1997 1122 2071 nulio
1139 1999 1257 2071 lorum
1281 1991 1541 2092 ‚‚(coniugotae)
1561 1994 1731 2068 obedienti
1751 2005 1786 2068 &
1811 2001 1926 2068 Deum
1953 1994 2075 2069 timenti

458 2094 537 2191 ustos
545 2094 633 2191 snm.
651 2125 682 2170 v.
696 2120 752 2188 23.
807 2091 933 2169 Omnio
945 2110 1054 2170 notem
1063 2097 1166 2190 facio
1179 2119 1258 2194 pro·
1281 2097 1343 2173 „se
1355 2091 1521 2166 anteferre
1534 2097 1672 2178 nudent,
1697 2092 1845 2183 alioquin
1861 2120 1932 2165 oon
1946 2096 2010 2168 erit
2021 2093 2074 2166 bo·

382 2215 385 2224 ·
454 2203 533 2362 {ici
552 2193 780 2292 euangelium,
799 2206 837 2268 ul
851 2197 921 2267 cius
930 2197 1106 2296 port‘tps
1119 2195 1256 2290 efficiorc
1280 2194 1407 2270 „utilis
1430 2185 1515 2285 Cap·
1541 2188 1667 2264 XLV.
1719 2195 1851 2266 Div'inae
1866 2193 1985 2284 gretie
1997 2190 2073 2266 nul·

483 2315 524 2363 oe
537 2293 602 2374 est,
628 2317 699 2364 mes
715 2290 829 2381 sponte
844 2318 862 2362 s
878 2297 1090 2365 matrimonio
1105 2293 1255 2379 abstinui,
1280 2312 1344 2367 „to
1363 2286 1437 2360 sunt
1457 2313 1615 2375 munera,
1638 2298 1673 2361 dc
1699 2293 1746 2361 est
1773 2288 1863 2362 eliud
1888 2291 1956 2364 elio
1979 2294 2073 2365 moiun

459 2410 496 2460 ut
512 2393 554 2460 od
578 2386 805 2477 profedtiones
826 2392 1027 2480 evangelieo
1047 2395 1255 2480 predicatio.
1281 2412 1348 2467 „oc
1368 2386 1494 2458 melius.
1510 2383 1596 2483 Cap.
1607 2385 1756 2461 XLVI.
1806 2387 1917 2476 Mults
1937 2384 2071 2462 suntdo·

458 2487 510 2557 nis
529 2482 621 2559 truso
638 2481 856 2572 suscipiendos
865 2486 962 2560 essem
979 2492 1176 2580 expeditior,
1195 2511 1257 2560 net
1280 2510 1372 2565 „nm
1392 2493 1427 2558 dc
1442 2485 1504 2556 alio
1521 2485 1592 2556 ollis
1610 2485 1748 2558 clariore
1765 2513 1802 2558 oc
1820 2485 2005 2576 superiore,
2018 2485 2070 2558 lin·

458 2607 641 2674 gravarem·
663 2583 813 2672 ecclefior
836 2584 994 2657 sumtibus
1016 2589 1139 2658 in‘mei
1164 2609 1257 2658 meo·
1280 2634 1301 2670 ,.
1312 2582 1396 2668 gulis
1412 2582 1547 2672 smguln.
1586 2589 1627 2654 Et
1641 2583 1816 2672 aliquando
1829 2583 1916 2662 ulter
1932 2581 2092 2658 studuo'

433 2683 600 2768 ‘rumque
624 2677 888 2756 sustentationem
908 2677 1151 2756 conserendis„
1187 2689 1256 2754 Au·
1278 2675 1360 2769 ,rsus
1380 2681 1426 2752 est
1442 2685 1536 2750 donis
1556 2682 1788 2769 paucioribus,
1811 2677 1866 2756 sed
1882 2683 2069 2773 potioribus

456 2778 608 2868 guitinus
630 2775 836 2867 &plerique
864 2801 1016 2851 veterum
1034 2806 1096 2867 per
1117 2805 1255 2876 regnum
1280 2777 1395 2863 „olrer
1413 2776 1644 2860 inferimbus,
1657 2777 1709 2851 sed
1724 2778 1888 2869 pluribus.
1917 2788 2067 2872 thuem·

350 2907 355 2920 ¹
457 2872 614 2946 culorum
637 2875 829 2964 intelligunt
858 2879 959 2949 vitem
981 2889 1158 2968 eternam,
1188 2903 1256 2950 non
1279 2877 1490 2964 ,momorum
1508 2879 1597 2948 inter
1625 2874 1656 2949 se
1684 2877 1738 2950 vel
1760 2897 1997 2966 coequentur,
2023 2875 2066 2952 tel

457 2994 568 3044 sutem
583 2974 615 3043 id
630 2970 754 3043 fuciunt
767 2969 857 3046 sensu
872 2972 1063 3064 pontificio,
1086 2975 1172 3062 quos
1189 3001 1256 3047 eoe·
1281 2973 1554 3064 „distinguantur
1585 2979 1618 3044 in
1643 2978 1842 3064 accipiendis
1862 2983 1996 3052 eternis
2017 2978 2065 3050 lto·

457 3066 577 3140 libutus
601 3068 638 3139 fit
659 3065 851 3162 fotissassio
872 3081 1079 3164 peccalorum
1101 3075 1255 3143 maxima
1280 3068 1465 3155 pluribus,
1490 3076 1562 3160 quis
1579 3073 1751 3145 homiuum
1769 3079 1886 3148 nudent
1905 3071 2064 3166 judicare!

462 3161 504 3239 fis
525 3167 677 3240 moritum
707 3170 805 3260 regni
834 3168 1013 3244 culornm,·
1052 3167 1136 3239 hane
1165 3175 1254 3241 enim
1280 3171 1390 3256 „dum
1415 3188 1524 3241 tomen
1554 3175 1679 3244 constet
1699 3183 1734 3246 dc
1752 3173 1855 3245 multo
1873 3172 2064 3248 olseillsdi·

457 3263 681 3337 detorfionem
705 3265 830 3336 disertis
851 3265 959 3335 verbis
976 3268 1173 3352 repudiant,
1200 3267 1253 3339 sed
1277 3263 1420 3351 ,‚vctso‚
1448 3279 1481 3340 &
1501 3293 1565 3341 non
1588 3277 1627 3341 od
1647 3269 1787 3358 presens
1802 3295 1953 3361 tempus,
1977 3271 2062 3343 sedin

457 3357 550 3435 seusu
566 3362 770 3439 orthodoxo,
793 3365 882 3448 quod
898 3368 963 3432 vita
985 3386 1106 3434 eterna
1122 3390 1161 3436 ex
1175 3389 1252 3456 gra·
1276 3386 1460 3448 „eternum
1472 3367 1620 3455 prodesse
1631 3363 2061 3468 nteliorniCopXLVIIl·

457 3465 502 3531 tia
518 3482 658 3547 propter
684 3457 853 3529 Christum
881 3462 977 3530 detur
1004 3458 1155 3533 fidelibus
1180 3488 1251 3534 tum
1276 3464 1413 3545 „Etiam
1433 3469 1474 3536 ad
1495 3469 1638 3558 virgines
1659 3470 1827 3556 pertinet:
1853 3471 1943 3564 Quis
1954 3469 2061 3562 glorio·

457 3556 632 3630 roelibibus
669 3574 740 3622 tum
764 3558 959 3646 coniugatis.
1013 3564 1150 3632 Interim
1164 3563 1252 3659 strui
1277 3558 1398 3644 „bitur
1415 3560 1445 3634 se
1459 3568 1581 3635 callum
1601 3564 1723 3636 habere
1738 3564 1822 3638 ror?
1842 3590 1900 3640 aut
1916 3564 2060 3657 quirglo·

447 3652 545 3755 stello
565 3648 680 3743 differt
697 3673 718 3721 ct
729 3651 824 3749 stello
846 3656 881 3725 in
903 3654 1079 3740 claritate,
1107 3662 1150 3729 ita
1174 3659 1250 3750 illi,
1277 3659 1447 3740 „tiabitur
1464 3664 1626 3734 mundum
1643 3661 1674 3735 se
1689 3660 1752 3735 esse
1768 3665 1962 3754 npercotoi
1975 3667 2059 3740 etism

452 3746 684 3836 quicoelibotn
701 3755 965 3840 rediturarum,
993 3767 1027 3827 &
1047 3759 1080 3824 in
1098 3754 1160 3826 hoc
1177 3760 1252 3828 vite
1275 3757 1452 3847 „virgines
1479 3758 1629 3832 Christus
1658 3760 1799 3834 errlrsae
1820 3760 1956 3854 sponsos
1978 3783 2059 3835 orote

452 3849 536 3919 ilotu
556 3844 629 3934 plus
647 3845 796 3918 laborant
810 3853 842 3919 in
865 3851 1029 3942 evangeiii
1045 3856 1249 3940 predicatio·
1275 3857 1438 3937 „doctrin
1463 3860 1593 3928 dimitte
1613 3857 1707 3929 nobis
1725 3859 1836 3933 debito
1851 3859 1971 3938 nostro.
1986 3859 2057 3958 Cap.

452 3948 678 4032 ne&pietatis
688 3948 858 4029 exercitiis,
869 3952 1125 4040 prerogativam
1135 3976 1250 4038 qoam.
1273 4002 1296 4034 „
1310 3950 1454 4027 XLIX.
1513 3958 1618 4027 litium
1648 3959 1832 4049 virginibus
1854 3964 2002 4034 dicitur:
2033 3958 2080 4031 si·

452 4047 530 4115 dom
547 4047 581 4112 in
602 4045 677 4113 vitae
704 4064 831 4120 eterne
851 4044 959 4135 gloria
983 4042 1055 4117 sunt
1076 4047 1250 4131 babituri,
1276 4053 1501 4140 ,‚dixrrimus‚
1527 4055 1681 4142 quoniam
1702 4079 1876 4147 pectorum
1892 4085 1959 4131 non
1972 4058 2057 4131 bobr·
2107 4061 2108 4065 ’

452 4139 580 4212 sienim
594 4142 640 4210 est
655 4146 779 4212 donum
795 4146 1008 4227 prestantius,
1024 4147 1138 4233 utique
1149 4151 1250 4218 etiom
1275 4172 1404 4237 „nsus,
1432 4156 1605 4222 menduces
1629 4147 1749 4227 sumus.
1774 4151 1859 4252 Cap.
1877 4154 1945 4234 LI.
1994 4158 2057 4229 Vir·

451 4240 627 4329 premium
650 4241 852 4325 prestontius
869 4240 1055 4331 legitimum
1073 4248 1141 4314 eius
1155 4241 1249 4318 usum
1274 4249 1448 4337 „giuitoris
1470 4248 1595 4320 bonum
1622 4274 1743 4337 quanto
1764 4279 1925 4345 magnum
1949 4258 2054 4335 video,

451 4335 678 4424 consequetur.
729 4341 839 4405 Verba
856 4341 1030 4430 Augustini
1054 4340 1095 4410 li:
1114 4342 1248 4423 babent,
1276 4369 1401 4426 „tanto
1415 4349 1463 4425 ei,
1487 4370 1528 4418 ne
1548 4371 1689 4438 pereat,
1716 4349 1865 4424 futuram
1882 4350 2053 4440 superbitur

452 4438 495 4506 de
512 4441 542 4507 S.
562 4434 926 4546 virginincapxxll.
992 4433 1247 4533 Scripturururn
1272 4492 1295 4524 ‚,
1304 4440 1513 4533 pertimesco.
1564 4448 1717 4520 Fidenter
1741 4451 1841 4531 dico,
1873 4450 1998 4524 facilius
2017 4445 2076 4522 se·-

451 4533 645 4607 divinarunt
670 4531 915 4628 rvtdcnnfflcnis
933 4536 1126 4633 testimoniis
1140 4540 1247 4635 adpo·
1272 4565 1448 4628 „quuntur
1465 4567 1588 4632 agnum
1610 4549 1780 4638 coniugati
1792 4547 1955 4643 humiles,
1969 4571 2054 4638 quon

451 4643 520 4715 ret,
556 4655 620 4702 non
646 4641 784 4725 propter
803 4629 996 4727 presentent
1022 4633 1119 4709 innius
1138 4638 1247 4734 seculi
1270 4636 1525 4730 „superbientes
1545 4643 1700 4733 virgines.
1724 4642 1809 4742 Cup.
1834 4644 1924 4726 LII.
1973 4649 2053 4721 tnui·

452 4732 580 4813 vitam,
599 4727 662 4824 scri
675 4741 811 4844 propter
823 4728 992 4822 futuram,
1009 4754 1080 4827 quae
1093 4736 1128 4808 in
1143 4761 1245 4832 regno
1270 4743 1379 4819 „tiam
1392 4744 1530 4812 velitem
1550 4740 1652 4813 nolite
1667 4745 1826 4836 statuere,
1847 4753 1926 4821 Deo
1943 4773 1999 4821 vos
2010 4753 2054 4834 ju·

450 4833 603 4901 culorum
633 4831 868 4923 promuntur,
898 4832 1135 4906 continentiam
1162 4837 1246 4909 dili·
1271 4838 1450 4922 „stiliconti
1471 4836 1671 4928 submittite,
1697 4845 1828 4916 venitm
1843 4850 1986 4934 petentis
2001 4849 2053 4916 do·

449 4929 615 5024 gencium,
654 4929 686 4997 id
709 4927 828 5014 probat
860 4953 899 4998 ex
933 4933 1041 5004 rCor.
1075 4933 1157 5005 Vll.
1189 4959 1244 5022 32.
1272 4961 1375 5020 „note
1387 4938 1697 5027 olienis‚oratepro
1712 4943 1836 5017 vestris.
1855 4937 2051 5044 capulis.

448 5025 572 5141 Msub,
589 5024 681 5096 XIX.
698 5052 747 5096 12.
773 5023 853 5098 Esoi.
865 5028 958 5101 LVI.
974 5056 1008 5122 4.
1059 5033 1140 5130 Quo
1156 5030 1246 5105 sensu
1271 5038 1440 5135 „Quanto
1468 5037 1581 5125 magni
1603 5041 1694 5119 cilis,
1717 5043 1906 5134 quicunque
1927 5047 1972 5117 its
1994 5069 2053 5114 mr·

447 5149 548 5201 etum
575 5130 723 5198 Brennus
755 5130 906 5200 concedit
931 5131 967 5201 in
991 5129 1101 5206 verbis
1122 5133 1246 5210 Christi
1270 5139 1365 5230 „gni
1384 5139 1477 5219 estis,
1506 5159 1597 5213 tnnto
1614 5136 1785 5215 humiliore
1810 5167 1870 5222 ros
1899 5143 2054 5218 inomni
2103 5207 2109 5238 ,

1928 5240 2056 5372 (pbri.
