4884 5984
553 525 627 618 Μ
717 521 1007 608 Locvsxxvn
1040 509 1195 596 Cth.
1220 517 1399 595 MEMBR.
1416 522 1461 597 ll.
1486 519 1594 595 Aur.
1611 520 1655 590 ll.
1679 503 1837 591 PARSl.
1860 515 2061 592 secmv.
2170 543 2172 596 ;

554 720 766 796 matrimonia
789 715 957 818 ejusmodi·
970 719 1165 792 concedunt.
1217 711 1355 789 Preiet-
1380 717 1536 791 trintonia
1561 716 1823 807 permittentur,
1868 733 1961 785 notat
1992 710 2167 788 nubetur

451 855 456 860 ·
555 822 617 892 tint
647 824 692 900 ι.)
718 819 831 891 sitite
848 820 971 907 prioris
988 819 1139 908 conjugis
1155 818 1286 888 edulter
1302 816 1354 890 vcl
1379 821 1421 890 de
1445 825 1581 907 coniug.
1611 840 1688 906 pug.
1715 822 1795 891 nou.
1832 826 1838 834 '

553 914 703 990 adultero
719 943 784 989 non
804 916 929 989 fuerint
943 913 1093 988 inlidieti.
1162 923 1209 1001 e.)
1235 919 1266 988 si
1287 939 1355 985 non
1455 926 1489 1007 §.
1507 917 1787 989 CCCLXXXlV.
1816 917 1901 987 Sene
1923 909 2034 1000 liquit
2049 909 2174 1010 nupt'ut'

554 1018 710 1118 dederint
721 1015 779 1089 fibi
792 1019 936 1088 inuicem
950 1015 1154 1086 matrimonii
1168 1011 1286 1088 fidem·
1302 1010 1354 1086 sed
1380 1017 1529 1101 jamdum
1546 1013 1710 1085 contraxit
1723 1037 1800 1085 cum
1815 1036 1872 1090 ea,
1893 1035 1992 1098 quam
2009 1008 2104 1098 prius
2118 1031 2170 1099 per

555 1116 734 1190 carnaliter
742 1110 1120 1187 tantumtonsueuerint.
1159 1119 1214 1202 3.)
1231 1117 1262 1184 Si
1273 1136 1356 1200 pre·
1384 1111 1583 1186 adulterium
1601 1108 1747 1201 polluit,
1775 1136 1828 1183 eas
1842 1136 1911 1181 nun
1928 1104 1990 1182 elie
2005 1103 2172 1181 diluluu-

557 1214 654 1286 cedat
667 1211 802 1302 publica
821 1214 1030 1301 poenitentia.
1085 1217 1137 1298 4·)
1160 1212 1191 1281 Si
1207 1210 1360 1300 relegen·
1384 1214 1440 1282 das
1461 1212 1705 1296 existimemus,
1743 1208 1850 1296 sicque
1872 1204 2074 1296 posthabito
2099 1205 2173 1295 jurii
2193 1277 2197 1284 ,

558 1329 614 1383 tur
631 1311 678 1382 illi
694 1319 853 1402 conjuges
874 1337 913 1381 er
929 1334 966 1381 cu
983 1311 1127 1388 ditione,
1151 1310 1183 1378 in
1198 1333 1261 1395 qua
1283 1331 1359 1395 per·
1383 1309 1544 1397 pontificii
1571 1310 1684 1398 rigore
1710 1307 1774 1378 hoc
1799 1309 2040 1389 impedimento
2070 1305 2176 1377 mebi,

555 1429 725 1499 petentum
741 1408 804 1479 fuit
818 1409 1036 1492 adulterium,
1062 1423 1097 1480 ot
1112 1404 1359 1497 proficiscuntur
1383 1409 1531 1479 m'onium
1544 1401 2082 1494 contrudumdissblvinegemut,
2107 1427 2177 1476 cunr

555 1506 592 1577 in
610 1507 712 1578 alium
727 1505 855 1584 locum.
881 1506 939 1578 ubi
957 1504 1081 1578 furium
1099 1509 1284 1596 ignoratur.
1312 1511 1359 1595 5.)
1381 1531 1422 1577 ex
1436 1514 1509 1594 jure
1525 1507 1639 1575 divino
1656 1528 1721 1575 non
1734 1499 1928 1584 descendam
1943 1504 2079 1573 interim
2094 1501 2177 1574 idem
2211 1591 2213 1596 Ι

556 1604 640 1677 Tele
671 1606 919 1678 matrimonium
949 1608 1077 1677 ineatur
1108 1605 1152 1674 ob
1184 1607 1358 1675 commode
1382 1602 1445 1676 elle
1473 1607 1748 1690 impedimentum
1775 1600 2039 1673 contrabentium
2067 1599 2177 1674 matri·
2209 1655 2219 1728 ί

560 1702 827 1776 contrahentium
852 1730 968 1774 amore
986 1727 1067 1775 natae
1085 1700 1229 1786 sobolis,
1268 1713 1300 1776 &
1321 1723 1358 1772 ut
1383 1705 1531 1774 monium
1549 1704 1732 1789 impedient
1750 1695 1950 1786 adserimus,
1978 1724 2018 1772 ac
2037 1699 2175 1790 proinde

453 1863 465 1878 ,
556 1801 810 1883 adulteretur,
841 1827 939 1891 quarn
964 1797 1113 1880 seduxit,
1138 1804 1172 1871 in
1194 1803 1280 1872 viem
1306 1827 1357 1871 re·
1382 1828 1458 1873 cum
1483 1805 1661 1873 Mentzero
1682 1807 1722 1872 de
1745 1809 1878 1889 conjug.
1901 1821 1979 1888 prg.
2004 1818 2082 1869 rtt.
2100 1798 2176 1870 dici·
2206 1857 2208 1864 .

447 1927 451 1934 ·
491 1908 495 1915 '
559 1902 678 1982 ducat,
710 1925 751 1972 ne
772 1904 805 1970 in
827 1909 921 1990 pejus
943 1921 1028 1971 runt.
1078 1901 1129 1969 Sic
1153 1901 1242 1970 enim
1264 1904 1357 1988 prior
1382 1927 1476 1976 mus,
1498 1898 1694 1993 nonsocr'ie
1720 1923 1740 1970 a
1762 1900 1820 1970 vin
1834 1896 1946 1998 stride·
1966 1894 2098 1992 rigorir
2118 1895 2175 1970 hoc

557 1999 686 2070 macula
714 2001 962 2087 quodammodo
994 1999 1220 2088 abstergitur,
1263 1996 1357 2069 adlli-
1382 2001 1417 2070 in
1426 1996 1592 2095 perirest&
1605 1999 1830 2083 recedendum,
1849 1992 1889 2070 fii
1898 1993 2174 2092 eximerretiato·

558 2098 619 2168 &is
644 2096 794 2168 levamen
815 2095 950 2185 aliquod
973 2101 1184 2174 conceditur,
1210 2105 1246 2168 δι
1269 2097 1357 2184 proli
1381 2100 1429 2172 les
1444 2100 1580 2194 nuptiae
1596 2097 1824 2172 concedendus.
1883 2096 1931 2184 t.)
1956 2096 2050 2188 Quia
2068 2095 2174 2168 mutu

557 2191 755 2286 legitimatio
781 2192 965 2266 confertur.
993 2219 995 2224 ·
1037 2193 1198 2265 lutherus
1221 2196 1256 2263 in
1277 2192 1353 2265 libr.
1381 2201 1486 2269 nodis
1518 2198 1650 2285 publica
1684 2196 1833 2268 honestas
1864 2191 2027 2284 ejusmodi
2049 2195 2172 2286 -uuptiir

506 2310 511 2319 ’
557 2296 602 2365 de
622 2313 710 2382 cept.
736 2293 845 2377 Babyl.
870 2317 943 2381 cap.
968 2295 1010 2363 de
1036 2296 1181 2363 matrim.
1207 2313 1287 2364 torn.
1312 2299 1354 2364 ll.
1380 2296 1533 2368 violatur.
1606 2304 1653 2378 2.)
1688 2299 1849 2383 Aperitur
1871 2292 2014 2366 fenestra
2039 2290 2169 2366 licentie

558 2394 683 2479 tat-p.
701 2403 782 2473 281.
834 2387 1109 2487 Irnpedirrtentunt
1125 2390 1280 2462 criminis
1297 2413 1355 2462 vo·
1379 2397 1516 2465 minime
1537 2392 1691 2466 ferenda.
1729 2395 1838 2486 ,Quid
1858 2395 1947 2465 enim
1968 2413 2044 2463 nou
2061 2389 2168 2468 faciut

558 2499 654 2572 cant,
678 2489 738 2562 nbi
750 2490 825 2583 quir
846 2490 984 2563 duxerit
998 2492 1096 2584 prins
1115 2488 1276 2584 pollutam
1293 2489 1354 2561 ad·
1385 2494 1546 2573 adulteri,
1571 2489 1704 2582 stipem
1720 2491 1844 2565 habere
1861 2487 2079 2580 poffurtolim
2101 2515 2165 2576 aon:

558 2586 702 2671 ulteria,
727 2598 789 2659 ont
808 2588 1019 2661 machinatur
1031 2589 1144 2681 suerit
1168 2590 1203 2659 in
1225 2603 1361 2660 mortem
1384 2590 1535 2662 trahendi
1555 2593 1698 2662 invicem
1720 2591 1949 2666 matrimonii?
1989 2592 2040 2681 3.)
2058 2589 2162 2684 Quod·
2204 2581 2220 2594 “

560 2685 704 2760 alterius
720 2689 899 2781 conjugis,
924 2712 987 2781 quo
1009 2709 1082 2759 curn
1096 2684 1272 2785 superstite
1287 2712 1362 2758 con·
1385 2716 1460 2760 nam
1478 2685 1577 2776 pollet
1595 2687 1659 2760 elle
1681 2692 1714 2761 in
1734 2691 1890 2781 cunjugio
1911 2686 2073 2760 dclittum
2092 2711 2162 2760 etro·
2207 2681 2219 2692 “

557 2785 690 2859 truhne
708 2784 816 2884 ‘pofflt
874 2783 1045 2881 Obsecro,
1077 2785 1162 2858 unde
1188 2789 1244 2885 iste
1265 2789 1362 2882 rigor
1385 2791 1471 2867 tius,
1496 2813 1595 2875 quam
1618 2807 1653 2858 ut
1675 2787 1760 2861 ulter
1782 2796 1965 2878 conjugum
1985 2810 2055 2859 nun
2076 2781 2162 2864 solun

439 2955 447 2972 ,
556 2882 730 2960 hominnm
758 2886 794 2959 in
818 2883 995 2970 domines,
1024 2886 1153 2980 prolem
1178 2909 1236 2956 nec
1267 2881 1363 2960 Deus
1386 2884 1486 2958 fidem
1506 2890 1641 2978 conjugi
1660 2910 1728 2958 uon
1751 2882 1882 2968 servet,
1909 2882 1962 2957 t‘ed
1984 2888 2085 2960 etim
2103 2887 2161 2958 viu

555 3007 702 3081 unquam
724 2981 867 3081 exegit?
892 3009 938 3057 an
958 2987 1117 3078 ignorare
1128 2981 1167 3080 se
1178 2983 1355 3085 firnulunt,
1383 2994 1453 3073 ejm
1481 2983 1675 3066 infidietur,
1714 3011 1791 3057 curn
1816 3009 1882 3074 quo
1903 2980 2073 3056 summum
2096 2983 2160 3060 eni·

557 3080 739 3178 Batifaha
762 3106 901 3158 uxorem
936 3081 1031 3159 Uriae
1056 3095 1193 3179 utroque
1218 3085 1357 3158 erimine
1369 3087 1465 3155 citio:
1479 3088 1621 3177 gradum
1635 3084 1746 3156 colere
1758 3080 1942 3157 debuisset.²
1966 3081 2159 3174 summeiai

557 3183 715 3278 impleto,
742 3182 849 3283 idest,
873 3182 1106 3280 praepollntnrn
1125 3182 1293 3255 udetlterio
1318 3173 1359 3258 ii
1384 3207 1439 3253 tur
1456 3185 1607 3269 iniquum
1625 3181 1731 3268 foret,
1756 3183 1942 3255 adulterum
1960 3179 2161 3269 huiuscriml·
2203 3269 2211 3282 Ι

437 3287 442 3300 ’
557 3281 664 3374 occiso
691 3283 766 3356 viro
795 3294 906 3363 tunren¹
931 3281 1062 3355 dniitnn
1087 3306 1107 3353 a
1133 3279 1255 3354 Dauid
1277 3280 1359 3376 „snu-
1383 3285 1431 3356 nis
1452 3277 1496 3351 sui
1519 3279 1665 3354 fructum
1684 3282 1792 3352 ndbuc
1815 3278 1933 3353 sentire
1952 3306 1992 3350 et
2015 3307 2101 3356 novo
2117 3277 2161 3352 illo

557 3380 691 3478 iiiffimo
716 3378 831 3453 tn'rn?2
876 3378 919 3455 Si
942 3383 1000 3454 Iex
1024 3381 1359 3474 triumuiratum,
1382 3385 1551 3471 cunjugio.
1603 3384 1767 3474 Quamvis
1794 3404 1874 3452 veto
1898 3378 2034 3450 obverti
2061 3378 2161 3458 solen.
2213 3377 2219 3404 ·’

558 3473 641 3581 qnid
654 3481 793 3577 sariunt
811 3479 958 3554 homines
974 3483 1112 3575 tyranni
1133 3482 1168 3553 in
1182 3479 1265 3576 suos
1280 3506 1359 3554 con·
1383 3477 1648 3579 distinguendum
1681 3477 1740 3577 effe
1771 3478 1879 3575 iustam
1904 3478 2163 3557 enutrimoninn·
2205 3527 2210 3534 -

550 3578 703 3681 servos?
728 3584 1093 3670 ldemrepetittont.ll.
1114 3588 1358 3672 jenGerman.
1383 3579 1471 3675 quod
1497 3578 1689 3650 contrahere
1719 3578 1837 3651 nolitne
1865 3577 1986 3675 polluti
2016 3577 2165 3653 adulterio
2216 3584 2220 3628 ²

559 3680 638 3753 libr.
664 3685 705 3751 de
728 3681 796 3750 vita
824 3688 958 3770 conjug.
975 3678 1034 3750 fol.
1065 3702 1141 3768 ¹5³·
1168 3681 1227 3751 ubi
1244 3684 1359 3753 addit:
1385 3678 1429 3750 nb
1447 3677 1710 3751 antecedentibus
1728 3679 1818 3752 illius
1836 3678 2067 3762 inutrimunii,
2085 3675 2164 3752 adul·
2210 3707 2216 3712 ·

566 3776 684 3877 Laster
701 3778 770 3848 und
788 3771 904 3849 Srinde
913 3776 981 3874 soll
1003 3800 1080 3850 mon
1095 3777 1257 3877 sinister,
1284 3775 1363 3852 aber
1387 3779 1469 3850 terio
1490 3778 1628 3871 scilieet
1658 3782 1748 3874 eique
1774 3777 1956 3872 conjnndir
1974 3775 2163 3874 sideribus,

420 3913 424 3917 -
560 3872 894 3970 mitonderStraffe‚
920 3875 1012 3950 nicht
1023 3880 1085 3950 mit
1101 3876 1174 3950 Eue
1185 3878 1357 3951 verbieten.
1387 3903 1452 3950 non
1470 3877 1553 3949 iliud
1561 3877 1624 3973 sed
1637 3876 1705 3951 ltaee
1719 3880 1753 3949 in
1769 3875 1866 3975 clnffe
1883 3879 2030 3974 turpium
2044 3877 2102 3979 effe
2113 3876 2168 3954 cul·

558 3974 679 4064 Philip.
702 3973 943 4047 Melanchtbon
963 3980 996 4047 in
1022 4000 1115 4068 corp.
1139 3981 1228 4049 doot.
1248 3980 1357 4050 christ.
1385 3977 1548 4064 iurandm
1576 3980 1690 4068 neguri
1715 4003 1824 4049 tamen
1850 3982 1986 4064 nequit,
2010 3976 2031 4048 fi
2056 3977 2168 4054 adulte.

559 4096 595 4164 ρ.
617 4099 698 4164 7ς4.
751 4073 924 4159 Chytraeus
944 4078 978 4145 in
995 4080 1091 4148 Levit
1119 4100 1152 4165 p.
1171 4100 1255 4165 4¹4·
1308 4081 1360 4148 Bi·
1387 4082 1438 4147 rio
1455 4076 1591 4167 pollutis
1607 4080 1808 4149 matrimonii
1826 4077 1911 4148 illius
1925 4076 2060 4153 licentia
2074 4082 2168 4168 detur.

560 4169 1276 4268 deubachiusdecruimnrim.pag.105.
1302 4176 1357 4247 ubi
1383 4172 1469 4266 ipsos
1498 4172 1644 4246 frustum
1674 4174 1816 4261 aliquem
1846 4172 1974 4248 sceleris
2001 4172 2049 4251 sui
2075 4179 2169 4269 perti·

559 4275 594 4345 in
623 4274 747 4345 constit.
779 4272 949 4344 Wirtenb.
979 4277 1012 4344 id
1039 4272 1232 4364 permitiunt
1265 4272 1359 4348 fuillc
1383 4300 1488 4363 pere,
1521 4285 1555 4347 ὰ
1577 4270 1697 4361 ubsque
1718 4273 1908 4367 graviffimu
1932 4273 2083 4350 scandalo
2102 4279 2174 4354 tulet,
2205 4329 2208 4366 :

561 4374 668 4453 dicit,
709 4367 835 4442 1Febr.
865 4394 1081 4461 rnn01599.
1130 4372 1357 4448 zoDecemb.
1383 4373 1689 4461 nuptinscontrnbi
1713 4377 1765 4445 vix
1790 4372 1888 4462 polle.
1950 4385 2001 4466 4.)
2032 4369 2212 4458 demde}

559 4471 661 4558 ejusd.
678 4471 758 4560 ,unni
773 4477 806 4539 dt
826 4473 1020 4553 9Decemb.
1042 4497 1127 4542 annu
1151 4484 1250 4559 1596.
1276 4480 1361 4545 Tar·
1383 4476 1501 4562 repud.
1522 4482 1555 4544 δε
1575 4475 1695 4543 divort.
1721 4499 1796 4564 pag.
1819 4484 1902 4560 236.
1917 4478 2008 4546 addit
2028 4477 2111 4552 banc
2128 4503 2172 4550 ra.

558 4571 676 4640 novius
699 4566 757 4639 lib.
780 4574 802 4638 l.
827 4572 867 4639 de
887 4580 1020 4660 conjug.
1038 4596 1066 4642 c.
1086 4592 1142 4654 50.
1175 4579 1210 4642 dt
1228 4597 1266 4641 ex
1282 4572 1360 4646 Cal·
1384 4573 1526 4644 tionem:
1545 4566 1624 4641 Nun
1637 4573 1771 4669 patitur
1784 4573 2027 4668 quodaminodo
2043 4575 2116 4673 ipse
2129 4601 2172 4651 re·

557 4668 698 4738 vinianis
727 4670 961 4758 Hennnmgius
986 4672 1027 4739 de
1056 4677 1191 4760 conjug.
1219 4695 1254 4757 p.
1277 4695 1358 4760 2¹4·
1384 4695 1458 4742 rum
1484 4681 1631 4753 notura,
1664 4683 1834 4745 atratum
1859 4675 1898 4762 fit
1919 4678 2113 4773 conjugium
2135 4673 2173 4752 ab

558 4767 676 4835 Petrus
695 4770 824 4846 Mnrtyr
840 4765 873 4835 in
891 4771 970 4837 lucit
988 4792 1157 4839 commun.
1179 4793 1255 4859 pag.
1279 4785 1358 4857 583.
1385 4794 1420 4842 eo
1444 4766 1541 4865 ipso,
1569 4794 1681 4866 nempe
1704 4771 1874 4845 adulterio
1898 4774 2086 4869 incipient,
2117 4799 2174 4876 quo
2205 4797 2211 4804 '

559 4863 709 4936 Petelini
725 4867 758 4933 in
774 4890 880 4935 erum.
898 4864 1042 4955 Philipp.
1067 4890 1150 4955 part.
1171 4873 1212 4936 ll.
1233 4872 1362 4954 p.632.
1388 4894 1454 4943 nno
1469 4881 1546 4942 ruta
1561 4869 1709 4965 alioquin
1724 4874 1881 4969 conjugio
1897 4870 2105 4970 separantur.
2123 4877 2179 4954 sat
2209 4857 2220 4950 ἦ

538 4970 612 5060 ,διε
680 4975 788 5049 litque
823 4966 855 5034 id
886 4966 920 5034 in
948 4966 1144 5051 quibusdum
1172 4964 1366 5039 consiliariis
1390 4969 2203 5055 baecrutiuilludtantumevincit‚matrimonium·-

558 5057 749 5142 ebservari,
776 5083 813 5133 ut
827 5067 926 5135 certis
942 5065 1187 5138 conditionibus
1206 5063 1281 5138 talia
1297 5094 1367 5141 mu·
1390 5070 1433 5141 ab
1456 5066 1619 5142 adulterio
1640 5070 1693 5144 vel
1714 5069 1928 5163 promiffione
1949 5078 2060 5153 eidem
2082 5082 2184 5157 addite

2153 5185 2185 5254 de
