4884 5984
595 485 658 580 oe'
683 483 946 616 messanam
969 508 1034 582 ao
1060 477 1268 584 uritur.
1289 483 1533 606 'taQutsrrt
1557 505 1834 604 orarrrara.
1991 531 2055 602 ιη

379 691 538 776 aimonio
552 699 679 785 secuto,
702 702 760 775 etsr
776 700 869 776 socer
883 729 1046 797 generum
1067 732 1134 780 non
1152 707 1203 778 in·
1226 705 1370 783 dirimat
1390 701 1503 792 Deus,
1535 711 1739 806 nequeenim
1755 704 1965 806 sentiendam
1986 733 2003 780 e
2036 758 2050 796 ‚

376 799 506 880 ilituat,
531 824 641 876 tamen
662 804 911 874 matrimonium
931 803 1049 876 callide
1069 828 1200 878 contra·
1225 832 1280 880 eos
1300 831 1322 879 o
1346 805 1421 880 Deo
1442 805 1501 906 affe
1523 808 1742 904 conjurans,
1773 809 1831 904 qui
1860 807 1948 880 mole
1992 816 2054 878 ant

376 899 467 968 stum
496 924 565 972 non
589 899 790 979 dissolvitur,
817 905 893 988 ‘iul‘
921 907 1083 989 eiusmodi
1105 904 1201 975 dolus
1225 907 1400 1000 conjttniii.
1455 913 1562 996 Atque
1579 907 1641 978 ltoc
1656 911 1746 980 reste
1763 907 1931 990 statuitur,
1958 931 2054 976 cum·

374 998 507 1066 nonest
525 1001 612 1071 circa
633 995 809 1070 essentialia
831 1001 1052 1081 matrimonii,
1079 1009 1113 1076 δι
1137 999 1201 1071 boe
1226 1008 1341 1092 primis
1373 1005 1422 1100 ι.)
1442 1010 1473 1076 Si
1495 1003 1640 1092 persona
1655 1002 1885 1077 contrahentes
1899 999 2048 1075 nonsunt

373 1093 565 1180 er'entplum
583 1101 678 1186 punit
699 1095 840 1176 Baldus,
864 1101 952 1184 quod
982 1120 1093 1170 tomen
1114 1097 1202 1169 limi·
1225 1098 1272 1172 sui
1290 1106 1395 1190 juris,
1418 1098 1472 1173 sed
1493 1100 1551 1172 sub
1566 1105 1726 1190 potestate
1750 1109 1868 1190 patria,
1890 1100 1943 1172 vel
1959 1119 2050 1172 utre·

374 1187 563 1283 tatJason,
596 1218 718 1265 utnon
740 1198 923 1281 procedat,
958 1192 1105 1267 fidolus
1131 1215 1198 1267 tam
1224 1223 1308 1285 que,
1327 1198 1381 1271 vel
1401 1199 1558 1272 alterutra
1581 1199 1818 1272 liteonllituta.
1883 1203 1935 1278 2ssl
1961 1201 1994 1272 si
2015 1222 2052 1271 e·
2092 1213 2096 1224 '

374 1293 521 1362 enormis
543 1289 605 1378 lit,
628 1314 665 1363 ut
679 1291 778 1362 etiam
801 1287 990 1363 consensum
1013 1292 1117 1364 tollat.
1133 1290 1199 1364 Alii
1224 1296 1345 1368 brietas
1358 1321 1492 1368 omnem
1514 1299 1648 1368 rationis
1666 1294 1760 1368 usum
1780 1300 1957 1370 temerario
1972 1321 2051 1384 pro·

373 1387 555 1461 verobona
570 1392 813 1462 distinctionem
828 1392 1023 1477 repudiant,
1047 1402 1199 1488 &quent-
1222 1391 1347 1470 miffori
1373 1397 1521 1472 ademit,
1553 1400 1641 1481 quod
1666 1394 1718 1465 vel
1741 1394 1875 1468 testibus
1904 1393 2051 1483 proban-

374 1487 426 1584 vr's
447 1487 581 1572 dolam,
609 1487 674 1559 stre
695 1490 783 1558 circa
801 1484 996 1567 elsentialia,
1020 1488 1086 1563 stve
1110 1492 1197 1560 circa
1221 1496 1322 1574 dum,
1349 1490 1458 1562 velex
1477 1493 1727 1562 circumstantiis
1747 1491 1965 1566 veristmiliter
1981 1491 2051 1563 eol-

372 1586 587 1661 aecitlentolia
611 1587 814 1658 matrimonii
837 1581 1005 1672 versetur,
1029 1589 1198 1658 matrimo-
1221 1587 1405 1680 ligendum.
1457 1591 1511 1678 3.)
1536 1591 1568 1659 si
1587 1591 1745 1677 adpareat
1763 1588 1903 1660 lenoniis
1918 1590 2047 1661 artibus

371 1685 464 1755 nium
492 1687 657 1772 impedire
676 1679 840 1756 adserunt.
876 1685 979 1756 Cum
1007 1688 1096 1757 enim
1125 1686 1197 1770 quis
1220 1685 1457 1775 aparentibus,
1479 1684 1529 1756 vel
1547 1690 1697 1777 cognatis
1716 1683 1837 1774 sponsae
1852 1693 1926 1758 data
1945 1711 2049 1773 opera
2089 1683 2091 1688 ’

372 1781 449 1854 dolo
474 1785 645 1854 inducitur
666 1784 706 1854 ad
730 1777 992 1852 contrabendum
1024 1785 1197 1854 matrimo-
1221 1787 1254 1855 id
1271 1781 1332 1856 else
1354 1790 1489 1863 astum,
1519 1805 1556 1854 ut
1575 1787 1705 1872 juvenis
1728 1783 1874 1870 alioquin
1894 1785 2070 1855 bonellus¹

371 1881 483 1968 oium,
511 1880 577 1953 stne
596 1896 663 1969 quo
685 1880 762 1954 alias
780 1903 847 1951 non
868 1878 1080 1953 contraheret
1094 1903 1204 1961 ,·ma··
1221 1892 1258 1956 δι
1278 1878 1460 1953 sobrietatis
1477 1905 1588 1953 amans
1611 1880 1861 1962 inebriaretur,
1886 1877 1924 1953 ae
1939 1879 2049 1952 ‘fidem
2108 1881 2111 1898 '

371 1975 527 2050 nifestnn
546 1983 612 2060 est,
641 1977 755 2050 dolum
779 1975 868 2048 hunc
888 1975 1065 2050 essentialia
1082 1980 1195 2049 matri·
1219 1983 1422 2050 matrimonii
1432 2003 1524 2051 coeco
1538 1981 1678 2067 impetu,
1688 2003 1755 2051 non
1768 1978 1952 2051 deliberato
1967 2002 2048 2051 con·
2079 2027 2086 2044 ·
2141 1987 2145 2012 ⁹
2174 2045 2181 2050 .

371 2079 476 2148 monii
496 2081 672 2166 adtingere
682 2075 705 2158 ι’
716 2100 824 2163 neque
847 2077 936 2145 enim
967 2078 1002 2145 in
1021 2070 1194 2164 personam
1221 2076 1290 2148 filio
1311 2083 1413 2149 daret.
1482 2081 1532 2168 4.)
1557 2079 1588 2147 Si
1611 2073 1775 2164 persona,
1806 2081 1859 2148 cui
1883 2075 1925 2148 ab
1953 2071 2050 2148 ebrio

371 2171 461 2246 illam
488 2170 702 2247 consensurus
730 2168 869 2252 fuilset,
907 2167 965 2243 nifi
993 2171 1070 2243 dolo
1093 2177 1135 2245 ad
1161 2175 1196 2243 id
1220 2173 1414 2262 promiss'um
1431 2176 1476 2244 est
1496 2176 1764 2258 matrimonium,
1789 2172 1827 2244 stt
1850 2175 1967 2262 turpis,
1994 2171 2049 2245 uel

372 2269 630 2346 industuselset.
679 2273 782 2345 Unde
809 2273 895 2340 inter
916 2268 1030 2340 dolum
1049 2281 1083 2345 δι
1104 2295 1196 2343 erro·
1219 2273 1366 2359 alioquin
1389 2269 1462 2342 vilis
1482 2274 1706 2358 conditionis,
1741 2281 1924 2361 genere&
1945 2269 2049 2343 mori·

370 2393 442 2446 rem
456 2371 624 2462 qualitatis
640 2371 881 2460 distinguitut3
904 2381 1017 2440 ert'ore
1032 2371 1120 2442 enim
1138 2393 1198 2439 ne.
1221 2369 1282 2438 bus
1304 2367 1408 2458 sponsi
1429 2371 1577 2460 indigna.
1628 2371 1690 2441 Sed
1708 2368 1729 2439 fi
1746 2373 1799 2462 a.)
1816 2370 1959 2441 ebrietas
1973 2367 2045 2441 sue·

371 2491 427 2541 nto
445 2471 619 2542 inducitur
634 2470 674 2539 ad
701 2465 988 2550 contrahendum,
1012 2490 1075 2538 nec
1100 2490 1196 2538 error
1220 2468 1265 2538 rit
1294 2467 1417 2548 levior,
1447 2489 1485 2536 ac
1509 2465 1621 2536 verbis
1644 2469 1779 2537 rationis
1802 2464 1895 2536 usum
1917 2461 2058 2557 perspi·¹

370 2569 426 2641 det
442 2564 574 2642 eausam
595 2568 799 2652 contrabium
824 2567 911 2634 unde
926 2562 998 2634 fieti
1019 2566 1145 2653 potest,
1159 2582 1195 2633 ut
1219 2588 1280 2634 cue
1301 2564 1492 2634 testantibus
1514 2561 1686 2651 promissio
1716 2561 1818 2637 suerit
1842 2561 1953 2654 saffl3
1991 2559 2047 2653 b.)

369 2669 538 2758 ertana'm
557 2664 737 2752 qualitate,
761 2686 802 2735 eo
816 2685 932 2732 errore
949 2687 1017 2733 non
1034 2661 1194 2746 obstante,
1218 2659 1273 2732 vel
1296 2661 1317 2733 fi
1340 2657 1465 2730 sobrius
1483 2685 1591 2732 ratum
1613 2659 1747 2740 habuit,
1774 2666 1863 2747 quod
1881 2663 1916 2733 in
1937 2659 2045 2734 ebrie-

322 2763 324 2772 '
369 2765 450 2835 velit
467 2761 684 2834 nibilominus
700 2758 917 2852 contrahere,
950 2758 1013 2830 alia
1039 2783 1120 2832 vero
1148 2761 1195 2830 est
1219 2781 1284 2829 tate
1304 2786 1322 2830 a
1342 2756 1372 2828 se
1396 2761 1524 2848 gellum
1547 2783 1585 2829 ac
1613 2756 1831 2845 promissum}
1868 2760 1920 2853 c.)
1945 2756 2045 2830 aelst

328 2851 334 2866 ’
368 2863 454 2933 ratio
472 2858 568 2942 doli,
598 2862 655 2948 qui
686 2862 720 2929 in
745 2858 815 2927 aliis
844 2858 944 2928 etiam
973 2853 1195 2928 contraibibtts
1219 2858 1414 2943 quotidiana
1432 2857 1685 2945 ingurgitationi
1703 2879 1740 2926 ac
1756 2853 1892 2930 fallaciis
1910 2852 1975 2926 illis
1994 2854 2045 2927 lu·

368 2962 555 3031 mntrauui
577 2952 704 3030 eausam
719 2962 800 3028 dans
819 2953 971 3025 inutilem
987 2981 1059 3026 eam
1074 2956 1192 3026 reddit.
1217 2951 1372 3024 dificandi
1401 2952 1559 3024 honestas.
1578 2955 1724 3044 virgines
1757 2951 1858 3025 suerit
1883 2955 2014 3024 deditus
2032 2977 2043 3033 ι

370 3053 444 3131 via
460 3050 756 3131 Hunuiusresolut.
765 3051 930 3144 jur.lib.l.
942 3055 1038 3127 ιιιᾶ.
1049 3079 1080 3142 3.
1091 3077 1124 3144 q.
1140 3075 1150 3124 ι
1165 3080 1193 3128 ι.
1217 3077 1284 3125 non
1297 3051 1574 3219 ‘}njuriadeogitur
1591 3055 1631 3123 ad
1647 3048 1746 3125 fidem
1764 3053 1968 3125 matrimonii
1986 3051 2046 3122 da·

1216 3172 1285 3225 tem
1315 3171 1417 3222 erran
1440 3171 1504 3222 am.

359 3297 446 3382 m)
467 3301 579 3368 Em„
675 3270 704 3346 ς.
730 3259 870 3330 vall.
929 3252 1070 3332 iirtio:
1109 3260 1210 3329 Sana·
2033 3287 2035 3292 ·

416 3349 505 3447 ἐκ,
629 3364 663 3430 &
693 3358 826 3445 integro
852 3357 977 3443 judicio
1003 3351 1194 3429 adversatur
1266 3362 1293 3447 ς.
1319 3356 1474 3446 exst-n.
1533 3345 1687 3448 Qtrarto:
1716 3346 1787 3423 Fo-
1835 3367 2043 3448 1v‚)p,t„,·.

627 3456 727 3524 etiam
756 3451 926 3537 ebrietas,
965 3479 1038 3540 quae
1072 3449 1194 3524 scilieet
1219 3447 1414 3526 tuitossano
1431 3451 1555 3539 judicio
1576 3443 1710 3520 adverso
1734 3451 1789 3518 iti·
1915 3457 1974 3512 tar·

368 3577 457 3632 unta
475 3555 542 3635 esl,
564 3572 603 3625 ut
618 3546 712 3622 usum
730 3554 864 3622 tationis
881 3552 1011 3638 penitus
1025 3553 1192 3641 impediat.
1218 3555 1294 3623 dem
1318 3543 1390 3620 suos
1419 3547 1520 3620 habet
1551 3550 1683 3638 gradus.
1735 3547 1788 3616 Est

366 3658 486 3744 lnjurii
504 3676 589 3744 ergo
613 3644 687 3719 suot
711 3648 746 3717 in
772 3651 917 3719 divinam
937 3650 1085 3739 conjugii
1105 3648 1195 3718 ordi·
1217 3654 1307 3722 enim
1325 3646 1406 3719 levis
1432 3647 1582 3733 quadam
1605 3640 1830 3744 defipientia,
1868 3665 1945 3715 cum
1978 3663 2045 3730 que

368 3758 566 3830 nationem,
592 3750 650 3835 qui
670 3748 748 3818 vino
769 3744 882 3818 obruti
896 3770 968 3816 rem
991 3767 1136 3824 tantam,
1160 3746 1195 3814 in
1218 3739 1445 3836 consensoria
1466 3743 1716 3832 matrimonium
1735 3738 1908 3814 cottsrstere
1925 3741 2044 3830 potesis

366 3877 448 3928 vero
464 3853 531 3923 Dei
547 3850 689 3927 timore,
715 3841 885 3932 praemiffis
916 3845 980 3933 piis
1005 3845 1047 3916 ad
1076 3849 1190 3916 Deum
1218 3841 1281 3915 alia
1298 3863 1379 3924 vero
1403 3841 1489 3912 ratio
1514 3842 1561 3913 est
1582 3819 1768 3933 salvitatis
1792 3842 1834 3911 ecl
1855 3858 2044 3912 extremum

365 3953 534 4043 precibus,
558 3955 593 4019 &
622 3964 752 4013 maturo
787 3938 922 4013 consilio
947 3939 1191 4022 inchoandam,
1214 3942 1356 4033 gradum
1372 3941 1559 4028 perdocile,
1582 3963 1664 4026 qua,
1685 3959 1722 4007 ut
1737 3933 1831 4008 usum
1846 3938 1980 4009 rationis
1995 3938 2046 4006 in-
2141 3951 2146 3966 ·

366 4072 495 4124 temere
508 4043 775 4136 adgrediuntur,
800 4065 838 4112 ac
859 4037 1189 4127 restiusfaciunrpa·
1214 4039 1401 4123 teratrtit,
1436 4038 1480 4108 ita
1507 4060 1640 4126 quoque
1664 4033 1941 4106 matrimonialem
1966 4056 2047 4105 oon·

367 4171 478 4224 tentes
502 4135 623 4234 sponsa·
644 4163 681 4208 ac
706 4140 803 4229 virgo
818 4133 911 4226 ipsa,
943 4136 967 4207 st
997 4160 1191 4227 procantem
1215 4133 1343 4208 sensum
1388 4135 1540 4222 impedit.
1625 4131 1754 4228 Quinto
1778 4158 1787 4202 ι
2013 4131 2023 4153 ’

365 4248 500 4322 ebrium
520 4266 557 4312 re
585 4235 747 4309 insessae
775 4233 807 4309 se
827 4237 1014 4316 dimittant,
1039 4246 1076 4312 δι
1101 4259 1194 4305 men·
1217 4231 1330 4308 Fertor
1342 4230 1483 4304 aliusest
1497 4252 1691 4320 perpetuus,
1706 4230 1788 4301 alius
1837 4221 1898 4301 V·)
1918 4222 2030 4288 ΡΜ·

367 4367 435 4420 tem
458 4339 609 4413 sobriam·
625 4339 666 4407 ad
688 4333 751 4404 boc
771 4337 966 4424 negotium,
992 4336 1026 4404 in
1048 4358 1114 4422 quo
1133 4331 1193 4403 bo·
1217 4357 1298 4404 veto
1328 4327 1438 4400 lucida
1472 4325 1572 4399 habet
1602 4327 1785 4402 intervalla.

366 4471 406 4520 ne
427 4464 507 4534 pars
519 4439 672 4508 bumana
686 4431 850 4503 felicitatis
867 4427 1015 4504 versatur
1033 4477 1044 4510 ,
1062 4429 1193 4503 adferre
1217 4433 1289 4524 Qui
1306 4445 1472 4518 perpetuo
1486 4424 1793 4516 furore-aguntur,
1823 4445 1890 4496 non
1916 4417 2049 4512 poliunt
2182 4457 2187 4488 t

365 4543 513 4635 jubeam.
567 4533 670 4630 Quod
686 4528 707 4600 st
724 4532 757 4599 in
778 4529 938 4602 ebrietate
959 4524 1116 4618 sponsalia
1135 4526 1195 4599 stnt
1219 4531 1356 4617 nuptias·
1370 4521 1588 4608 contrahere,
1611 4520 1674 4596 sed
1702 4524 1759 4612 qui
1787 4520 1896 4595 lucida
1923 4521 2049 4596 babent

365 4643 558 4718 eontracta,
582 4627 794 4702 rescindenda
814 4627 870 4699 illa
887 4624 950 4700 elie
965 4630 1073 4699 statuit
1091 4632 1195 4698 Hem·
1220 4626 1343 4700 furoris
1363 4620 1566 4702 interualla,
1590 4615 1721 4709 poss'unt
1740 4641 1894 4709 tempore
1909 4644 1962 4706 eo,
1980 4643 2049 4709 quo

365 4742 523 4832 mingins,
579 4724 695 4805 Dico,
719 4729 828 4814 inquit
855 4730 889 4798 in
914 4725 973 4798 lib.
1000 4731 1041 4797 de
1063 4728 1196 4815 conjug.
1223 4719 1401 4803 innisum,
1430 4731 1465 4794 dr
1489 4725 1621 4812 integro
1642 4721 1767 4807 juditio
1791 4739 1952 4805 utuntur,
1969 4741 2052 4820 con·

365 4863 400 4932 p.
430 4839 513 4912 216.
541 4826 631 4926 quod
665 4822 751 4896 ritule
779 4823 1030 4920 conglutinavit
1060 4827 1197 4906 virttem,
1223 4819 1353 4893 sentite.
1405 4824 1457 4891 Ut
1474 4822 1564 4890 enim
1581 4839 1734 4908 tempore
1760 4813 1956 4888 remillionis
1973 4809 2052 4904 pos·

367 4933 454 5036 qaod
481 4927 683 5007 temeritas,
718 4925 806 5017 quod
830 4947 943 4998 coecur
968 4945 1087 5008 arnor,
1113 4920 1200 5022 quoti
1224 4916 1298 4990 sunt
1314 4920 1543 4988 testamentum
1564 4914 1697 4995 faeere,
1723 4923 1758 4990 &
1773 4917 1876 4988 testes·
1893 4910 1979 5000 esse,
2004 4914 2052 4985 ita

367 5034 519 5132 maseper
532 5019 680 5102 serras&
697 5019 927 5118 scaranensem
939 5021 1108 5108 diaconos,
1126 5043 1201 5091 cort·
1224 5039 1355 5105 quoque
1375 5017 1410 5084 in
1426 5021 1562 5105 nuptias
1585 5007 1780 5085 consentire.
1807 5010 2002 5099 ,Ulpianus
2025 5007 2051 5082 l.

364 5140 529 5236 junxerat
554 5119 735 5208 diabolus,
761 5121 822 5197 loc
845 5145 907 5221 per
926 5117 1010 5219 suos
1033 5122 1202 5222 ministros
1224 5116 1282 5213 qui
1307 5115 1507 5286 tegumento.
1528 5138 1587 5194 20·
1607 5123 1638 5211 ς.
1660 5136 1695 5208 4.
1742 5105 2058 5286 Μιιήοχιιιῗιω
