4884 5984
393 445 403 464 χ
467 479 530 599 DE
579 471 808 555 GRleBVS
857 413 1121 558 PROlllBlTlS
1172 456 1226 555 tii
1274 481 1389 573 Jvttu
1437 477 1729 558 Minicium
1844 457 1959 578 339·Ν
2172 495 2189 522 “

266 701 308 762 ·,,
317 669 506 747 sauciorum
533 682 641 765 atque
657 673 833 758 fidelium,
864 676 906 749 ab
930 676 1084 751 omnibus
1107 673 1285 751 adfinitatis
1308 676 1473 770 gradibot'
1491 670 1807 771 promulgaturum
1840 673 1907 749 illa

281 799 460 861 „namque
480 778 570 847 retstc
593 771 708 847 offerri
729 774 985 867 intelliguntur,
1012 781 1084 864 qui·
1107 778 1196 847 enim
1219 778 1373 848 nituntur
1393 777 1560 866 probabili
1581 781 1731 860 ratione,
1768 800 1905 851 concer-

283 872 526 961 „bus·placet,
549 878 638 961 quod
658 869 887 959 offeruntur.,‚
940 874 1082 971 Quodsi
1107 898 1191 945 nunt
1211 877 1495 963 propinquitatem
1518 874 1731 957 naturalem,
1773 887 1808 952 δι
1832 874 1907 948 sunt

284 996 374 1062 ergo
394 970 461 1057 illi,
485 972 542 1058 qui
562 969 703 1043 infantes
721 997 785 1062 per
806 970 1003 1062 baptismum
1022 976 1084 1045 ini·
1106 974 1189 1063 legis
1212 976 1332 1044 divinae
1355 978 1554 1063 adpendices
1572 997 1674 1063 atque
1692 970 1801 1061 septa,
1820 993 1905 1063 quo·

285 1072 417 1141 tiandoa
431 1079 466 1143 dc
483 1067 617 1143 Christo
632 1066 819 1143 inserendos
834 1070 1001 1162 offerunt,
1021 1098 1082 1144 nec
1104 1096 1180 1143 rum
1195 1069 1277 1141 nihil
1293 1077 1335 1143 de
1345 1072 1456 1165 papali
1470 1073 1695 1162 prohibitione
1705 1075 1771 1167 dici
1782 1074 1900 1163 potest.

285 1193 365 1239 cum
380 1166 464 1248 illia,
491 1193 552 1239 nee
563 1194 639 1241 cum
656 1172 848 1258 parentibus
863 1171 996 1244 illorum
1013 1198 1083 1242 ma·
1111 1173 1166 1262 3.)
1179 1166 1245 1242 Essr
1253 1170 1426 1244 axiomata
1435 1172 1648 1269 pervulgato.
1680 1170 1902 1262 Evangelium

245 1278 252 1286 “
287 1269 449 1338 trimonio
467 1270 623 1357 conjungi
643 1265 794 1357 poliunt,
813 1267 1012 1358 consequens
1030 1269 1081 1340 fo·
1107 1292 1173 1338 non
1189 1269 1300 1340 abolet
1314 1270 1465 1358 politias,
1484 1297 1547 1343 nec
1561 1271 1784 1343 ordinationes
1800 1267 1904 1343 Chri·

236 1388 239 1392 ’
285 1386 365 1445 ret,
388 1368 556 1437 neminem
567 1392 605 1434 ex
615 1366 764 1439 universa
773 1366 920 1440 fidelium
931 1366 1082 1441 societate
1107 1366 1144 1436 ili
1166 1370 1199 1436 in
1216 1393 1323 1459 regno
1339 1372 1454 1460 gratie
1470 1392 1626 1443 evertunt
1643 1370 1793 1440 honestas
1811 1367 1904 1460 leger

286 1488 365 1558 cum
377 1464 547 1554 baptizato
561 1462 695 1551 ejusque
707 1465 899 1554 parentibus
912 1471 1082 1539 matrimo-
1107 1466 1141 1534 in
1161 1489 1268 1557 tegno
1290 1472 1456 1540 mundano
1479 1494 1518 1540 ac
1539 1490 1677 1540 naturae.
1727 1473 1803 1557 Jam
1821 1488 1905 1548 veto

286 1565 382 1633 nium
397 1561 595 1635 contrahere
610 1560 717 1652 polle,
744 1572 832 1653 quod
848 1588 1083 1658 argumentum
1107 1565 1342 1636 administratio
1363 1563 1515 1654 baptismi
1532 1566 1677 1658 pertinet
1699 1568 1740 1638 cd
1759 1588 1906 1656 evange·

286 1684 390 1754 urget
410 1661 444 1733 b.
463 1661 626 1734 Lurherus
646 1662 722 1733 libr.
746 1669 787 1735 de
811 1668 869 1738 vit.
893 1667 1082 1738 matrimon.
1106 1661 1210 1743 lium,
1226 1689 1302 1735 coin
1318 1662 1475 1738 beneficia
1488 1664 1654 1757 evangelii
1667 1687 1818 1753 pereum
1830 1682 1907 1735 tan·

286 1766 427 1832 tonali.
441 1757 571 1851 Jenens.
586 1768 741 1836 German.
754 1760 812 1834 fol.
830 1772 906 1851 165.
956 1771 1006 1853 6.)
1021 1768 1083 1836 Per
1108 1783 1206 1848 quam
1228 1757 1367 1835 salutare
1388 1764 1552 1855 organum
1576 1760 1841 1841 distribuantur,
1867 1769 1905 1835 de

286 1861 491 1932 eucharisti:
499 1855 735 1931 sacramentum
744 1871 849 1950 major
856 1884 953 1952 atque
962 1865 1084 1934 ardiior
1107 1861 1152 1929 eil
1174 1856 1319 1931 sailutaris
1333 1864 1498 1955 ordinatio
1513 1859 1637 1935 Christi
1652 1864 1686 1930 in
1702 1883 1809 1951 regno
1826 1882 1906 1949 gra·

286 1960 369 2030 unio
396 1957 604 2028 contrahitur
627 1961 714 2029 inter
736 1984 816 2040 eos,
854 1965 910 2048 qui
933 1986 972 2032 ex
998 1985 1082 2049 pane
1109 1958 1171 2026 tia.
1222 1962 1314 2048 Ergo
1332 1985 1393 2047 per
1409 1984 1481 2031 eam
1498 1985 1569 2031 non
1585 1959 1750 2031 evertitur
1765 1958 1905 2047 politia,

284 2056 503 2129 eucharistico
517 2054 611 2126 iinaul
626 2061 748 2137 edunt,
780 2070 815 2131 dc
831 2084 870 2130 ex
886 2058 1008 2148 poculo
1024 2083 1083 2129 eu·
1108 2077 1169 2123 nec
1189 2056 1465 2144 impedimentum
1482 2056 1615 2146 aliquod
1634 2053 1776 2128 infertur
1797 2052 1906 2125 cirili.
1941 2088 1946 2097 «
1977 2139 1983 2153 ἢ

286 2153 461 2225 charisiico
472 2154 565 2224 fimul
575 2154 704 2228 bibunt.
723 2180 735 2228 1
751 2159 830 2228 Cor.
842 2164 883 2227 Χ.
901 2183 952 2240 ¹7·
987 2154 1083 2229 Vnus
1108 2149 1169 2221 bus
1181 2156 1467 2226 constitutionibus
1479 2158 1520 2227 de
1534 2154 1688 2228 libertate
1699 2153 1905 2227 matrimonii

275 2253 410 2352 ‘panim
443 2276 544 2324 unum
571 2276 689 2349 corpus
715 2254 816 2325 multi
836 2252 978 2350 sumus,
1002 2256 1082 2350 quin
1106 2251 1140 2318 in
1164 2275 1269 2341 regno
1290 2261 1458 2326 mundano
1474 2278 1511 2324 ac
1529 2277 1664 2327 nature.
1720 2247 1905 2327 Wesenbe-

288 2362 402 2424 oninct
421 2346 461 2423 rie
488 2374 553 2425 uno
576 2376 662 2447 pane
682 2352 940 2449 participamus.
990 2356 1083 2426 Unio
1107 2351 1175 2417 cius
1190 2351 1225 2416 in
1241 2357 1360 2438 paratit
1376 2354 1398 2423 l.
1414 2350 1450 2424 ff.
1474 2351 1587 2423 derit.
1609 2374 1703 2442 nupt.
1727 2378 1763 2425 n.
1779 2374 1815 2443 4.
1844 2342 1906 2421 Si⁴

287 2450 366 2535 illa,
393 2474 466 2536 qaae
484 2452 632 2522 convivis
652 2450 741 2539 epuli
760 2451 857 2547 hujus
878 2454 1016 2525 coeleslir
1033 2455 1082 2522 in·
1107 2457 1162 2516 cut
1182 2441 1333 2547 Christus
1347 2452 1474 2547 inquil,
1497 2473 1635 2544 regnum
1648 2450 1747 2545 suum
1763 2469 1830 2521 non
1844 2440 1905 2546 effe

289 2551 459 2629 tercedit,
493 2551 610 2619 nititur
638 2551 839 2620 institutione
864 2552 996 2630 divina,
1028 2546 1083 2622 sed
1107 2545 1146 2615 de
1159 2544 1220 2615 stoc
1240 2549 1378 2636 inundo,
1393 2552 1443 2621 itu
1460 2561 1533 2620 tota
1546 2545 1906 2646 iliospirituuiissra·

290 2648 503 2735 coniunstio,
537 2672 609 2734 qua
632 2643 943 2737 interasusceptores
968 2658 1001 2720 δι
1026 2648 1083 2720 ba.
1108 2645 1250 2718 territos
1274 2645 1316 2719 Εἴ
1330 2649 1487 2745 cognatio
1503 2669 1525 2716 a
1541 2646 1693 2740 politicis
1706 2649 1806 2743 liujus
1821 2645 1904 2720 υἱέα
1992 2673 1996 2678 ·

288 2748 455 2839 ptizatum
471 2747 605 2833 eiusque
622 2768 773 2832 parentes
792 2749 961 2825 statuitur,
982 2748 1086 2836 origi·
1108 2743 1379 2819 ordinationibus
1396 2750 1439 2847 est
1451 2744 1625 2843 separatu.
1675 2754 1727 2833 4.)
1750 2750 1797 2817 Ex
1817 2766 1905 2838 pon·

289 2870 371 2918 nem
383 2840 528 2915 babetex
538 2843 856 2923 institutohumaoo,
874 2841 1085 2916 ecclesiastica
1108 2840 1288 2938 tificiornm
1317 2843 1468 2942 distenso,
1518 2849 1561 2939 a)
1592 2853 1723 2933 injure
1744 2844 1905 2928 canonico
1956 2841 1959 2852 '

289 2939 416 3022 scilicet
430 2944 646 3013 ordinatione.
699 2939 838 3042 Quodsi
856 2955 937 3035 ergo
954 2945 1033 3013 unio
1045 2966 1085 3013 er
1109 2936 1906 3034 severissimeinterdiciturconJugiuminterpcr-

289 3041 494 3132 eucharistia
514 3038 663 3136 κοινωνίᾳ
678 3039 877 3114 descendent
892 3067 960 3113 nnn
978 3038 1085 3112 adfert
1109 3035 1200 3112 ionas
1222 3038 1380 3131 spirituali
1402 3048 1600 3134 cognatione
1622 3067 1662 3113 ex
1690 3035 1844 3131 baptismi
1868 3047 1906 3111 de

292 3141 421 3229 nuptiis
432 3131 642 3230 ἐμπόδισμα
648 3188 661 3222 ,
682 3163 806 3227 quanto
819 3138 1086 3212 minusofficiunr
1108 3137 1367 3222 confirmationis
1387 3137 1588 3213 sacramento
1605 3142 1748 3212 invicem
1765 3146 1907 3225 conjua-

288 3239 376 3311 illud
392 3232 630 3325 susceptorum.
683 3240 839 3331 7·)Q⁰²
852 3241 893 3309 de
908 3242 1086 3329 adoptione
1111 3242 1195 3314 cras.
1243 3242 1417 3311 Zacharias
1434 3265 1464 3310 c.
1482 3241 1668 3323 Pyd'tacium
1688 3244 1795 3309 XXX.
1817 3261 1850 3324 q.
1870 3255 1905 3319 3.

289 3336 358 3409 five
375 3336 476 3427 legali
490 3336 689 3425 cognatione
705 3341 926 3417 adtexuntur,
945 3334 1086 3411 suumin
1112 3335 1905 3422 ,‚sciscitarivoluisti,s1incausto,cnjmpater

291 3431 506 3528 sequentibus
519 3435 689 3507 invenient
709 3434 833 3506 locum.
1110 3487 1131 3519 ,‚
1140 3435 1273 3506 alterius
1284 3435 1383 3510 filiam
1392 3463 1431 3508 ex
1441 3431 1732 3526 sacrobaptismate
1741 3426 1909 3519 suscepit,

525 3537 528 3542 ’
623 3546 650 3619 §.
671 3536 921 3606 CCCLXXlll.
952 3535 1017 3625 V.)
1037 3530 1089 3606 E·
1109 3586 1131 3617 „
1141 3530 1340 3626 susceptam,
1366 3533 1429 3606 hoc
1445 3534 1512 3612 eii,
1535 3530 1738 3621 spiritualem
1758 3539 1828 3618 ejus
1847 3550 1908 3615 pa·

288 3624 351 3705 v.)
373 3626 504 3721 Emis:
563 3632 813 3704 vertiturmniti
838 3631 1088 3706 licitatiocinn·
1110 3636 1199 3716 „tris
1213 3633 1335 3717 filiam,
1364 3638 1451 3720 quod
1465 3632 1531 3701 dici
1547 3631 1681 3702 crudele
1697 3630 1764 3718 est,
1788 3631 1824 3698 in
1838 3650 1909 3717 ma·
2029 3650 2033 3679 2

290 3716 344 3801 ‘ll'
368 3708 519 3801 mulsi·
567 3732 665 3802 tione.
722 3654 982 3826 1.)Abiniquo.
1021 3730 1082 3805 Os·
1111 3735 1303 3813 „trimonio
1324 3730 1503 3820 suscipere,
1530 3731 1621 3817 quod
1643 3733 1731 3817 apud
1753 3751 1786 3798 te
1809 3747 1914 3800 enor·.

288 3801 518 3951 {anmi
567 3827 1088 3915 ficiumacopuschriuianaeca·
1113 3856 1241 3915 „miter
1265 3825 1632 3920 adserniilicontigille.
1693 3823 1746 3899 Et
1767 3826 1908 3924 posteo:

304 3990 315 4000 .
342 3948 462 4009 mirate,
565 3930 670 3998 ritatis
693 3928 918 4010 aChristiano
938 3936 1089 4016 proximo
1114 3934 1174 4017 „A
1193 3926 1351 4015 spirituali
1377 3928 1440 3999 iilia
1465 3951 1583 3997 cavere
1606 3927 1784 4007 convenit,
1809 3946 1851 3993 ne
1873 3924 1910 3992 in

569 4021 628 4099 suo
656 4032 836 4113 prestitum
869 4055 992 4114 nuptus
1021 4031 1090 4099 adi·
1114 4077 1135 4111 ‚‚
1146 4031 1228 4098 iram
1245 4030 1363 4099 anina
1379 4026 1626 4099 examinationis
1641 4025 1782 4098 incidat,
1800 4016 1821 4089 fi
1837 4019 1910 4104 quis

290 4148 365 4200 tum
391 4121 614 4196 intercludere
637 4127 786 4211 iniquum
808 4130 865 4199 esi.
918 4131 1018 4214 Atqui
1040 4122 1090 4198 su.
1113 4127 1200 4212 „tali
1236 4124 1386 4197 facinore
1409 4129 1529 4197 mixtus
1550 4122 1686 4193 minine
1705 4117 1910 4191 restrinxerit

290 4222 451 4313 sceptoris
477 4220 769 4314 partibns'sungi.
817 4239 850 4299 sc
876 4251 939 4313 pro
962 4226 1032 4296 aliis
1056 4232 1089 4295 in
1114 4224 1386 4310 „frenaluxurir
1401 4273 1416 4315 ,Ι
1442 4212 1910 4294 undeetiamomnetcavencli
1982 4234 1990 4258 ⁸

289 4320 458 4413 baptismo
482 4315 644 4411 spondere
669 4326 714 4393 esi
742 4322 922 4396 cliriilranae
947 4329 1090 4395 caritatis
1115 4324 1218 4410 „sunt
1247 4324 1345 4394 atali
1371 4319 1500 4392 sceleris
1521 4319 1781 4394 commixtione,
1808 4337 1849 4392 ne
1874 4312 1911 4383 in

292 4445 382 4512 opus
401 4445 502 4511 atque
520 4418 678 4491 officium.
713 4427 810 4511 Ergo.
850 4434 902 4510 2.)
929 4419 969 4493 A
983 4422 1092 4517 fusce·
1115 4446 1348 4511 „perpetuum
1366 4442 1529 4509 pereant,
1553 4423 1633 4488 item
1651 4414 1757 4493 bone,
1781 4414 1909 4498 quinu-

285 4534 426 4621 ptorrtm
458 4520 619 4620 instituto.
694 4523 877 4591 inuitatum
909 4521 1090 4592 humanum
1115 4547 1198 4607 „tor
1224 4522 1319 4607 bajus
1350 4513 1539 4607 perniciose
1569 4516 1762 4586 temeritatis
1791 4514 1909 4580 animae
1946 4567 1953 4592 s

289 4622 508 4695 matrimonio
531 4622 688 4690 divinitus
716 4617 875 4695 concello„
889 4647 955 4691 non
987 4624 1090 4707 potesl
1115 4616 1208 4706 „suae
1227 4616 1361 4691 i‘alutem
1377 4618 1581 4705 despicient,
1612 4616 1717 4697 impio
1731 4609 1762 4681 se
1779 4603 1910 4679 miscuit
2039 4699 2042 4707 Ι

289 4745 355 4794 nec
369 4717 470 4793 debet
485 4721 762 4803 impedimentum
781 4719 915 4803 aliquod
932 4720 1089 4804 objicere.
1115 4775 1135 4806 „
1147 4721 1385 4795 matrimonio,
1424 4742 1485 4803 per
1508 4717 1618 4784 omnia
1641 4734 1696 4781 tua
1722 4707 1910 4781 fraternitas

290 4818 457 4893 Officium
470 4812 693 4905 susceptorum
710 4819 757 4887 est
776 4822 958 4890 institutum
976 4815 1089 4889 burna-
1115 4821 1269 4898 „studeat
1283 4812 1431 4904 separare
1447 4824 1480 4887 dr
1497 4813 1698 4908 paenitentiae
1718 4812 1819 4900 digne
1835 4800 1910 4875 sub·

289 4941 383 4992 narn.
419 4923 523 5009 Ergo.
557 4920 656 4989 Circa
682 4914 851 5011 Majorem
886 4923 1090 4996 notandum,
1115 4914 1297 5002 „mittem
1325 4910 1912 5002 quatennsabaeternaerutamdam·

284 5018 387 5091 aliam
402 5013 469 5092 esse
486 5016 776 5109 rationemlegum
792 5016 1005 5103 politicarum
1023 5044 1088 5087 ma·
1115 5020 1279 5103 „natione
1292 5041 1433 5087 annnam
1447 5020 1514 5098 ejus
1530 5009 1678 5081 lucreris.
1686 5062 1723 5094 „,
1749 5007 1811 5077 Sed
1826 5002 1911 5072 banc

283 5121 445 5214 gissarus
467 5120 647 5193 autoritate
668 5123 712 5192 de
738 5115 1033 5210 consanguinitatis
1056 5126 1091 5191 δι
1113 5116 1325 5199 severitatem
1351 5113 1552 5202 temperavit
1569 5106 1745 5182 concilium
1766 5106 1910 5212 Triden-

343 5263 353 5276 .
663 5228 666 5231 ’
1789 5218 1911 5281 tinum,

340 5443 358 5486 b
