4884 5984
789 430 794 438 “
869 457 933 534 ne
982 445 1253 533 contraire.
1828 473 1875 546 ,7

255 633 1067 758 fimm)nonfuermtmecelestarereptaevelad··
1082 646 1203 749 iniuffu
1218 645 1343 748 populi
1366 641 1515 720 Romani
1538 644 1799 744 triumphantem
1822 674 1880 726 rre-

259 757 437 850 ptobttae,
461 778 572 830 tamen
594 782 634 830 ex
654 753 710 828 illa
733 753 896 846 hypocrisi
918 755 960 825 de
981 775 1059 840 per·
1082 761 1153 824 ture
1171 761 1233 822 aut
1255 745 1453 823 interdicere
1463 746 1528 841 sar
1547 747 1700 842 utiquam
1724 749 1878 826 tribuno·

263 853 410 930 nonne
429 853 604 928 coelibetus
623 856 658 925 in
677 847 781 946 ipsam
794 848 964 927 ecclcfiam
977 873 1059 939 pau·
1082 875 1156 926 rum
1172 844 1276 946 estet,
1314 841 1469 942 adscmfh
1504 847 1745 942 triumphantis
1764 850 1879 948 palti!

262 950 359 1026 latim
384 959 534 1043 quedam
563 955 689 1024 zizania
722 948 940 1042 irrepserint,
969 947 1059 1038 quod
1082 973 1182 1025 curru
1195 972 1267 1022 eum
1283 941 1524 1040 incapitoiium
1537 941 1710 1043 prosecuta
1726 951 1780 1050 est,
1793 947 1883 1026 refe·
1965 1019 1967 1024 ,

265 1074 394 1146 negare
415 1047 506 1128 nulla
529 1051 677 1124 veritatis
700 1045 807 1139 speeie
828 1047 978 1139 poterit,
1002 1043 1061 1133 qui
1084 1046 1320 1122 renteValerio
1332 1045 1482 1124 Maximo
1494 1041 1554 1119 lib.
1565 1044 1613 1118 V.
1628 1074 1700 1138 cap.
1721 1057 1763 1123 de
1776 1052 1896 1140 pieta·¹

264 1151 424 1240 expendit
447 1150 596 1221 duriores
617 1171 769 1222 veterum
789 1143 961 1219 sententias
981 1165 1062 1215 cott-
1087 1169 1120 1219 tc
1135 1171 1216 1238 erga
1232 1163 1394 1232 parentes.
1414 1145 1468 1214 De
1484 1137 1689 1237 philosophis
1702 1145 1884 1241 gentilibus

266 1265 320 1320 tta
341 1245 496 1319 secundas
517 1249 647 1336 nuptias
672 1245 839 1335 prolatas,
865 1267 945 1333 quas
961 1263 1064 1330 expo·
1088 1242 1200 1315 scribit
1215 1239 1363 1313 Hilarius
1379 1241 1414 1310 in
1433 1263 1612 1315 comment.
1630 1240 1746 1320 Psalm.
1761 1250 1899 1330 thv„

267 1337 393 1418 suimus
420 1345 576 1434 superius.
605 1353 634 1437 ς.
650 1347 772 1418 CXCI.
794 1368 833 1415 ac
854 1339 1065 1414 incommode
1094 1337 1257 1415 Canimur
1274 1337 1376 1412 nudis
1392 1335 1612 1437 pitilofhpiror
1630 1341 1745 1438 algere
1768 1367 1885 1441 corpo-

269 1439 471 1518 Tertulliani
493 1454 529 1516 bt
553 1445 750 1529 Hieronymi
763 1443 854 1514 dista
867 1461 983 1522 contra
997 1435 1067 1527 pri·
1089 1439 1201 1520 ribus,
1227 1435 1300 1536 ipso
1322 1436 1423 1510 etiam
1440 1438 1672 1535 coniugiorum
1695 1439 1756 1540 usu
1776 1443 1890 1540 magi·

270 1562 343 1614 mas
375 1541 508 1630 nupcias
552 1540 712 1629 prolata,
749 1565 821 1631 que
861 1537 962 1630 paulo
991 1555 1068 1606 ante
1084 1540 1151 1642 stri
1178 1535 1354 1639 abstinent.
1418 1535 1473 1611 De
1500 1536 1657 1614 roelibatn
1675 1537 1891 1638 sacerdotum

270 1639 576 1735 §.CCCCXCVL
593 1633 666 1710 sunt
685 1642 838 1736 adduiia.
887 1641 935 1708 Ex
951 1635 1069 1708 eodem
1092 1636 1271 1735 gentilium
1287 1635 1428 1708 diximus
1450 1639 1546 1708 tran.
1568 1639 1611 1711 tle
1633 1641 1751 1718 minist.
1772 1636 1890 1717 eccles.

272 1734 381 1828 igitur
392 1732 506 1819 sonte,
532 1744 566 1808 &
581 1739 776 1825 cumprimis
793 1762 833 1807 ex
852 1732 1070 1808 admiratione
1095 1745 1122 1830 §.
1139 1737 1357 1809 CCCXLlll.
1411 1735 1462 1824 5.)
1479 1735 1584 1828 Quod
1598 1731 1720 1827 scripta
1740 1745 1893 1830 quaedattt

276 1837 355 1906 vita
371 1831 499 1906 coelibis
514 1833 553 1922 in
574 1831 695 1907 Essenis
712 1837 852 1925 Judaeis,
865 1845 899 1908 dt
919 1834 955 1902 ia
971 1829 1073 1902 velle·
1097 1857 1270 1914 veterum,
1300 1834 1334 1904 iu
1362 1831 1483 1919 quibus
1511 1854 1686 1923 tantopere
1705 1837 1894 1913 celebratur

276 1929 426 2006 abusae
451 1926 672 2007 nectantibus
698 1932 874 2024 gentilium
898 1928 1075 2001 immodice
1099 1929 1273 2006 coelibarus
1285 1978 1298 2011 ,
1323 1927 1384 2001 sint
1405 1923 1539 2017 spuria,
1563 1929 1618 2002 vel
1632 1957 1723 2010 certe
1738 1935 1846 2010 dubie
1855 1933 1896 2012 fi·

259 2011 336 2102 xillu
352 2026 523 2101 coelibetut
537 2034 686 2102 encomia
710 2027 783 2102 sunt
798 2053 930 2112 exorta,
952 2028 1076 2114 judico·
1099 2032 1165 2104 dei.
1217 2034 1271 2102 De
1297 2026 1435 2123 epistola
1457 2027 1504 2100 ad
1533 2023 1783 2108 Demetriadem
1811 2037 1898 2109 diti·

277 2123 363 2200 bant
380 2129 469 2199 enim
489 2129 666 2219 iudignum
680 2124 744 2201 else
758 2121 997 2204 Christianis,st
1010 2145 1077 2194 non
1100 2151 1175 2200 mus
1202 2122 1377 2215 superius,
1407 2129 1496 2213 quod
1523 2153 1584 2200 ner
1605 2133 1802 2220 Hieronymi
1834 2133 1903 2224 lit,

279 2227 324 2298 ed
343 2221 586 2314 perfeoinnen
610 2226 725 2305 illam,
748 2252 820 2315 quae
842 2252 876 2297 tn
899 2224 1019 2316 Judais
1044 2226 1079 2291 dt
1103 2250 1165 2298 nec
1182 2222 1366 2308 Ambrosii,
1396 2218 1450 2293 scd
1476 2223 1600 2316 Pelagii
1626 2227 1782 2305 heretici.
1832 2235 1902 2320 cr-

281 2321 466 2418 gentilibus
480 2325 689 2396 admirationi
705 2347 789 2410 erat,
808 2321 938 2395 sunamis
955 2315 1080 2388 viribus
1105 2326 1213 2413 priani
1232 2321 1318 2394 liber
1341 2318 1579 2417 indisciplina
1604 2321 1646 2399 Θ
1665 2325 1751 2402 bono
1768 2329 1902 2427 puditi-

284 2426 536 2494 contenderent.
586 2426 639 2495 De
654 2420 786 2518 Effenis
799 2419 909 2493 scribit
922 2413 1084 2508 josephus
1108 2424 1165 2494 tia
1183 2417 1224 2493 ab
1249 2413 1322 2511 ipso
1335 2417 1534 2491 Bellarmino
1554 2424 1589 2494 in
1605 2427 1699 2498 catal.
1720 2424 1831 2526 script.
1846 2453 1904 2504 ee·
2021 2461 2027 2468 ·

285 2507 348 2591 lib.
364 2517 445 2590 XV.
461 2521 563 2607 antiq.
585 2545 657 2609 cap.
679 2521 708 2588 X
714 2518 759 2590 lll
766 2575 774 2591 .
796 2523 885 2608 quod
904 2523 1021 2614 jrtxta·
1036 2534 1085 2583 re·
1108 2518 1185 2591 cles.
1204 2519 1292 2591 inter
1310 2511 1512 2604 supposititia
1529 2541 1630 2608 opera
1642 2523 1801 2600 refertur.
1848 2523 1908 2601 A·

281 2613 408 2814 nat:
422 2613 819 2810 nlnnnnn
833 2611 1086 2805 tuln
1110 2613 1666 2791 lnnitnnnnn
1682 2625 1910 2798 s..

292 2825 331 2892 dt
347 2812 424 2886 libr.
440 2821 483 2886 ll.
501 2817 543 2886 dc
564 2812 645 2886 bell.
660 2817 739 2906 Jud.
762 2840 790 2887 c.
816 2812 897 2888 Vll.
962 2805 1091 2906 Efferus
1115 2839 1189 2904 cap.
1207 2813 1269 2884 lV.
1293 2809 1376 2882 nihil
1398 2811 1488 2884 euim
1502 2835 1680 2892 commune
1705 2816 1808 2894 habet
1834 2848 1913 2898 rum

292 2909 393 2986 doci
440 2912 577 2984 orritico
594 2912 673 2985 vita
684 2935 799 3006 genere
812 2909 949 2985 eximia
957 2907 1093 3006 sapien·
1116 2914 1284 3005 germanis
1298 2908 1385 2981 illius
1398 2903 1547 3000 seriptis,
1572 2939 1719 2990 ecnemo
1732 2920 1833 3008 paulo
1850 2920 1926 2996 hue.

295 3012 358 3088 tia
453 3006 650 3107 firmiiitatis
672 3034 788 3084 nomen
815 3007 876 3102 att
908 3001 1095 3100 conciliaffe
1119 3012 1249 3083 nsanior
1274 3009 1407 3088 credet,
1433 3033 1548 3081 verum
1568 3014 1780 3092 Athanasium
1803 3018 1914 3096 locum

294 3103 444 3188 adserit,
483 3107 520 3180 itt
544 3113 734 3182 dicerentur
761 3097 867 3181 Esseni
888 3105 975 3196 quast
999 3101 1095 3182 iason
1120 3101 1607 3200 intertioangeloruinordine
1622 3117 1825 3192 temeteillis
1839 3120 1917 3210 pol·

296 3211 356 3282 De
372 3201 484 3288 scribis
501 3206 705 3295 Epiphanius
721 3228 981 3284 commemorat,
1006 3207 1095 3291 quod
1121 3209 1215 3280 liceri
1233 3201 1394 3284 valuisse,
1421 3208 1478 3294 qui
1502 3204 1593 3280 levet
1620 3219 1918 3304 praeceptiunculaa

298 3313 524 3402 eo'tempore,
549 3329 613 3400 quo
632 3301 871 3377 continentiam
891 3301 1101 3377 exercebant,
1124 3318 1159 3380 δι
1182 3303 1431 3375 constitutiones
1444 3301 1603 3378 humanas
1621 3306 1806 3389 observant.
1839 3322 1920 3388 Era·

301 3403 341 3480 im
365 3415 511 3500 quotuor
539 3402 608 3475 alis
630 3401 811 3500 palliorum
832 3395 1008 3476 itabilerint
1021 3396 1103 3496 fim⁸
1127 3401 1215 3474 smus
1233 3400 1501 3473 conditionaliter
1522 3399 1681 3492 loquitur,
1740 3407 1784 3485 Si
1805 3409 1922 3488 Atina·

305 3501 403 3578 briar
425 3524 636 3600 purpureas,
659 3523 732 3597 qua
753 3501 959 3574 uocabantur
979 3495 1104 3595 pinia-
1127 3499 1213 3592 maii
1231 3501 1289 3597 est,
1319 3498 1401 3571 urire
1417 3499 1534 3572 deiicit
1545 3502 1685 3604 stylum.
1751 3514 1798 3605 6.)
1817 3515 1924 3608 Quod
2043 3557 2046 3564 ·

307 3598 570 3698 &mimmius
587 3601 677 3672 notis
692 3599 902 3692 exponebant
915 3593 1105 3673 hominibus
1130 3598 1207 3672 talia
1235 3593 1409 3686 proferant
1433 3606 1661 3677 encomiorum
1688 3606 1825 3684 tuorum
1849 3609 1926 3686 suu·

298 3697 405 3802 suam
413 3696 655 3798 prosefflortem.
674 3703 728 3771 De
737 3698 900 3770 Pharisaeis
914 3699 1005 3776 dicit,
1017 3697 1108 3784 quud
1131 3701 1304 3774 demente,
1328 3718 1400 3782 quae
1412 3717 1481 3768 non
1495 3693 1568 3771 sunt
1582 3697 1684 3776 solida
1698 3730 1737 3780 ae
1749 3706 1860 3793 firme,
1871 3707 1927 3785 sed

309 3795 734 3890 quidamilliscontineutiae
746 3790 1111 3884 &exercitiispraescri-
1135 3793 1225 3866 sacili
1244 3793 1377 3883 negotio
1397 3786 1612 3876 subruuntur.
1669 3806 1858 3894 Cyprianus
1876 3813 1929 3884 di.

309 3895 440 3992 pserint
452 3895 727 3993 quadriennium,
753 3897 888 3984 quidam
913 3893 1113 3973 oil'enar'um,
1138 3895 1198 3978 cit,
1221 3895 1311 3977 quod
1331 3889 1516 3984 uirginitas
1537 3897 1670 3993 angelis
1684 3926 1749 3976 non
1763 3902 1878 4000 salmn
1891 3905 1932 4004 se

311 3997 450 4088 quidam
458 3996 645 4094 decennium
653 4005 717 4068 &e
726 4020 765 4065 ex
778 4019 843 4080 quo
852 3997 998 4080 adparet,
1007 3993 1115 4081 poste·
1137 4000 1309 4084 exaequet,
1326 3987 1389 4086 sed
1405 3992 1507 4066 etiam
1520 3991 1663 4091 saperet.
1718 4007 1935 4096 Aequiange·

313 4091 758 4183 rioribusecclefiaeJuduirae
769 4090 1116 4180 tetrtporibusopimu.
1140 4086 1164 4157 li
1180 4086 1302 4174 absque
1322 4091 1413 4159 omni
1427 4092 1698 4182 concupiscentie
1712 4097 1786 4172 labe
1803 4103 1937 4192 purilll-

252 4179 255 4190 ¹
315 4189 395 4270 uem
408 4199 450 4268 de
460 4194 585 4264 nerins
595 4188 764 4261 caelibatus
778 4193 904 4260 unimus
918 4185 1117 4277 superstitio-
1142 4187 1188 4256 mi
1204 4211 1242 4256 ac
1258 4181 1445 4259 sanniffimi
1462 4187 1553 4277 sunt,
1574 4197 1646 4282 quis
1662 4220 1742 4269 vero
1762 4198 1939 4277 hominum

316 4279 550 4366 sossaseintsse.
565 4291 664 4378 Apud
672 4287 984 4381 gentilesinquanto
993 4286 1118 4357 honore
1143 4280 1259 4356 desua
1282 4288 1471 4377 virginitate
1497 4314 1608 4363 coram
1627 4297 1702 4365 Deo
1724 4295 1862 4387 gloriari
1877 4325 1940 4391 po·

319 4385 590 4491 fuerintveslaIer
600 4387 823 4476 virginitatem
832 4408 1027 4474 perpetuam
1038 4409 1115 4475 pto·
1144 4385 1241 4462 terit,
1256 4407 1333 4452 cum
1347 4380 1505 4473 scriptum
1521 4386 1574 4458 sttt
1590 4393 1771 4466 Promxx.
1782 4420 1816 4485 9.
1852 4393 1940 4496 Quis

322 4485 434 4575 feisa,
457 4489 581 4562 constat
597 4509 637 4555 en
653 4489 812 4557 Romana
829 4483 967 4556 historin
982 4477 1119 4569 scripto·
1141 4477 1352 4576 gloriabitur
1381 4485 1503 4582 castum
1530 4483 1563 4578 se
1589 4485 1706 4562 babere
1738 4494 1831 4568 aori
1860 4498 1939 4590 an.

238 4579 243 4586 ’
321 4589 428 4663 ribus.
489 4578 700 4658 facinorosus
723 4581 835 4652 vestali
870 4604 1048 4652 occurrens
1078 4583 1119 4649 ed
1144 4579 1257 4648 XXV.
1272 4604 1307 4672 4.
1367 4577 1464 4677 ¹Quis
1488 4582 1710 4679 gloriabitur,
1733 4591 1891 4670 mundum
1901 4594 1942 4694 se

323 4682 526 4776 supplicium
554 4682 626 4770 rapi
649 4705 716 4753 nou
742 4701 883 4769 poterat.
937 4678 1121 4750 Alexander
1144 4671 1202 4770 effe
1221 4674 1389 4770 peccaro?
1414 4677 1524 4777 (quod
1547 4687 1705 4761 etiamad
1724 4694 1943 4786 virginesdi.

231 4837 239 4850 .
324 4783 372 4860 ab
388 4785 566 4858 Alexandr.
578 4778 655 4852 libr.
672 4777 719 4852 V.
741 4775 862 4869 genial.
887 4780 969 4849 dier.
991 4801 1020 4848 e.
1043 4771 1121 4845 Xll.
1147 4784 1237 4846 &aas
1251 4769 1314 4848 else
1322 4779 1444 4866 probat
1454 4783 1654 4871 Augustinus
1670 4790 1712 4861 de
1730 4794 1851 4885 virgin.
1867 4820 1943 4888 cap.

325 4883 452 4958 Vestali
472 4875 630 4970 prasente
653 4902 719 4968 nnn
743 4898 897 4963 poterant
917 4877 1042 4946 tribuni
1063 4897 1124 4962 pu·
1148 4878 1298 4944 XLVlll.
1321 4877 1354 4945 in
1371 4881 1570 4970 principio.)
1587 4886 1710 4957 Matth.
1724 4889 1770 4961 V.
1783 4909 1839 4975 23.
1875 4891 1946 4993 Qui

329 4985 480 5058 testatem
504 4976 592 5048 suant
618 4973 748 5061 exsequi
782 4977 923 5046 vetando
947 4973 1000 5044 vel
1024 4975 1126 5044 iuter·
1149 4967 1294 5065 adspicit
1311 4974 1478 5050 mulierem
1497 4977 1846 5082 adcorrctrpr'sctrteiam
1860 5013 1945 5087 eam,

327 5085 502 5162 eedeudot
524 5075 598 5150 ideo
610 5071 759 5150 Claudia
776 5071 928 5174 vestalis,
945 5096 984 5144 ne
992 5085 1125 5169 patrem
1144 5069 1300 5243 jurgium
1318 5073 1494 5166 maritatus
1508 5079 1638 5174 asinum
1651 5103 1692 5156 ,a
1706 5085 1743 5199 ἰᾷ
1760 5089 1945 5268 mesta·
2023 5131 2038 5156 .-
2168 5085 2173 5094 .

1258 5193 1279 5246 ²
1473 5209 1481 5226 '
1844 5195 1890 5265 At
1935 5231 1953 5258 .
