4884 5984
245 655 258 678 .
378 591 383 620 .
483 571 510 646 ·.
611 523 985 660 oslcousrrvsvs
1032 551 1295 624 PARENTVM
1344 477 1660 626 vedastina
1924 575 1979 650 ,ς-

276 749 349 841 pris
365 756 402 824 dc
418 744 639 830 libidinibus,
670 748 749 834 quia
780 744 878 819 liberi
901 747 1114 820 matrimonio
1137 773 1178 820 sn
1202 739 1326 819 scilicet
1352 740 1487 818 soemine
1513 743 1614 820 suerit
1639 745 1734 822 fame
1763 749 1841 827 alias
1868 751 1972 828 laone.

276 850 373 940 iuragi
389 870 603 938 expetentes,
620 868 718 933 etque
733 846 867 916 interim
883 866 1115 933 paternocon·
1139 847 1220 915 lie?
1248 870 1288 914 an
1312 871 1328 915 a
1352 847 1536 934 stupratore
1553 844 1721 920 blanditiis
1753 860 1787 923 te
1817 849 1873 942 spe
1900 879 1971 926 me·

279 945 371 1024 sensit
389 944 421 1020 se
441 948 575 1019 destitui
590 945 889 1015 animadvertentes
908 963 1041 1032 promte
1056 945 1115 1015 eli·
1139 945 1287 1014 trimonii
1304 941 1432 1015 illectas
1450 945 1524 1019 dte.
1536 932 1716 1019 deremetl
1731 954 1875 1036 poterit,
1890 954 1971 1040 quid

281 1044 481 1141 gerenthoc
497 1046 674 1121 medium,
699 1045 779 1130 quin
806 1053 842 1115 &
871 1042 979 1129 patria
1001 1048 1115 1114 audio-
1139 1041 1265 1113 consilii
1287 1041 1481 1129 parentibus
1505 1045 1675 1116 dandum?
1701 1050 1834 1119 interim
1849 1057 1902 1138 jus
1919 1053 1973 1140 ip·
2023 1119 2027 1130 ,
2166 1057 2171 1082 ’

287 1151 366 1219 sites
382 1145 483 1240 plane
503 1138 696 1221 vilesceret,
722 1165 760 1211 ac
775 1143 1035 1229 praeceptumde
1055 1166 1116 1229 pa·
1140 1136 1208 1210 sum
1225 1142 1355 1229 parenti
1380 1143 1485 1212 invito
1504 1167 1572 1220 non
1598 1146 1706 1231 potest
1728 1144 1870 1219 auferre.
1920 1158 1968 1243 5.)

287 1270 425 1330 tentum
445 1237 601 1315 consensu
620 1244 654 1310 in
669 1243 793 1330 nuptiis
809 1239 991 1310 liberorum
1006 1236 1114 1310 neces-
1138 1243 1219 1310 Non
1236 1239 1291 1311 hic
1309 1246 1537 1330 compataadae
1557 1236 1630 1311 sunt
1650 1244 1794 1317 invicem
1819 1244 1969 1343 injuriae,

286 1339 372 1418 sario
390 1335 524 1436 prorsus
543 1363 770 1413 enervaretur.
823 1345 878 1434 g.)
899 1334 1115 1412 lutherus&
1140 1333 1193 1408 sed
1227 1339 1314 1426 parti
1342 1339 1511 1410 innocenti
1541 1336 1695 1412 adversus
1719 1367 1892 1419 nocentem
1917 1354 1970 1434 jus
2049 1361 2052 1368 ’

253 1465 270 1513 “.
286 1445 345 1518 elii
359 1470 399 1516 ex
420 1444 536 1514 nolitis
551 1455 757 1528 nequaquam
782 1437 845 1509 hoc
867 1435 1000 1521 volunt,
1027 1439 1115 1525 quod
1139 1438 1331 1509 dicendum.
1383 1443 1442 1526 Π.)
1466 1432 1617 1510 Publica
1638 1440 1776 1513 utilitas
1788 1444 1977 1539 praesertin·

287 1545 500 1617 matrimonia
520 1539 703 1610 liberorum
732 1536 798 1608 fine
832 1561 1009 1629 parentum
1037 1562 1116 1608 com
1139 1532 1185 1605 do
1203 1537 1248 1705 est
1268 1536 1425 1631 privatae.
1475 1527 1573 1635 ρ7αηι
1592 1561 1671 1610 vero
1689 1536 1813 1637 suadet
1832 1543 1969 1617 utilitas

284 1640 379 1718 sensu
409 1644 580 1712 contrista
611 1634 690 1752 fiam
715 1658 853 1707 ratane
874 1637 1024 1724 legitima
1054 1659 1116 1723 per
1136 1632 1206 1730 pah
1224 1636 1280 1705 ico
1312 1637 1532 1709 matrimonia
1571 1638 1661 1709 tolia
1693 1663 1760 1712 non
1797 1637 1967 1738 difflilvi,

286 1733 527 1818 concubitum,
550 1733 604 1809 sed
631 1760 665 1805 rn
694 1739 793 1806 certis
816 1733 1011 1822 qmbusdam
1038 1731 1123 1804 casn.
1140 1731 1277 1830 expedit
1305 1736 1392 1806 mim
1415 1734 1608 1831 reipublice
1630 1727 1791 1835 conjtigia
1813 1726 1873 1837 effe
1892 1740 1974 1835 sre7

287 1840 350 1915 bus
369 1836 564 1930 parentibus
587 1832 756 1905 consilium
776 1830 1012 1922 suppeditant,
1035 1834 1114 1920 quid
1139 1835 1283 1929 quentia.
1355 1828 1454 1923 Resp.
1496 1841 1540 1923 t.)
1572 1833 1706 1908 Publica
1738 1837 1861 1913 utilitas
1890 1866 1969 1914 cunt

284 1944 328 2013 ed
346 1939 499 2013 evitanda
519 1942 642 2021 majora
655 1935 865 2028 incommoda
876 1934 950 2020 post
966 1927 1114 2003 secutum
1139 1930 1394 2028 transgreffione
1411 1930 1493 2024 legis
1509 1933 1630 2005 divine
1648 1961 1685 2005 ac
1696 1961 1872 2028 parentum
1888 1965 1975 2012 con.

275 2032 497 2132 eongoelsum
524 2032 737 2123 illegitimum
766 2028 838 2103 fieri
861 2033 1014 2118 expediat
1029 2032 1115 2128 ,ndi-
1139 2053 1245 2118 temtu
1267 2056 1332 2102 non
1355 2030 1467 2112 debet,
1488 2057 1549 2103 nec
1573 2038 1679 2120 potest
1695 2033 1758 2108 effe
1782 2042 1969 2129 conjunoia.

285 2133 371 2212 secte
389 2138 478 2208 enim
495 2130 658 2205 Luthertts
676 2124 770 2201 serm.
789 2137 830 2201 de
852 2152 947 2200 matr.
971 2152 1051 2201 tom.
1071 2126 1111 2199 ΙΙ.
1140 2137 1187 2214 2.)
1212 2131 1332 2202 Suadet
1348 2133 1457 2217 potius
1479 2128 1613 2219 publica
1636 2138 1839 2216 auotoritas,
1866 2138 1971 2208 hono

284 2242 361 2328 Jea.
381 2241 591 2321 Germxpag.
617 2248 695 2315 ¹.'4·
717 2226 908 2319 parentibus
927 2227 991 2297 hoc
1015 2226 1113 2300 telin·
1138 2254 1209 2299 rem
1226 2249 1404 2316 parentum
1426 2240 1460 2303 δι
1490 2232 1722 2304 auctoritatem
1745 2233 1828 2325 legis
1848 2238 1971 2306 divinae

285 2337 383 2427 quit,
422 2355 468 2405 an
490 2330 527 2401 in
557 2323 625 2400 title
653 2329 910 2399 matrimonium
933 2325 1115 2419 consitione
1140 2329 1265 2417 vigere.
1343 2323 1501 2422 Expedit
1529 2329 1721 2418 reipublicae
1739 2334 1810 2425 piis
1834 2331 1969 2419 liberis,

273 2433 416 2518 uelint,
433 2422 561 2508 metm?
586 2432 660 2519 Jam
683 2451 762 2498 vero
785 2426 873 2497 alind
898 2427 944 2495 est
966 2449 1116 2508 quarere
1138 2424 1352 2518 inquirTull.
1376 2425 1432 2499 lib.
1458 2433 1515 2496 ΙΙΙ.
1533 2424 1591 2497 off.
1617 2439 1651 2501 &
1675 2455 1715 2501 ex
1738 2427 1869 2530 lroueflu
1893 2455 1973 2504 cort·

284 2537 439 2622 dejure,
462 2527 549 2602 aliud
566 2531 607 2598 de
626 2521 792 2621 ἐπιεικείᾳ
813 2517 1114 2611 &dispensatione
1133 2523 1303 2618 jatatione
1326 2527 1420 2618 nutis,
1440 2526 1611 2596 ciuitatem
1633 2528 1776 2623 repleri;
1800 2551 1833 2602 at
1853 2556 1893 2602 ex
1918 2553 1968 2604 ta·

282 2633 391 2722 Atqui
405 2630 440 2701 in
465 2627 551 2698 hanc
573 2621 768 2697 sententiam
797 2625 987 2712 accipienda
1012 2618 1116 2704 sunt,
1140 2623 1226 2691 libus
1244 2624 1367 2709 nuptiis
1388 2619 1461 2693 sant
1481 2626 1588 2710 injusti
1608 2625 1715 2698 liberi.
1739 2628 1761 2702 Ι.
1789 2653 1799 2701 ι
1817 2656 1844 2703 ι.
1867 2626 1905 2703 ff.
1924 2633 1969 2705 de

282 2757 359 2822 que
382 2735 425 2803 de
440 2726 656 2800 matrimoniis
680 2721 861 2794 liberorum
883 2719 1116 2798 clandestinis,
1140 2724 1208 2793 slat.
1231 2721 1320 2809 hom.
1374 2728 1465 2813 Ergo
1486 2721 1657 2813 legislator
1672 2725 1784 2798 illos'a
1809 2723 1862 2799 sua
1881 2727 1974 2816 poli·

281 2830 388 2920 fiper
406 2824 561 2914 copulant
575 2816 800 2894 consummata
819 2818 897 2903 sint,
925 2842 991 2888 non
1013 2843 1116 2891 terne·
1139 2821 1185 2889 tia
1205 2818 1328 2891 alienos
1351 2818 1475 2893 habere
1492 2821 1602 2895 debet.
1651 2823 1828 2898 Albericus
1854 2828 1974 2899 Genti-

283 2957 323 3004 re
343 2922 555 3000 dilsolvendis
581 2923 670 3009 apud
693 2922 853 3006 quosdam
884 2916 1057 3009 theologos
1081 2925 1116 2989 dc
1142 2916 1179 3010 lis
1198 2917 1273 2988 libr.
1296 2916 1360 2990 lV.
1377 2922 1421 2990 de
1442 2941 1536 3008 nupt.
1553 2944 1582 2991 c.
1607 2918 1707 2992 vill.
1755 2929 1821 3016 ,3.)
1841 2927 1972 3018 Quam-

285 3020 555 3121 jurisconsultos,
581 3015 857 3092 Wesenbeccium
877 3017 909 3084 in
934 3012 972 3087 ff.
996 3018 1114 3088 derit.
1141 3017 1190 3084 vis
1213 3038 1298 3105 ergo
1318 3021 1400 3088 dura
1422 3027 1459 3091 &
1483 3017 1602 3089 acerba
1628 3022 1780 3092 videatur
1808 3022 1972 3110 ejusmodi
2059 3014 2065 3026 ’

286 3115 388 3217 ῃυριῘ
405 3151 439 3196 n.
457 3133 489 3198 ll.
510 3121 675 3191 Beustium
694 3121 735 3187 de
753 3109 889 3203 sponsal.
906 3137 977 3200 cap.
998 3118 1114 3188 XLVI.
1140 3107 1326 3201 separatio,
1356 3138 1465 3187 tamen
1490 3114 1511 3186 si
1538 3115 1621 3206 legis
1653 3121 1757 3210 rigori
1788 3116 1889 3192 semel
1920 3143 1974 3193 at·
2082 3149 2085 3158 ·

289 3222 581 3302 Schneidewinum
602 3238 686 3304 part.
710 3214 752 3288 ll.
766 3241 801 3285 n.
816 3240 830 3296 3
837 3235 869 3299 ς.
893 3211 1023 3299 (ubi-in
1038 3238 1117 3282 con·
1140 3237 1204 3300 que
1226 3214 1347 3283 iterum
1364 3213 1455 3284 lorus
1479 3219 1707 3299 coiteedatur‘,
1730 3231 1838 3307 neque
1859 3222 1972 3309 impu.
2037 3233 2043 3244 ·

288 3324 421 3399 filioriis
434 3323 479 3389 ita
495 3315 707 3406 pronunciari
726 3310 860 3397 adserit)
883 3315 1057 3398 cujacium
1074 3315 1115 3382 ad
1139 3315 1208 3380 nita
1236 3312 1423 3383 dimittatur
1450 3312 1517 3381 haec
1545 3311 1689 3383 filiorum
1712 3307 1844 3389 audacia
1857 3315 1882 3400 ,'
1895 3343 1974 3394 raro

288 3424 313 3496 l.
345 3448 374 3495 a.
395 3409 434 3491 ff.
456 3419 497 3490 de
510 3420 565 3487 rit.
584 3436 678 3503 nupt.
697 3407 905 3484 Reusnerum
922 3410 980 3481 lib.
998 3418 1024 3483 l.
1038 3434 1116 3481 con·
1140 3412 1344 3497 inposterum
1366 3413 1561 3501 continget,
1588 3434 1635 3480 ut·
1655 3411 1712 3483 tali
1738 3411 1911 3491 severitate
1932 3416 1974 3491 lit
2095 3463 2101 3494 ,·

288 3518 364 3596 siclt.
386 3523 422 3591 6.
441 3542 474 3588 n.
498 3539 550 3598 32·
568 3535 665 3600 atque
682 3511 761 3581 alios
781 3528 971 3581 occurrunt.
1142 3510 1314 3578 utendum.
1365 3512 1602 3579 Duarenusde
1624 3532 1717 3599 nupt.
1742 3538 1769 3584 c.
1792 3521 1834 3585 ll.
1856 3518 1891 3585 in
1906 3513 1973 3589 lin.

361 3615 400 3716 ᾗ.
427 3619 613 3688 LXXXIII.
664 3611 749 3701 Quae
771 3612 803 3677 in
822 3610 1120 3694 contrariumpto·
1143 3615 1191 3698 4.)
1219 3608 1356 3675 Privatae
1377 3606 1643 3678 contrahentium
1671 3608 1803 3680 utilitati
1828 3616 1975 3698 quando·

292 3705 479 3802 seruntur,
504 3710 633 3782 facilem
654 3707 776 3778 liabent
793 3705 1058 3793 explicationem.
1080 3709 1119 3791 l.)
1143 3729 1207 3790 que
1233 3699 1384 3774 interesse
1408 3707 1558 3791 videtur,
1584 3703 1660 3776 tolia
1682 3713 1835 3798 conjugia
1851 3707 1974 3781 confir-

290 3815 336 3895 St'
358 3810 562 3912 diffitlvaiur,
581 3808 649 3881 tola
676 3803 1119 3899 niatrirnoaiam..immin
1143 3803 1253 3883 mari,
1294 3796 1348 3873 sed
1382 3801 1515 3888 publica
1541 3805 1662 3874 utilitas
1693 3809 1804 3894 potius
1830 3804 1972 3890 suadet,
2033 3784 2041 3858 .'

282 3920 331 4020 fit
340 3900 524 4012 socminae,
555 3929 627 4004 quae
655 3907 857 4001 virginitate
877 3900 1004 4001 attiiffo‘
1018 3904 1120 3976 elium
1145 3897 1293 3972 scandala
1312 3910 1348 3974 dc
1362 3899 1481 3974 deliria
1503 3900 1635 3989 publica
1657 3906 1787 3991 puniri,
1812 3911 1895 3980 ut&
1912 3905 1975 3998 ipli
2015 3909 2017 3914 ’

289 4020 367 4095 viro
392 4025 503 4086 cdrere
525 4011 668 4103 cogitur.
737 4000 840 4092 Rcsp.
856 4063 861 4082 .,
875 4015 918 4093 t.)
947 4010 1017 4075 lmo
1040 4027 1122 4074 vero
1145 3998 1375 4086 delinquentes
1397 4012 1637 4080 coerceantur,
1671 4011 1706 4075 dc
1734 4000 1790 4073 alii
1820 4005 1977 4096 exemplo

289 4118 411 4209 injuria
428 4110 465 4183 fit
483 4106 702 4199 parentibus,
728 4105 748 4175 fi
772 4112 845 4191 jure
867 4097 924 4172 sno
945 4104 1027 4173 citra
1052 4127 1122 4173 me·
1146 4119 1346 4169 terceantnr.
1399 4102 1480 4188 ΙΙΙ.)
1509 4096 1631 4171 Mtdm
1649 4099 1834 4196 impediunt
1855 4106 1978 4180 matri·

290 4221 394 4292 ritum
418 4213 605 4302 priventur.
672 4211 726 4287 ι.)
757 4204 860 4297 Quod
878 4205 1034 4274 damnum
1059 4199 1124 4270 foe.
1147 4198 1294 4268 moniam
1309 4196 1591 4285 contrabendum,
1617 4221 1689 4294 qvae
1718 4224 1783 4276 nov
1809 4200 1980 4277 dirimunt
2116 4217 2121 4242 ¹

265 4321 383 4392 ‘mina
406 4310 613 4397 constuprata
630 4299 745 4378 sentit,
770 4307 802 4372 id
814 4299 880 4399 sita
898 4300 996 4396 culpo
1015 4294 1373 4382 sentitscontrubium,
1398 4298 1474 4367 inde
1513 4296 1630 4369 Paulus
1665 4296 1741 4370 libr.
1771 4307 1813 4371 11.
1847 4326 1976 4392 recept.
2010 4294 2026 4330 '
2057 4341 2072 4376 ι

291 4421 436 4502 ideoque
460 4406 516 4478 fibi
545 4403 603 4494 ipsr
634 4402 715 4472 illud
743 4405 908 4489 imputare
943 4399 1068 4476 debet,
1099 4395 1122 4466 l.
1149 4393 1228 4466 sent.
1247 4396 1377 4474 llatuir,
1402 4418 1467 4465 nou
1482 4397 1611 4489 quidem
1633 4398 1979 4476 niutrimoniumobs·

277 4587 279 4591 ,
292 4538 379 4599 203·
401 4517 445 4581 de
469 4511 514 4579 tt.
536 4504 566 4594 J.
620 4505 673 4591 3.)
696 4503 800 4593 Quod
818 4499 932 4589 legunt
948 4500 1124 4570 audieriti-
1148 4520 1206 4590 que
1234 4490 1388 4593 cortsmsu
1407 4506 1583 4589 parentum
1611 4494 1868 4570 coirtrnlrmdmn
1886 4496 1977 4595 effe,

293 4638 326 4687 te
343 4610 404 4690 fit,
430 4632 492 4699 per
510 4603 592 4673 illud
610 4598 691 4671 nulli
709 4605 876 4689 irrogatur
898 4598 1033 4683 injuria,
1057 4601 1124 4681 jam
1141 4597 1174 4695 fi
1195 4603 1305 4668 lantso
1325 4592 1526 4667 contrasistit
1537 4595 1674 4689 suerit,
1698 4618 1763 4668 non
1786 4594 1844 4693 effi
1862 4595 1979 4696 diffiti-

293 4737 377 4786 vero
393 4707 471 4780 talia
485 4702 695 4774 matrimonia
714 4695 826 4786 legum
849 4697 1044 4766 austeritate
1063 4688 1126 4763 dis.
1149 4693 1301 4767 artadum.
1352 4687 1453 4780 Resp.
1479 4719 1682 4780 quaecunque
1702 4693 1779 4786 lege
1797 4700 1907 4770 divino
1923 4725 1981 4772 ex·
2075 4741 2080 4752 ·

297 4807 380 4885 solvi
398 4800 544 4897 possunt.
596 4804 645 4886 4.)
671 4800 749 4869 Non
775 4802 815 4867 de
842 4792 982 4880 injuria,
1009 4790 1062 4864 sed
1085 4796 1126 4862 de
1150 4791 1262 4882 presse
1286 4795 1327 4863 ad
1355 4794 1556 4863 matrimonii
1587 4792 1729 4884 legitimi
1750 4798 1980 4887 integritatem

297 4905 429 4983 miseria
452 4895 505 4973 sua
526 4895 659 4969 relidlus
685 4898 900 4990 constuprata
922 4907 1126 4977 conqueren-
1149 4912 1247 4975 atque
1262 4889 1429 4960 essentiam
1452 4895 1696 4978 requiruntur,
1719 4917 1755 4963 ea
1784 4918 1851 4963 non
1874 4890 1980 4968 solum

294 5014 325 5084 di
348 5009 471 5083 locus,
496 5027 538 5069 au
562 5021 640 5067 vero
660 4993 714 5063 illa
735 4999 931 5081 quandoque
952 4989 989 5078 lit
1011 4994 1126 5059 adten—
1151 4989 1337 5075 impediunt
1353 4991 1600 5059 matrimonium
1618 4989 1901 5075 contrahendum,
1925 4991 1979 5064 sed

294 5113 430 5188 denda,
457 5098 630 5189 prudentis
644 5096 761 5179 judicis
788 5097 833 5166 est
859 5085 1030 5177 dispicere.
1098 5094 1128 5156 ls
1151 5088 1250 5157 ctiam
1265 5088 1473 5156 contractum
1490 5084 1690 5165 dissolvunrt
1715 5095 1782 5173 jani
1804 5115 1883 5160 vero
1900 5115 1981 5162 con·

291 5228 439 5302 namque
473 5193 647 5293 pensitatis
669 5191 823 5269 oouiibus
855 5187 1131 5278 cucuuallontiis,
1152 5181 1261 5263 seusus
1284 5191 1462 5276 parentum
1481 5183 1628 5281 expreffa
1653 5189 1721 5268 Dei
1747 5184 1824 5284 lege
1847 5192 1888 5262 ad
1912 5214 1983 5263 ma.

311 5307 322 5322 ’
1921 5297 1982 5372 tri.

1723 5595 1751 5640 χ·
1826 5587 1835 5616 l
