4884 5984
859 453 922 526 or
962 451 1215 546 corruens
1249 449 1500 548 courvcn.
1892 447 1964 558 uer

365 665 477 730 „tum
497 645 604 720 situel
622 665 763 740 propter
782 665 905 720 mutue
924 647 1163 726 dileetionirst-
1184 644 1340 723 disserens
1373 644 1641 722 ceremoniarum
1683 639 1882 732 nuptialium
1923 631 1982 712 suo

367 769 528 840 rognum,
548 745 602 823 vel
620 768 761 839 propter
776 747 811 818 id
830 749 955 842 nugis,
985 772 1023 821 ut
1044 754 1163 823 eodem
1185 771 1339 838 tempore
1354 746 1545 820 usitatarum
1563 742 1766 816 mentionem
1785 741 1875 840 furit.
1894 737 1984 821 „Ni-

365 843 550 936 „pignore
569 850 671 928 cordo
692 869 809 918 eorum
832 851 1042 936 jungantur,
1074 847 1164 938 unde
1187 845 1244 932 „st
1265 844 1351 920 sorte
1371 843 1509 946 [inquil]
1526 835 1679 931 sponsae
1703 859 1798 929 putre
1822 853 1893 912 erat
1914 859 1982 910 trr-

365 952 438 1028 „dt
457 947 576 1034 quarto
595 943 735 1016 annulus
752 943 861 1035 digito
879 939 1061 1028 inseritur,
1085 947 1164 1028 ideo
1185 948 1354 1036 „'dendo,
1381 957 1416 1020 &
1433 943 1648 1034 exspedlrndr
1666 958 1821 1011 votorum
1839 935 1982 1018 solenni·

365 1043 480 1130 „quia
493 1045 528 1114 irt
540 1066 581 1116 eo
602 1068 686 1117 vena
706 1047 872 1132 quaedam,
889 1067 927 1117 ut
947 1041 1072 1132 fertur,
1089 1045 1161 1114 san·
1186 1067 1266 1136 „trs
1280 1043 1475 1130 &convivii
1492 1041 1681 1120 celebritas,
1695 1047 1730 1134 dt
1746 1037 1832 1112 dotis
1844 1037 1980 1108 ellinu-

366 1142 509 1230 „guinis
524 1145 567 1214 od
585 1165 643 1212 cor
661 1165 764 1229 usqne
782 1145 1000 1232 perveniat„
1023 1147 1079 1236 Β.)
1094 1139 1162 1218 Vt·
1184 1145 1267 1232 „tio
1289 1153 1324 1216 δι
1342 1138 1552 1230 ,conscriptio
1581 1135 1781 1210 tubulorum.
1812 1129 1981 1220 Marion

367 1237 468 1310 sulio.
495 1238 688 1312 Ambrosius
706 1238 782 1311 libr.
802 1237 828 1312 I.
845 1241 889 1312 de
912 1241 1038 1314 Abroh.
1053 1265 1083 1312 c.
1100 1237 1160 1310 IX.
1187 1240 1264 1330 „ud
1279 1236 1418 1332 consult.
1436 1233 1541 1333 Bulg.
1556 1261 1584 1311 c.
1604 1229 1778 1335 Nostrates
1799 1258 1851 1326 3⁰·
1868 1233 1979 1402 quiesi.

362 1331 499 1434 sponsus
515 1337 594 1411 velo
611 1332 704 1409 foisse
716 1341 818 1410 redire
833 1337 994 1412 Rebeceae
1008 1334 1163 1426 exemplo
1187 1395 1209 1430 ,‚
1221 1365 1251 1433 5.
1275 1341 1448 1426 Postquam
1468 1339 1573 1408 urrltis
1600 1327 1748 1424 sponsum
1767 1329 1825 1406 fibi
1848 1330 1928 1421 spon
1944 1355 1981 1404 ur

367 1432 504 1534 probet.
577 1440 683 1524 „Nec
710 1436 792 1508 illud
824 1434 963 1532 [iuquit]
995 1433 1163 1515 otiosum,
1186 1461 1281 1527 „per
1297 1439 1440 1528 digitum
1463 1433 1538 1506 fidei
1561 1431 1684 1526 onnulo
1704 1430 1904 1524 insignitum.
1924 1419 1981 1502 de·
2115 1487 2125 1498 .

370 1538 496 1622 „quod
514 1533 667 1608 Rebecca
686 1529 822 1626 cognito
836 1531 942 1608 isaaco
955 1558 1055 1626 caput
1069 1530 1164 1606 suum
1187 1532 1410 1626 ‚‚sponderit,
1452 1538 1631 1622 dotemque
1648 1585 1653 1622 ·.
1662 1533 1794 1626 utrique
1823 1513 1982 1619 placitum

369 1629 576 1724 „obnubere
591 1634 718 1720 empit,
740 1636 862 1706 docens
881 1633 1163 1707 verecundiumiu
1188 1629 1351 1730 „sponsus
1378 1641 1448 1722 cius
1475 1627 1598 1720 scripto
1628 1627 1856 1726 padumboc
1876 1623 1984 1703 couti·

368 1731 529 1820 ..nuptiis
548 1733 665 1822 praeire
683 1729 829 1816 debere,
851 1733 929 1805 iude
944 1733 1033 1804 enim
1053 1741 1087 1804 dt
1104 1755 1166 1822 oue
1188 1733 1318 1822 „ne'nte
1343 1755 1456 1804 coram
1482 1730 1629 1812 inritatis
1652 1725 1696 1798 ub
1721 1750 1860 1812 utraque
1889 1746 1984 1816 purte

364 1830 613 1924 „ptiaedidae,
638 1831 725 1917 quod
740 1831 877 1916 pudoris
894 1832 1002 1920 gretia
1022 1825 1055 1902 se
1069 1825 1166 1918 ooel-
1189 1831 1420 1916 „trarliderir','
1453 1850 1512 1899 aut
1538 1851 1615 1898 mor
1642 1846 1698 1898 rut
1727 1847 1806 1916 epto
1831 1847 1988 1914 tempore-

369 1927 445 2008 „loe
458 1925 679 1999 obnuberent.
700 1923 849 2025 [fidorui
870 1928 905 2002 d.
922 1927 947 2000 s.
999 1929 1164 2012 Foemiutr,
1188 1959 1213 2016 ,·,
1224 1928 1323 2001 umbo
1343 1931 1385 2000 ud
1402 1923 1563 2016 nuptialia
1584 1921 1710 1997 federe
1739 1923 1982 2014 perducuntur.

370 2030 486 2112 „duno
511 2027 730 2104 maritantur,
755 2027 830 2098 ideo
858 2026 1036 2111 uelantur,
1069 2047 1108 2096 ut
1133 2019 1165 2096 se
1189 2084 1210 2117 „
1222 2025 1295 2100 Leo.
1307 2051 1334 2101 c.
1357 2023 1480 2122 Qualis
1495 2021 1638 2098 ibidem:
1658 2023 1777 2192 (ssuolis
1789 2019 1907 2094 debeor
1918 2015 1984 2092 elle

371 2124 560 2210 „noverint
577 2119 705 2212 semper
719 2125 846 2196 maritis
865 2120 928 2196 suis
941 2119 1086 2196 subditas
1102 2118 1167 2194 elle
1189 2151 1328 2210 „uxur,
1353 2149 1424 2214 que
1448 2123 1596 2195 habendo
1611 2125 1658 2195 esl
1688 2123 1853 2194 erundum
1873 2117 1985 2210 legem

370 2229 442 2314 „bc
461 2219 615 2302 humiles.
666 2215 775 2308 strar,
800 2228 890 2308 quod
910 2224 1072 2316 nubentes
1095 2223 1167 2314 post
1190 2229 1322 2316 „uirgo
1340 2225 1439 2310 callo,
1468 2232 1502 2296 bc
1520 2216 1710 2311 desponsata
1723 2223 1758 2290 in
1780 2219 1984 2310 virginitate,

371 2317 672 2400 ..benedidionem
703 2322 785 2389 vitto
812 2322 958 2392 invicem
983 2317 1073 2408 quast
1100 2342 1167 2390 uno
1190 2333 1256 2404 „dt
1274 2319 1577 2412 dotrtrlegitime,
1603 2329 1679 2392 &u
1701 2315 1894 2412 parentibus
1917 2337 1985 2388 tro·

373 2415 542 2505 „oioculo
570 2415 794 2504 copulantur,
823 2419 980 2514 uidelicet
1006 2422 1082 2490 ideo
1101 2415 1167 2497 fit,
1192 2413 1443 2510 „ditusponsm
1468 2425 1503 2492 be
1526 2443 1545 2488 a
1569 2414 1804 2507 purrnrmphio
1820 2415 1985 2504 occipien-

373 2537 450 2598 „ne
466 2536 665 2610 compagem
681 2515 865 2606 coniugalis
890 2519 1023 2608 unitatis
1041 2517 1169 2586 dirum·
1192 2521 1288 2606 „do,
1323 2527 1358 2591 δι
1379 2511 1424 2588 ita
1451 2513 1629 2586 secundum
1646 2514 1758 2608 legem
1779 2524 1814 2588 dt
1837 2536 1984 2608 evange·

374 2631 508 2704 „pont
540 2616 590 2683 Ac
608 2615 724 2684 eodem
740 2614 970 2687 vittacrndido
983 2637 1170 2702 purpureo.
1192 2665 1215 2703 „
1228 2615 1309 2702 lium
1327 2613 1469 2705 publicis
1488 2614 1611 2701 nuptiis
1626 2613 1662 2684 in
1676 2615 1869 2702 eonjugium
1888 2609 1985 2700 liqui.

371 2733 473 2801 „que
486 2707 599 2782 colore
624 2705 865 2799 permiscetur,
896 2707 1019 2806 candor
1043 2715 1170 2800 quippe
1189 2715 1266 2801 „de
1286 2710 1453 2798 sumendo.
1478 2705 1668 2784 Concilium
1690 2705 1887 2804 Arelaleuse
1909 2731 1983 2806 cap.

370 2809 456 2896 „esl
470 2811 512 2882 od
534 2810 731 2881 munditiem
751 2810 845 2895 vitae,
870 2835 1021 2900 purpure
1037 2815 1079 2880 ad
1101 2807 1171 2880 san·
1194 2868 1215 2899 „
1232 2809 1272 2888 V
1268 2807 1299 2882 Ι.
1320 2807 1361 2884 ds
1375 2806 1515 2883 babetur
1529 2833 1557 2882 c.
1575 2806 1714 2882 Nullum
1732 2807 1873 2882 ibidem:
1896 2807 1985 2880 Nul-

370 2906 522 3000 „guinis
533 2906 759 2996 posteritatem
773 2907 973 2994 adhibetur,
1003 2930 1040 2980 ut
1052 2905 1119 3006 bue
1131 2905 1170 2978 st·
1193 2909 1306 2996 „luur-
1316 2905 1383 2998 srue
1398 2910 1477 2980 dote
1491 2905 1547 2978 fiat
1562 2916 1638 2998 conj
1663 2911 1776 3004 gluto,
1804 2914 1895 2994 juxta
1911 2897 1987 2996 pos-

372 3027 477 3098 „gno
494 3013 531 3076 dt
555 3007 758 3077 continentia
781 3014 816 3079 δι
840 3006 894 3078 lex
917 3006 1109 3102 continendi
1127 3002 1170 3076 ob
1187 3005 1575 3098 g,fibilitotem,firtdor.
1635 2934 1851 3082 innocentius
1874 3003 1986 3102 dicii,

373 3155 398 3194 „
405 3103 554 3188 utrisque
567 3105 609 3172 ud
624 3105 1031 3196 tempurlodmoneantur,
1048 3114 1084 3178 δι
1094 3105 1169 3200 1³⁰..st
1194 3110 1339 3192 „dotem
1359 3101 1443 3176 ltrnc
1461 3101 1629 3192 conferri,
1653 3128 1691 3180 ut
1712 3108 1765 3178 uit·
1783 3105 1988 3177 matrimonii

370 3195 476 3300 „ltor
487 3201 695 3298 reddendum
711 3199 865 3294 ¹debitunt
884 3227 952 3274 nou
973 3223 1127 3292 negetur.
1142 3251 1168 3284 „
1190 3229 1327 3294 „onera
1343 3200 1484 3292 ¹facilius
1515 3199 1649 3287 rent..
1661 3255 1684 3273 ..
1711 3201 1784 3299 rr.)
1805 3199 1988 3296 Nupiiolis

372 3295 447 3396 2.)
461 3287 636 3370 obviatio.
660 3295 795 3396 ¹Sponsor
815 3325 959 3392 peregre
973 3304 1169 3396 adventanti
1193 3302 1343 3376 conuiuii
1360 3298 1537 3399 iustrubir'o.
1587 3307 1663 3389 Ejus
1683 3303 1836 3374 meminit
1859 3304 1991 3385 Dium,

373 3421 457 3470 eum
476 3419 598 3488 arogno
617 3421 742 3494 pampo
764 3407 799 3472 δι
819 3393 991 3494 splendido
1012 3399 1169 3480 comitatu
1195 3399 1256 3475 stus
1276 3397 1517 3472 Alexandrinus
1533 3402 1622 3486 opud
1640 3397 1815 3473 Eusebium
1828 3396 1906 3470 libr.
1920 3393 1987 3470 Vl.
2129 3449 2132 3454 -

373 3483 513 3582 obuium
534 3489 721 3582 procellislc
740 3489 918 3583 sponsum,
941 3481 1111 3587 colligitur
1130 3517 1171 3566 ex
1194 3498 1307 3570 lrislor.
1325 3494 1442 3570 eccles.
1467 3521 1538 3582 cap.
1554 3495 1715 3570 XXXIX.
1736 3493 1989 3583 Chrysollpmur

375 3590 482 3665 Paulo
497 3591 636 3664 diacono
658 3589 734 3663 libr.
752 3600 862 3667 XXll.
878 3619 943 3666 rer.
959 3598 1101 3666 Roman.
1115 3591 1173 3663 ubi
1195 3593 1312 3670 lromil.
1330 3601 1406 3668 ΧΗ.
1432 3597 1468 3664 in
1488 3589 1612 3668 Culoli.
1634 3593 1701 3666 IV.
1727 3597 1879 3688 grauiter
1895 3613 1990 3686 ,texor

375 3711 639 3786 commemorat,
660 3710 686 3769 ·,‚
695 3715 851 3777 proceres
871 3685 1173 3786 Constantinopoli·
1195 3717 1325 3782 morem
1346 3694 1539 3782 „invitandi
1564 3695 1754 3788 meretrices
1775 3696 1817 3767 od
1836 3691 1991 3798 corripio

355 3809 505 3874 ,tonus
523 3784 649 3860 solenni
668 3811 791 3874 pompa
815 3785 991 3862 occurrisse
1009 3796 1111 3860 lrcuae
1126 3791 1172 3860 A·
1196 3788 1407 3884 „nuptioliop
1427 3788 1602 3878 &adduit
1629 3795 1721 3878 Licet
1738 3792 1809 3866 eliis
1828 3791 1992 3886 erhilora·

375 3883 523 3978 „thenis
542 3886 707 3964 uenienti,
732 3907 770 3955 ut
783 3888 1000 3959 Cunilontino
1016 3885 1174 3977 principi,
1195 3913 1268 3970 „re
1282 3892 1434 3978 nuptiis„
1449 3910 1567 3980 utpote
1581 3873 1810 3988 loutipssmeubo
1825 3900 1860 3966 dt
1876 3893 1992 3984 copio-

375 3983 639 4072 ..Constantini..
650 3983 856 4056 iconomachi
879 3981 975 4078 filio,¹
1003 3983 1175 4056 matrimo·
1198 3984 1496 4078 „firreslimentie
1543 3994 1625 4059 Haec
1654 4012 1722 4061 non
1749 3983 1915 4080 amputo,
1948 3987 1992 4064 ne

379 4081 470 4166 „uio
490 4078 716 4168 copularetur.
726 4129 749 4160 ‚,
815 4087 889 4174 1'0.)
913 4081 1072 4155 Duratio.
1093 4087 1174 4154 Eum
1199 4087 1345 4166 „videor
1357 4081 1421 4158 esle
1434 4085 1531 4174 valde
1547 4088 1692 4179 agreslio.
1742 4088 1869 4170 Omnia
1880 4107 1992 4162 tumen

378 4169 596 4266 'ontiouiffimi
622 4200 733 4267 putres
760 4179 794 4250 in
823 4171 956 4271 'sponso
988 4183 1173 4270 requirunt.
1198 4205 1369 4272 „oportet
1388 4167 1451 4255 elle
1465 4183 1563 4273 plena
1579 4187 1800 4275 temperantia
1816 4209 1855 4258 oe
1875 4189 1991 4262 mode·
2107 4181 2113 4192 ¹

379 4277 548 4378 Erroribus
564 4278 598 4348 d.
620 4274 645 4348 l.
701 4271 821 4374 Aliter
840 4275 1029 4374 legitimum
1047 4301 1112 4350 non
1131 4277 1175 4372 fil
1198 4283 1302 4368 „slio,
1328 4285 1491 4372 gravitate
1507 4293 1542 4355 dt
1566 4282 1773 4368 honesturn„
1820 4288 1915 4376 idem
1929 4283 1991 4358 ltu·

379 4375 654 4474 mulrimorriurrr,
679 4378 741 4458 nib
755 4399 881 4448 uxoru
902 4373 1098 4473 parentibus
1115 4387 1176 4448 uui
1198 4379 1268 4451 mil.
1287 4385 1391 4450 Xlll.
1408 4384 1443 4470 iu
1456 4383 1528 4452 odio
1541 4383 1764 4468 apostolorum
1778 4377 1992 4473 refetequod

377 4470 678 4575 propinquioribus
690 4473 883 4572 sponsetur,
913 4473 955 4549 ds
972 4473 1101 4571 legibus
1114 4472 1175 4552 do.-
1196 4477 1246 4566 ud
1263 4475 1406 4573 hospites
1424 4479 1460 4551 iu
1479 4480 1644 4555 conuiuiis
1662 4469 1874 4576 nuptialibus
1896 4481 1992 4556 exbi-

380 4585 482 4653 trior.
532 4573 756 4658 Hieronymus
777 4578 810 4646 in
821 4576 916 4664 epist.
931 4578 972 4646 od
989 4579 1175 4668 Oceanum,
1199 4575 1363 4668 surundur
1383 4575 1597 4666 adhibuerint
1615 4577 1798 4673 cymbalo,
1823 4573 1992 4670 tibias&
2144 4655 2146 4660 .

381 4693 527 4772 uxorem
544 4691 567 4742 o
586 4671 770 4744 concubino
797 4672 861 4744 hoc
888 4676 1021 4747 nomine
1037 4667 1177 4746 discerni
1203 4671 1347 4752 cantico.
1410 4681 1592 4770 Gregorius
1623 4681 1792 4753 Turoniue
1821 4677 1898 4754 libr.
1923 4677 1990 4756 lv.

380 4763 491 4858 dicit,
507 4767 597 4868 quod
617 4771 721 4845 uxori
743 4767 871 4843 tubulis
885 4773 1019 4870 upusfii
1043 4765 1084 4845 di
1101 4774 1177 4865 jure
1201 4765 1993 4871 cop.XLVI.describitnuptiasSigeberti‚Fron·

381 4863 497 4948 dotali
507 4919 521 4958 ,
547 4889 619 4966 quae
634 4868 822 4942 concubine
840 4869 973 4942 minime
990 4868 1176 4943 habuerint.
1202 4875 1260 4945 cie
1281 4875 1381 4964 regio,
1401 4873 1580 4975 sumiuoſsr
1596 4875 1703 4972 epulis
1721 4873 1761 4950 ΕΞ
1779 4901 1904 4975 muguu
1918 4905 1992 4956 cunr

379 4966 587 5061 Augulliour
601 4965 679 5041 libr.
692 4969 774 5040 ΧΗ.
793 4971 834 5039 de
848 4966 966 5041 Genes.
984 4971 1024 5041 ad
1048 4967 1176 5042 literam
1201 4971 1327 5044 sterilia
1356 4972 1546 5046 celebrator.
1616 4977 1792 5067 Remigius
1816 4983 1850 5048 in
1875 4975 1993 5056 l‘solm.

377 5065 773 5160 communnione
796 5068 984 5158 primorum
1000 5088 1178 5160 prreotuur
1199 5076 1304 5162 XLV.
1335 5068 1468 5166 refert,
1494 5068 1713 5173 scsrososticor
1742 5096 1873 5152 currum
1889 5075 1992 5176 suiffr

437 5152 648 5240 lumxXV.
1253 5173 1350 5242 Nnu
1915 5183 1994 5252 coni
