4884 5984
859 425 863 432 ⁵
973 477 1042 548 or
1092 459 1470 551 saotasatrurs.
1634 543 1637 554 .
1889 443 1917 530 -’
2001 503 2067 571 na

361 654 613 772 alternant..
649 661 816 757 Ulpianus
835 664 857 738 l.
889 690 924 776 4.
952 665 990 741 ff.
1016 673 1057 741 de
1080 659 1244 759 sponsa-’⁸
1281 647 1513 764 §.cxxvtu
1542 669 1806 766 Moteriaspom
1867 653 1943 739 ill-l
1967 671 2044 767 Mt·

379 759 442 836 lib.
492 758 544 835 Sa
580 768 628 830 cri
644 766 751 838 radus
765 763 944 932 'conpensat
957 766 1005 842 ad
1016 771 1210 939 sappirum·
1231 764 1386 842 saliorum
1407 768 1481 842 sunt
1505 770 1654 864 pessonae
1675 795 1806 846 contra.
1914 763 2004 817 lm&

376 858 425 934 ala
437 857 528 958 spon
544 857 629 930 alia.
684 863 803 933 Paulas
841 891 899 947 .7.
919 871 994 938 eod.
1104 865 1209 964 spon·
1233 867 1370 950 luentes.
1391 869 1565 958 dequibus
1583 872 1652 942 haec
1666 897 1805 962 genera·

367 955 510 1055 ‘salibus
523 957 809 1056 etiarnconsensar
826 985 937 1035 eoram
957 964 1142 1056 exigendus
1155 969 1207 1067 esi,
1234 965 1271 1036 lis
1291 967 1406 1058 regula
1426 969 1588 1040 tradit‘ur:
1617 970 1824 1068 Quicunque
1841 971 1991 1060 nuptias,
2012 967 2064 1041 illi
2129 1017 2132 1022 -

369 1079 522 1155 quorum
542 1055 579 1127 ira
599 1061 728 1154 nuptiis
747 1059 958 1159 destinatur.
1003 1066 1158 1151 Julianus
1185 1063 1206 1135 l.
1231 1066 1334 1135 etiam
1362 1060 1521 1153 sponsalia
1543 1067 1754 1139 contrahere.
1770 1068 1927 1158 poliunt,
1951 1078 1987 1142 ἀ
2013 1069 2063 1140 vi·

382 1159 531 1232 theod.
587 1148 792 1252 Sponsalia‚
815 1162 904 1258 scut
925 1164 1053 1255 eruptiae
1076 1161 1209 1258 consen·
1231 1158 1356 1233 cilum:
1381 1169 1605 1252 qui‘nuptias,
1630 1165 1791 1237 illietiam
1808 1162 1965 1255 sponsalia
1981 1190 2064 1238 con·

364 1249 419 1351 'stt
432 1248 697 1330 massiliensium
706 1258 809 1355 fiunt,
830 1256 872 1331 ti
886 1259 1054 1357 ideosmrt
1067 1263 1208 1357 haphar,
1232 1259 1366 1331 trahere
1386 1262 1630 1349 probibentur,
1655 1288 1730 1333 cum
1748 1258 1906 1354 sponsalia
1923 1261 1984 1335 lint
1997 1262 2062 1356 sat·

365 1353 435 1427 «iia
466 1345 685 1450 spronsalibttr
715 1357 994 1454 filiumfamilias
1026 1359 1208 1456 cartssntire
1233 1368 1384 1430 turmam
1415 1361 1609 1456 nuptiarum
1632 1361 1827 1460 promiffia,
1868 1386 1966 1450 atque
1991 1365 2063 1433 adi-

364 1462 522 1550 'aportat
570 1451 657 1545 Quat
673 1478 756 1544 ergo
780 1459 821 1529 de
841 1453 996 1528 consensu
1024 1460 1057 1528 in
1084 1465 1208 1550 gene're
1232 1461 1362 1527 tamad
1389 1461 1519 1548 nuptias
1545 1483 1674 1547 parent.
1727 1465 1778 1533 Sic
1804 1463 2007 1532 Modestinus
2034 1457 2059 1531 l.

364 1553 546 1646 diximus,
577 1571 618 1623 ta
640 1556 682 1623 ad
710 1549 900 1626 consensum
924 1551 1147 1643 sponsalitium
1169 1559 1205 1628 in
1240 1550 1353 1629 Tutor.
1381 1578 1434 1647 15.
1460 1553 1505 1651 ff.
1538 1558 1578 1628 de
1596 1555 1750 1654 sponsal.
1772 1560 1875 1628 tutori
1898 1557 2061 1647 pupillam

377 1645 488 1738 specie
502 1644 801 1737 suntadplicanda3
825 1652 1013 1728 ubi'tanren
1027 1677 1142 1726 notant
1156 1657 1207 1725 in.
1231 1648 1319 1724 suam
1344 1677 1481 1724 uxorem
1502 1659 1649 1734 ducere,
1673 1658 1726 1729 vel
1754 1653 1822 1726 filio
1846 1652 1903 1726 suo
1927 1659 1961 1726 ln
1992 1679 2062 1726 m!-

377 1767 544 1838 terpretes
572 1750 661 1821 inter
686 1747 929 1845 sponsalitium
961 1762 996 1825 &
1021 1752 1204 1848 nuptialrm
1231 1753 1389 1821 trimonio
1421 1755 1572 1823 eamdem
1601 1756 1784 1845 adjungere
1817 1751 1971 1824 illicitam
1998 1750 2063 1826 ell'e

377 1839 572 1919 consensum
589 1846 673 1920 hanc
691 1851 776 1920 inter
790 1853 1021 1946 catemariam
1045 1854 1116 1922 dari
1138 1849 1203 1924 dif.
1227 1843 1407 1919 rescribens
1436 1854 1543 1922 addit:
1573 1845 1673 1926 Scias
1692 1864 1825 1936 tamen,
1847 1850 1936 1947 qaod
1950 1849 2063 1923 dertar-

363 1941 575 2038 -strentiarn,
611 1950 700 2033 quod
729 1948 813 2018 solus
832 1972 1008 2038 parentum
1031 1941 1202 2022 consensus
1222 1947 1311 2041 ptiis
1333 1945 1539 2032 trasanii,
1571 1952 1673 2022 etiam
1695 1951 1742 2024 od
1757 1948 1938 2047 sponsalia
1957 1946 2078 2046 perii?

366 2046 554 2132 x-alellitutus
573 2041 1009 2120 contrahentiumconstnsu
1026 2047 1124 2136 polltt
1142 2044 1206 2120 ess'e
1230 2068 1316 2117 nere.
1372 2046 1540 2135 Ulpianus
1566 2051 1663 2120 etiam
1691 2048 1714 2124 l.
1736 2053 1869 2122 Oratio.
1903 2056 1958 2123 16.
1987 2051 2061 2120 e'od.

379 2138 606 2234 sponsalitias,
621 2137 685 2215 ¹sed
702 2146 860 2234 nuptialis
883 2142 947 2217 elsa
965 2167 1126 2233 nequeat,
1148 2144 1206 2217 nist
1233 2140 1275 2222 In
1297 2145 1448 2215 oratione
1461 2146 1709 2240 imperatorum,
1728 2168 1799 2242 quae
1820 2144 1982 2240 parridum
2000 2167 2064 2217 ntr-

378 2241 650 2314 contrahentium
668 2238 839 2314 consensus
856 2241 1041 2333 expressus,
1062 2246 1209 2317 veltaci·
1230 2242 1325 2339 ptios
1346 2243 1381 2313 in
1405 2241 1580 2338 personam
1596 2242 1792 2339 senatorum
1824 2242 1997 2328 inhibuit,
2022 2240 2063 2314 de

380 2342 593 2413 turacredat.
659 2345 766 2412 Potest
784 2345 873 2411 eninr
902 2366 996 2431 pater
1022 2369 1084 2431 pro
1111 2341 1180 2413 filio
1197 2390 1208 2421 ‚
1227 2337 1444 2435 sponsalibus
1469 2341 1559 2414 nihil
1580 2341 1718 2428 locato,
1756 2344 1858 2415 etiam
1879 2339 2062 2438 sponsalia

380 2462 491 2526 mater
508 2463 571 2527 pro
586 2435 673 2517 lilia,
701 2459 792 2511 tutor
806 2465 868 2529 pro
889 2440 1026 2529 pupillis
1043 2437 1209 2528 sponsalia,
1235 2437 1307 2536 ipso
1325 2441 1401 2533 jars
1421 2437 1544 2513 attilius
1563 2438 1685 2537 censeri
1700 2421 1858 2513 animanti
1875 2437 2060 2537 rescripst‚

373 2561 451 2612 non
476 2559 587 2610 tamen
622 2539 752 2624 nuptias
784 2538 1003 2609 contrahere:
1037 2535 1089 2608 sed
1120 2540 1209 2609 enim
1234 2550 1272 2610 at
1281 2534 1499 2633 suppleatur.
1528 2542 1670 2631 (inquit)
1691 2541 1779 2636 quod
1797 2539 1947 2610 orationi
1966 2538 2060 2638 deest.
2163 2599 2166 2606 .

381 2640 461 2726 quia
476 2634 553 2709 talia
571 2631 810 2722 sponsalianon
827 2637 924 2706 aliter
938 2633 1117 2708 sortiuntur
1130 2629 1212 2707 effe·
1235 2636 1353 2706 Paulus
1376 2636 1398 2710 l.
1418 2635 1439 2707 li
1463 2640 1553 2723 quisi
1571 2648 1627 2712 60.
1643 2651 1670 2724 §.
1695 2653 1728 2730 5.'
1756 2633 1793 2709 ff.
1813 2641 1855 2708 de
1875 2638 1942 2708 ritu
1963 2657 2059 2728 nupt.

381 2741 497 2819 unm,
524 2732 583 2806 nist
605 2739 736 2820 quando
758 2734 854 2805 liberi
883 2740 917 2805 in
946 2733 1094 2826 legitima
1118 2755 1210 2805 aetate
1242 2729 1409 2829 Quamuis
1425 2731 1535 2807 verbis
1560 2737 1726 2810 orationis
1754 2729 1887 2807 cautum
1911 2737 1987 2833 stt,
2020 2756 2061 2806 oe

382 2834 554 2907 constituti
580 2834 701 2916 tacita,
723 2831 776 2903 vel
810 2828 956 2921 expresse
975 2829 1210 2913 consentiunt's
1235 2855 1374 2904 uxorem
1396 2843 1488 2906 tutor
1506 2831 1669 2928 papillam
1684 2832 1783 2929 saram
1802 2833 1921 2916 ducat,
1949 2843 2061 2905 tantm

382 2956 458 3030 cap.
486 2932 574 3005 anic.
595 2926 635 3001 de
653 2927 803 3026 despons
827 2929 949 3026 impul.
976 2933 1011 2999 in
1041 2940 1075 3005 6.
1101 2933 1211 3026 (quod
1237 2928 1548 3032 intelligendumesl,
1570 2929 1948 3027 nedrsponderiquidem
1960 2926 2059 3029 poffi.

380 3035 477 3105 enim
496 3034 530 3108 in
545 3056 574 3100 c.
594 3036 619 3099 Ι.
637 3031 678 3099 de
697 3033 788 3117 desp.
811 3027 939 3116 irnpub.
965 3029 1104 3108 dicitur,
1123 3031 1214 3126 posi-
1238 3026 1331 3100 Nam
1356 3052 1429 3100 mam
1461 3052 1526 3125 quo
1551 3031 1677 3124 nuptiae
1707 3029 1864 3104 contrahi
1888 3052 1955 3100 non
1983 3026 2064 3124 pas·

383 3151 485 3230 quoni
500 3127 601 3227 filius
614 3129 801 3220 peruenerit
818 3127 863 3197 ad
877 3125 1056 3223 pastilam
1070 3137 1213 3210 atatem,
1229 3125 1329 3222 sant,
1354 3126 1423 3198 haec
1439 3127 1629 3222 plerumque
1646 3152 1685 3198 ne
1709 3128 1843 3224 quidem
1866 3124 2063 3223 desponderi

383 3229 500 3305 debere
519 3226 557 3300 id
580 3225 787 3322 adimplere,
818 3223 864 3296 ibi
891 3223 1014 3299 debere
1040 3248 1212 3314 exponant
1235 3227 1356 3324 potest,
1377 3249 1455 3311 nam
1471 3246 1542 3320 quae
1559 3226 1637 3297 daci
1650 3230 1772 3327 potes,
1797 3221 2066 3322 jare-desponde·

381 3327 455 3422 per'
480 3323 569 3417 posse
593 3323 616 3395 l.
651 3350 679 3399 t.
704 3322 741 3398 ff.
771 3328 812 3395 de
840 3328 954 3410 iurisd.
984 3347 1075 3395 omn.
1096 3325 1210 3415 judic.)
1237 3337 1301 3397 tur.
1319 3331 1324 3368 ³
1359 3325 1515 3396 bddenda
1541 3345 1650 3397 tamen
1684 3326 1761 3397 haic
1786 3321 1911 3415 regale
1939 3323 2064 3414 duplex

381 3431 463 3501 ideo
480 3450 546 3497 non
566 3425 734 3494 immerito
752 3425 919 3503 statuitur,
954 3425 988 3495 id
1007 3424 1097 3510 quod
1117 3442 1212 3510 pater
1236 3422 1414 3496 limitatio:
1447 3430 1494 3509 r.)
1519 3425 1553 3493 Si
1568 3422 1606 3493 fit
1630 3425 1744 3495 eadern
1768 3426 1879 3501 ratio,
1909 3447 1972 3495 nec
1991 3426 2065 3494 evi-

384 3551 451 3617 pro
473 3521 566 3608 filio,
592 3543 697 3594 mater
710 3547 774 3613 pto
792 3518 880 3599 filiu,
911 3543 1001 3591 tutor
1017 3545 1081 3608 pro
1100 3518 1213 3609 pupil-
1235 3524 1317 3614 dens
1337 3522 1485 3606 quaedam
1510 3519 1677 3600 diversitas
1698 3540 1860 3591 occurrat.
1912 3522 1963 3591 sie
1989 3542 2065 3590 mu-

384 3627 606 3713 liutgerum,
642 3609 710 3689 non
741 3615 804 3689 elle
827 3621 964 3706 proprie
994 3628 1028 3691 dc
1056 3620 1211 3688 adcurate
1237 3613 1300 3689 lie'r
1316 3620 1400 3688 intra
1430 3616 1552 3688 annum
1572 3616 1680 3688 latras
1701 3620 1874 3706 cenllituta
1904 3611 2063 3704 sponsalia
2100 3615 2118 3643 Χ

385 3722 554 3810 loquendo
569 3712 804 3806 sponsaliorum
819 3719 951 3787 nomine
965 3714 1212 3804 adpellandum,
1235 3713 1406 3786 celebrare
1425 3717 1551 3802 potest,
1576 3738 1644 3787 non
1666 3736 1776 3787 tannen
1794 3715 1946 3802 nuptias3
1977 3715 2063 3785 tatio

384 3842 564 3905 antequam
593 3810 763 3886 consensus
799 3813 963 3895 illorum,
1001 3809 1047 3884 ‘de
1069 3835 1212 3901 quorum
1236 3809 1431 3884 diversitatis
1443 3815 1567 3901 pendet
1580 3835 1620 3884 ex
1636 3837 1698 3898 eo,
1719 3816 1808 3901 quod
1823 3805 1973 3885 turbatio
1978 3808 2064 3908 san·

382 3907 513 4009 nuptiis
542 3914 672 4006 agitur,
713 3914 924 4000 postmodum
963 3915 1106 3983 accedat.
1180 3910 1213 3981 si
1236 3909 1374 4006 guinis,
1394 3901 1571 4005 σύγχυσις
1592 3911 1812 4010 rimaris-in
1829 3912 1971 4001 nuptiis,
1995 3933 2064 3983 nota
2178 3907 2183 3918 ”

377 4018 478 4090 ”enim
498 4009 600 4088 essent
615 4036 691 4082 vera
706 4006 886 4098 sponsalia,
912 4007 1212 4082 sortirenturetiam
1238 4013 1272 4079 in
1291 4004 1492 4098 sponsalibus
1512 4014 1688 4081 metuenda
1713 4008 1737 4081 l.
1765 4031 1819 4086 ιο.
1840 4009 1868 4101 §a
1897 4035 1928 4081 r.
1949 4006 2065 4083 alr-his

384 4109 624 4205 sponsaliorum
643 4106 829 4185 eusebium,
857 4127 933 4179 cunr
962 4102 1055 4178 causa
1078 4110 1113 4178 in
1138 4111 1213 4177 asta
1237 4108 1295 4203 pai
1309 4105 1511 4199 not.insorn.
1539 4105 1723 4199 Hilligeras
1742 4108 1777 4177 in
1799 4107 1935 4178 Donell.¹
1953 4107 2062 4181 errucl.

385 4211 540 4303 perfeeto
554 4210 730 4278 coarstituta
747 4231 813 4276 non
833 4205 932 4294 polltt
952 4230 1018 4276 uon
1037 4207 1212 4293 propriam
1239 4206 1315 4277 libr.
1344 4212 1369 4275 l.
1389 4229 1417 4275 c.
1440 4202 1575 4276 XVIll.
1625 4209 1784 4292 cypraeus
1805 4208 1847 4274 de
1875 4200 2011 4293 sponsal.
2031 4231 2062 4278 c.

389 4306 484 4384 suum
501 4309 688 4398 producere
703 4301 873 4376 effestum.
925 4309 977 4374 ad
998 4299 1125 4373 causam
1143 4296 1214 4372 effi·
1239 4300 1335 4372 Xlll.
1365 4310 1392 4392 §.
1423 4309 1479 4386 88.
1528 4300 1614 4398 Jare
1639 4300 1730 4373 civili
1757 4300 1862 4374 reilor
1876 4302 2065 4398 provincie
2103 4315 2106 4334 '
2151 4331 2159 4340 ··

389 4411 534 4479 cientem
571 4397 806 4491 sponsaliorum
846 4405 991 4491 pertinet
1021 4402 1214 4470 eorumdem
1240 4410 1274 4473 δι
1291 4402 1331 4471 ad
1346 4422 1422 4472 eum
1437 4398 1641 4484 pertinentes
1657 4425 1695 4472 et
1709 4401 1880 4489 provincia
1899 4398 1959 4471 libi
1971 4425 2064 4474 com-

389 4507 514 4602 origo,
541 4498 735 4589 qua-longe
754 4498 973 4588 antiquissima
1002 4500 1122 4568 merito
1138 4521 1216 4567 cea·
1240 4494 1330 4568 milla
1353 4519 1494 4566 uxorem
1513 4499 1634 4568 ducere
1651 4520 1718 4568 non
1733 4517 1907 4588 poterant,
1933 4493 2064 4589 sponsa-

367 4639 370 4644 ,
389 4599 498 4684 setar,
523 4624 599 4673 curn
619 4600 753 4688 vtstigia
767 4606 836 4684 ejas
853 4601 978 4669 exstent
993 4596 1026 4664 in
1047 4597 1215 4667 adductio·
1241 4594 1282 4665 lia
1300 4618 1410 4666 tamen
1437 4592 1632 4665 contrahere
1650 4592 1713 4664 illis
1735 4593 1864 4668 licebat
1892 4595 1916 4670 l.
1934 4619 2005 4692 tin„
2021 4592 2062 4672 0.

390 4729 434 4780 ne
452 4707 531 4775 -Evae
548 4691 669 4785 sponsae
683 4699 722 4767 sd
740 4690 890 4783 sponsum
909 4697 1085 4765 Adamana.
1112 4695 1217 4784 Quod
1234 4695 1267 4792 st
1283 4691 1356 4765 rehi.
1367 4694 1519 4786 provinc.
1537 4690 1561 4761 l.
1587 4706 1642 4779 33.
1663 4691 1702 4764 aa
1717 4691 1776 4764 rii.
1797 4704 1890 4790 nupt.
1931 4700 2063 4769 Daste-

390 4826 475 4893 ergo
495 4790 716 4887 jurisconsulti
733 4797 864 4876 ditant,
878 4790 1058 4888 sproasalia
1080 4787 1138 4888 ssi
1164 4792 1214 4876 iu·
1242 4815 1301 4859 nus
1325 4794 1366 4859 de
1391 4789 1447 4861 rit.
1474 4781 1569 4875 sript.
1596 4814 1626 4860 c.
1655 4787 1717 4860 lll.
1781 4795 1831 4880 ι.)
1856 4794 1888 4864 Si
1914 4789 2062 4881 personae

391 4900 442 4977 ris
472 4894 603 4977 civilis,
635 4895 668 4961 id
693 4894 734 4961 de
757 4887 1017 4963 soleanniratibas
1041 4884 1216 4980 sponsalio-
1240 4886 1469 4957 contrahentes
1492 4891 1532 4957 ad
1563 4885 1746 4976 pubertatis
1770 4913 1870 4959 annos
1898 4915 2062 4978 pervene-

389 4992 751 5082 radicophanum,
788 5015 854 5063 non
885 4994 926 5064 de
963 4990 1071 5083 prima
1098 5011 1215 5063 eorum
1240 5005 1328 5055 runt.
1379 4981 1543 5070 Sponlalia
1565 4987 1653 5056 enim
1674 4987 1761 5058 inter
1783 4983 1965 5081 impuberes
1982 5010 2063 5058 con·

390 5101 532 5208 origine,
953 5177 956 5188 Ι
1241 5083 1440 5257 maumas,
1467 5086 1568 5157 modo
1585 5078 1762 5173 septimum
1778 5109 1901 5158 annum
1916 5082 2065 5171 comple·

392 5227 411 5244 .-
538 5185 544 5200 '
949 5190 951 5194 ’
1352 5201 1375 5255 a
1440 5190 1442 5192 ’
1689 5219 1692 5226 ·
1948 5182 2069 5257 vstitu.
