4884 5984
878 492 943 568 oe
994 446 1266 573 continere.
1648 576 1652 587 ,
1737 538 1741 549 1
1848 507 1898 601 '47

248 672 362 773 iilud,
377 693 531 781 quonium
548 693 658 764 uirum
673 716 742 765 uon
755 687 941 784 cognosco?
976 687 1061 788 Qui·
1092 690 1177 768 Cum
1198 696 1358 771 initiatur
1378 697 1591 795 coniugium,
1612 699 1768 798 coniugii
1780 722 1898 775 nornen
2036 718 2039 729 ·

250 784 315 863 bnt
339 790 450 866 verbis
461 791 644 892 fignificat
662 787 1061 888 scienpedimcnlnmba-
1088 792 1317 892 adsciscitur,
1342 820 1408 870 non
1430 824 1501 871 cum
1528 798 1638 895 sorella
1667 803 1736 874 uiri
1756 796 1895 873 admitt-

252 883 348 976 bere,
418 890 691 989 anninusfiiium
709 892 877 987 concipere
901 889 942 964 δ’
956 914 1060 989 parc·
1087 894 1176 967 tiottc
1208 893 1430 991 cognoscitur.
1505 903 1546 969 Et
1574 901 1667 969 addit
1693 904 1894 972 Gratianus:
2020 920 2025 963 ἱ

252 916 420 1162 reposti.
471 987 747 1087 impedimentum
769 1001 879 1065 autem
895 990 1059 1065 illudnon
1086 990 1203 1079 Ecce,
1238 996 1325 1090 quod
1352 996 1389 1069 in
1417 992 1670 1095 desponsatione
1699 998 1892 1093 coniugium

254 1082 332 1161 aliu
373 1083 432 1185 effi
474 1090 581 1170 otuit,
607 1092 1059 1183 quamoptaencantinentiae
1085 1093 1260 1166 initiatur.
1313 1098 1498 1188 Gregorius
1520 1099 1553 1167 in
1577 1099 1670 1185 epist.
1694 1103 1734 1169 rd
1763 1101 1892 1169 Mauri·

246 1182 335 1281 jam
363 1188 429 1262 emi
456 1213 522 1263 nm.
585 1182 764 1261 ltemim
788 1187 915 1263 uerba:
947 1193 1059 1261 virum
1085 1197 1189 1275 tium,
1218 1202 1255 1265 de
1278 1190 1420 1265 habetur
1441 1218 1469 1267 e.
1488 1194 1558 1286 Qui
1575 1190 1811 1283 desponsatam.
1829 1196 1894 1266 ibi·

251 1308 328 1361 nnn
352 1283 535 1380 eognosce3
561 1308 628 1359 nan
664 1287 866 1385 rgnificant,
885 1291 962 1383 jam
984 1285 1059 1369 aar
1082 1295 1181 1363 dem:
1211 1286 1355 1365 Divinae
1374 1290 1516 1391 segites
1536 1291 1757 1392 ereossponsas
1774 1293 1892 1390 adpel-

250 1401 324 1463 rmn
351 1382 529 1482 cognosco,
548 1382 613 1482 sed
635 1409 701 1459 non
726 1387 807 1458 licet
826 1385 911 1460 mibi
935 1409 1059 1485 cogno·
1082 1389 1156 1463 lare
1178 1390 1358 1489 coniuges,
1384 1389 1470 1462 unde
1486 1392 1524 1463 in
1542 1393 1718 1486 evaeegelia
1734 1393 1901 1469 dicituro.

241 1480 352 1583 scere,
365 1485 517 1580 alioquin
526 1483 723 1584 inepctffina
736 1485 961 1580 interrogatio
963 1482 1058 1581 suis-
1081 1484 1213 1584 Accipe
1229 1486 1388 1563 Mariam
1411 1489 1584 1585 coniugem
1601 1500 1705 1566 taam.
1757 1498 1803 1564 Ex
1820 1516 1886 1581 quo

242 1586 320 1691 set,
346 1608 419 1659 cum
433 1580 532 1682 posit
542 1584 661 1684 statim
674 1581 882 1680 responderi,
906 1586 1059 1685 etfinunc
1082 1586 1126 1661 fie
1143 1586 1392 1660 concludimus:
1420 1588 1639 1681 Quaeeunque
1656 1589 1753 1661 alteri
1774 1588 1806 1663 se
1828 1614 1887 1681 pn·

250 1690 367 1766 vinem
403 1706 470 1756 non
495 1680 693 1780 cognoscis,
728 1693 838 1757 tamen
857 1685 963 1779 paulo
983 1685 1058 1855 padi
1083 1688 1164 1759 titur
1186 1682 1412 1776 desponderi,
1437 1690 1473 1757 ut
1492 1683 1550 1758 fiet
1575 1688 1645 1759 eius
1670 1692 1815 1777 coniux,
1847 1712 1888 1761 en

254 1779 444 1879 cognosces.
500 1776 691 1869 Creontem
707 1781 951 1878 prohiberetur,
967 1808 1011 1855 na
1036 1804 1058 1853 a
1082 1808 1149 1857 non
1176 1782 1284 1860 emifit
1304 1807 1420 1857 votum
1439 1785 1662 1875 virginitatis,
1694 1786 1772 1858 olins
1795 1790 1886 1858 enim

250 1884 351 1965 rosio
365 1881 463 1955 reddi
472 1876 577 1981 sotcsi
596 1880 661 1981 nist
682 1892 816 1966 nomm,
840 1905 919 1955 nam
947 1878 989 1954 θ’
1007 1881 1059 1953 vi·
1080 1875 1202 1979 primae
1222 1881 1368 1977 ipsemet
1386 1882 1613 1954 contrahendo
1629 1888 1705 1956 Deo
1724 1895 1759 1957 δι
1776 1883 1889 1957 homi·

252 2006 333 2065 rum
364 1975 532 2063 babebat,
568 1976 610 2052 8
634 1981 769 2074 juvenis
796 1992 895 2061 erat.
929 2004 1031 2053 nece
1082 1978 1180 2051 nibus
1211 1978 1352 2051 illudere
1382 1982 1488 2052 videri
1509 1977 1624 2073 pulset.
1687 1986 1750 2053 Sed
1776 1986 1888 2056 Merin-
1957 2060 1960 2067 ,

253 2076 436 2167 credibile,
439 2077 600 2249 senilem
617 2088 678 2150 ant
702 2079 913 2175 impotentem
927 2078 989 2173 sni
1014 2102 1056 2164 c,
1082 2074 1168 2167 pulit
1197 2076 1262 2151 fnit
1291 2073 1321 2150 se
1348 2072 1493 2168 Josepho
1521 2075 1729 2167 desponderi.
1779 2085 1881 2173 Ergo.
1951 2076 1956 2085 ’

251 2184 311 2261 nei
327 2178 440 2253 certes
477 2173 554 2273 ipsa
558 2173 648 2273 scire
663 2178 807 2250 nondum
824 2188 971 2275 poterat,
985 2200 1058 2249 cum
1082 2173 1301 2247 Bellerminus
1322 2167 1526 2262 respondet,
1557 2176 1621 2250 hoc
1646 2180 1884 2268 argumentum

252 2284 304 2361 ad
319 2279 432 2354 viram
446 2274 591 2347 nendum
611 2272 815 2373 perveniffct.
867 2272 939 2351 Nec
962 2274 1057 2348 tieni·
1081 2271 1209 2346 dnetm
1227 2272 1336 2345 modis
1353 2267 1438 2344 solvi
1460 2270 1564 2363 polle.
1614 2271 1736 2347 Primo
1750 2331 1760 2360 ,
1773 2276 1809 2375 s
1828 2276 1885 2349 vel

254 2408 318 2485 μ
346 2372 585 2475 molliebatur
611 2375 721 2447 virum
753 2373 967 2471 cognoscere,
985 2372 1058 2468 lege
1083 2372 1232 2444 maxime
1260 2371 1421 2455 daretur,
1452 2366 1483 2443 b.
1503 2371 1670 2466 uirginem
1695 2398 1768 2446 cunr
1791 2371 1884 2470 lose-
2081 2426 2087 2433 .

255 2480 377 2576 utrque
395 2476 582 2556 communi,
609 2485 648 2545 ut
663 2483 776 2545 notam
791 2477 856 2573 est,
883 2474 899 2545 i
923 2473 993 2546 itur
1007 2469 1058 2544 ie·
1077 2469 1147 2567 pito
1167 2468 1420 2557 matrimonium
1445 2468 1649 2569 contraxise
1672 2472 1787 2546 areima
1804 2492 1885 2546 'con-

252 2604 300 2679 ge
310 2570 538 2675 particulari,
560 2571 598 2644 id
609 2574 674 2668 est,
690 2583 779 2645 noto.
830 2498 932 2660 Reii.
961 2570 1057 2661 1.)ln
1073 2566 1272 2664 somniandi
1306 2568 1588 2650 matrimonium·
1633 2569 1742 2643 adbuc
1769 2582 1881 2645 tamen

252 2688 327 2753 uec.
343 2674 413 2748 tesi.
428 2670 670 2744 nullumexstet
685 2668 1058 2743 mundorumvelexem·
1081 2690 1146 2739 non
1153 2665 1357 2764 sequererne,
1384 2680 1475 2752 earn,
1501 2693 1573 2739 cam
1594 2668 1712 2742 dixit:
1741 2696 1881 2758 quomo.

251 2770 355 2870 plum
378 2769 557 2863 proborum
577 2772 737 2842 vovendae
758 2789 927 2858 perpetue
953 2767 1056 2857 virgi·
1081 2770 1126 2838 do
1149 2763 1205 2840 fiet
1221 2761 1333 2837 illudi
1357 2785 1423 2836 non
1442 2762 1587 2863 tebniffl
1604 2778 1717 2839 uotum
1733 2768 1882 2863 uirgini·
1947 2825 1954 2833 ,

253 2874 386 2953 nitetis,
401 2869 482 2957 quin
496 2877 532 2941 dc
550 2862 636 2946 illis,
658 2869 718 2955 qui
730 2871 805 2939 Deo
821 2866 934 2941 deuoti
952 2882 1058 2943 erent,
1082 2865 1184 2954 tatis,
1209 2862 1325 2960 potnit
1342 2862 1428 2935 enim
1445 2862 1506 2934 boc
1529 2875 1642 2939 notum
1663 2862 1795 2963 metisse
1805 2871 1880 2969 posi

254 2972 295 3047 in
317 2988 384 3045 ret.
401 2966 472 3039 rere
491 2963 586 3036 licuit
603 2965 852 3035 matrimonium
868 2957 1058 3051 erpellere,
1082 2963 1234 3057 coniugii
1248 2959 1520 3048 celebrationem,
1549 2960 1590 3037 ii
1604 2975 1714 3037 tamen
1728 2978 1805 3039 autc
1819 2988 1880 3039 an·

253 3090 297 3146 ut
316 3062 472 3143 Sintsonic
492 3073 527 3138 dc
555 3061 712 3134 Samuelis
739 3063 894 3151 exemplu
918 3060 1060 3132 ollendi·
1082 3060 1227 3157 geticum
1247 3058 1515 3156 solatationem,
1551 3068 1589 3135 ut
1613 3068 1710 3137 docet
1734 3064 1886 3139 Thomas·
1981 3090 1987 3099 ·

252 3190 333 3243 mue
355 3163 530 3253 superinos
559 3162 673 3249 ecquis
695 3159 800 3251 igitur
819 3162 959 3237 credet,
983 3161 1059 3229 Mo·
1082 3184 1169 3249 pnrt.
1189 3156 1251 3229 lll.
1268 3184 1301 3247 q.
1324 3178 1381 3245 ιε.
1399 3182 1465 3234 ere.
1485 3185 1519 3248 4.
1540 3163 1592 3233 ita
1608 3173 1645 3234 ut
1659 3163 1804 3258 primum
1818 3189 1881 3238 nu·

252 3268 342 3343 rium
355 3261 422 3335 line
435 3281 528 3333 certo
549 3283 589 3333 oc
611 3255 759 3347 exprello
775 3259 841 3331 Dei
858 3253 962 3330 verbo
980 3279 1059 3345 pro·
1079 3258 1168 3354 ptiae
1190 3254 1363 3330 celebratae
1384 3259 1466 3355 snt.
1537 3256 1671 3332 Deinde
1690 3270 1880 3356 'netteqno'm

251 3365 333 3458 pria
347 3384 386 3433 nc
400 3360 530 3450 privetu
546 3359 688 3447 quodam
711 3357 895 3428 intentione
911 3353 976 3426 tole
999 3376 1060 3424 vo·
1083 3356 1130 3428 ad
1146 3356 1357 3429 matrimonii
1371 3352 1683 3450 consummationem
1700 3361 1879 3438 veniretur,

255 3484 333 3537 enm
353 3452 487 3530 secisse?
522 3463 570 3541 2.)
590 3455 755 3543 opinioni
776 3457 819 3526 de
840 3474 920 3525 voto
939 3473 1059 3539 perpe·
1084 3452 1116 3527 b.
1138 3456 1239 3549 virgo
1261 3465 1375 3529 votnm
1404 3454 1620 3550 uirginitatis
1639 3454 1785 3551 inriserit
1805 3454 1878 3551 ipso

254 3581 322 3635 cure
351 3554 550 3646 virginitatis
574 3579 595 3622 a
616 3554 725 3623 bieria
746 3549 863 3624 emillo
887 3544 1060 3621 fortiilime
1085 3548 1226 3651 Ioscpbo
1246 3550 1485 3649 consentiente,
1522 3550 1563 3626 ii
1575 3565 1620 3626 ‘nt
1640 3555 1697 3652 pie
1715 3554 1880 3653 creditur,

253 3675 425 3749 „pugnet
436 3644 641 3741 desponsatio
658 3647 741 3721 inito
757 3646 921 3740 Jnseplto,
939 3650 1020 3721 Luc·
1035 3650 1060 3715 l·
1085 3654 1187 3726 etiam
1196 3654 1301 3751 smus
1315 3667 1463 3737 vovente.
1527 3656 1630 3741 Atqui
1651 3680 1716 3727 nun
1731 3680 1771 3728 ex
1784 3654 1883 3727 nudis

255 3778 318 3841 27.
342 3759 483 3844 propter
511 3770 612 3837 quum
639 3746 803 3839 Josephus
838 3748 959 3819 dieitur
980 3741 1062 3844 eirig
1085 3754 1284 3824 eonieiiuris
1298 3749 1531 3829 adserendum,
1556 3749 1610 3824 sed
1629 3777 1669 3825 ex
1688 3752 1882 3845 evangelice
2027 3748 2038 3755 ⁵

256 3848 423 3954 mpicee,
442 3846 673 3920 Metth.l.16.
692 3855 727 3920 bc
745 3847 853 3918 Mario
866 3845 1061 3940 dieitur‘yu·
1084 3849 1230 3921 historin.¹
1238 3849 1448 3938 probandum
1472 3847 1604 3930 futter,
1638 3855 1779 3924 Marium
1790 3854 1884 3943 ,post

255 3943 434 4043 cilcario
454 3943 579 4019 Metth.
600 3943 629 4017 l.
656 3967 713 4019 20.
750 3947 832 4017 Luc.
853 3940 897 4016 ll.
915 3967 948 4034 5.
1007 3945 1060 4011 Ut
1084 3944 1244 4036 sponsalis
1275 3973 1352 4020 cum
1390 3943 1535 4038 Julepho
1571 3948 1737 4021 celebrata
1766 3944 1882 4022 vntum

254 4048 581 4130 mimmiuommus
597 4040 743 4130 loquitur
756 4044 791 4113 in
804 4039 1058 4115 eommMotth.
1085 4047 1285 4139 virginitntis
1298 4043 1445 4119 emifille.
1497 4049 1711 4119 Contrarium
1742 4050 1881 4118 demon-

257 4146 289 4225 l.
311 4156 346 4231 ot
366 4148 530 4217 citeturc.
548 4143 681 4227 Genuit.
704 4163 760 4232 27·
775 4164 810 4229 q.
828 4168 862 4216 2.
917 4133 1061 4234 Consue·
1083 4145 1221 4217 llremus
1256 4144 1320 4217 hoc
1344 4148 1468 4217 modo:
1509 4147 1578 4215 Aut
1609 4141 1709 4216 inicio
1736 4139 1883 4235 josepho

257 4245 391 4321 tudinis
411 4268 427 4317 e
463 4237 732 4339 scripturaram,
754 4238 842 4333 quod
858 4235 975 4335 spons
991 4237 1060 4311 viri
1083 4239 1200 4333 sponso
1225 4245 1468 4315 Marianorum
1490 4244 1689 4333 virginitatis
1708 4238 1882 4329 emifilset,

259 4341 305 4420 8
317 4343 405 4442 spon
422 4363 452 4417 ae
472 4349 629 4415 vocentur
648 4359 781 4411 uxores.
819 4335 964 4410 Ibidem:
978 4332 1059 4408 Non
1082 4365 1138 4413 eut
1154 4344 1272 4415 endem
1291 4338 1522 4415 consentiente.
1586 4344 1679 4413 Prius
1692 4342 1884 4428 dieinequit

256 4440 304 4519 ab
320 4443 392 4517 alio
408 4441 544 4514 inuenta
563 4441 606 4539 esi
620 4434 786 4533 gravida,
809 4436 910 4534 nisa
927 4432 1058 4532 Iosepie,
1082 4442 1158 4528 quin
1174 4462 1209 4510 nt
1224 4438 1335 4523 ωσι,
1359 4440 1403 4510 ito
1424 4462 1557 4526 quoque
1585 4437 1724 4528 sponso,
1750 4463 1821 4527 quec
1837 4442 1885 4512 cll

255 4543 319 4643 qni
341 4565 420 4639 pene
448 4536 586 4610 licentia
607 4535 764 4610 maritali
783 4534 915 4628 sectura
937 4535 1059 4609 uxoris
1084 4564 1166 4611 uxor
1181 4544 1277 4628 pasto
1291 4548 1325 4612 dc
1346 4532 1521 4625 promitit,
1548 4560 1614 4608 non
1631 4537 1733 4615 hebet¹
1744 4540 1886 4626 potesta·

256 4643 374 4717 omnia
387 4648 534 4713 noverat.
561 4637 728 4727 Origenes
740 4633 830 4708 horn.
845 4641 870 4707 l.
884 4636 920 4707 in
933 4632 1056 4707 Motth.
1084 4659 1151 4710 tem
1166 4661 1288 4727 corpus
1302 4632 1395 4707 suum
1408 4634 1503 4706 elteri
1517 4637 1711 4715 addicendi,
1733 4657 1788 4706 eut
1802 4660 1884 4725 pro·
1927 4656 1931 4661 '

256 4750 295 4819 δι
317 4745 420 4812 ciue.
470 4743 607 4809 lnventn
626 4728 969 4823 crus.&q.iisdcm:
1000 4728 1060 4803 Io·
1083 4730 1214 4808 mittum
1235 4734 1384 4826 coniugii
1404 4731 1508 4804 futuri
1529 4730 1622 4804 usum
1644 4735 1887 4807 intervertendi
2031 4780 2040 4803 ι
2086 4816 2090 4827 Ι
2125 4738 2154 4787 -”

246 4836 337 4941 sepit
351 4837 429 4912 iicet
442 4858 515 4908 cam
532 4855 598 4906 non
615 4832 839 4924 contingeret,
858 4830 989 4923 suturae
1006 4840 1058 4904 ta·
1090 4838 1197 4909 tCor.
1214 4830 1298 4906 Vll.
1314 4858 1349 4921 4.
1402 4836 1445 4902 At
1471 4833 1579 4903 Morio
1606 4830 1668 4903 luit
1690 4827 1825 4920 sponso,
1849 4844 1885 4909 dc

256 4960 361 5024 men,
389 4946 427 5009 ut
443 4932 649 5031 putabatur,
678 4929 799 5005 axoris
817 4930 933 5003 omniu
958 4953 1057 5005 noue·
1081 4956 1119 5005 ut
1146 4934 1296 5022 Spiritus·
1311 4929 1438 5004 senous
1468 4924 1633 5015 loquitur,
1667 4952 1755 5002 nocer
1791 4930 1885 5019 Juse-

255 5047 328 5115 rot.
386 5032 576 5107 Ambrosius
601 5037 643 5103 de
670 5032 743 5102 inst.
769 5031 857 5122 virg.
880 5028 995 5103 ccltt.
1021 5039 1055 5105 ic
1079 5030 1166 5121 phi,
1193 5054 1278 5121 ergo
1305 5050 1371 5102 non
1398 5024 1514 5098 hebuit
1540 5031 1735 5116 potestatem
1764 5051 1886 5119 corpus

253 5139 382 5216 duur
394 5156 426 5213 c.
444 5156 523 5210 com
541 5129 700 5227 initictttn
722 5124 808 5208 ocul}
823 5138 859 5208 δι
874 5153 908 5224 g.
922 5120 1059 5208 iisdem
1079 5124 1174 5205 suum
1189 5127 1287 5206 deest
1298 5127 1472 5210 addicendi
1480 5150 1497 5214 ,·
1516 5147 1572 5199 out
1591 5121 1786 5221 promissum
1802 5150 1889 5199 eon·

485 5244 492 5251 “
703 5262 708 5274 ‘
1800 5227 1888 5320 jugit
