4884 5984
457 533 506 630 ,ι
529 583 560 621 .,
750 523 929 606 cocus
951 521 1098 602 xxvi.
1148 482 1266 600 cnr.
1293 525 1359 598 tv.
1413 519 1555 596 sacr.
1581 521 1632 594 ιι.
1681 469 1862 594 nunt

389 767 401 780 ··
428 724 743 804 -·vuetur·.mten
774 720 965 798 saeeffluu
989 722 1120 810 acquin
1144 718 1196 818 ι.)
1215 721 1293 810 quir
1316 717 1582 792 Pronxlxai.
1629 708 1700 809 Qui
1714 713 1859 811 adfligit
1872 707 2155 812 patremsssu*

293 861 296 872 ·
352 839 356 844 '
462 826 648 916 imperatur
661 816 1153 913 aequiritcousensumillorum
1171 845 1295 910 paren·
1318 828 1381 916 gat
1403 825 1567 895 matrem,
1592 811 1837 911 ignominiosus
1856 815 1931 887 erit.
1948 838 1979 888 c.
1992 823 2070 890 XX.
2083 839 2146 892 aa.

464 949 563 1007 tum,
584 926 619 998 ia
637 945 776 1020 quorum
787 916 1044 1021 potcstatcsunt
1058 914 1171 1004 liberi,
1185 920 1295 1008 prino.
1327 915 1398 1016 Qui
1417 911 1637 989 maledixerit
1660 914 1758 1010 patri
1773 912 1840 1009 suo
1869 909 1911 987 Θ
1932 915 2061 999 matri,
2086 925 2150 988 eoc-¹

465 1027 567 1099 initit.
582 1026 625 1099 de
643 1041 740 1112 nupt.
758 1044 793 1096 ut
810 1018 956 1092 semine
977 1042 1044 1090 non
1070 1013 1194 1088 bebent
1213 1013 1298 1088 libo-
1314 1019 1506 1120 stinguitur
1535 1013 1645 1086 iumen
1678 1015 1749 1109 ejus
1777 1036 1814 1114 φ
1842 1011 1964 1087 mediis
1991 1010 2149 1087 tenebris.

464 1147 523 1206 eos
537 1125 574 1194 in
588 1123 751 1210 potestate
772 1129 800 1210 ς.
813 1117 987 1212 saemiuae.
1004 1117 1041 1190 in
1068 1116 1109 1189 it.
1122 1113 1164 1188 de
1180 1111 1297 1212 adopt.
1323 1106 1673 1190 tusculanarum·
1685 1122 1818 1209 patrem
1832 1117 1943 1198 tuum,
1957 1114 2016 1208 qui
2029 1114 2170 1210 gennit·

466 1233 503 1312 ς.
520 1245 553 1312 3.
576 1219 678 1322 insit.
698 1217 739 1290 de
757 1216 877 1292 iared.
898 1214 988 1313 queas.
1058 1210 1190 1311 differ.
1247 1215 1310 1302 ι.)
1324 1226 1374 1300 te,
1397 1209 1438 1286 ss
1448 1210 1940 1307 necorrternnas‚cumsenucrit
1955 1222 2148 1287 matertera.

469 1322 591 1394 Matris
623 1311 795 1390 cousensus
833 1338 905 1390 tum
931 1318 1067 1388 demum
1093 1314 1300 1402 requiritur,
1324 1315 1524 1388 nxxtlu.
1540 1328 1599 1395 24.
1632 1304 1703 1406 Qui
1712 1309 1889 1406 subtrahit
1907 1309 2073 1407 aiiquida
2086 1331 2153 1409 pa·

424 1463 428 1470 ·
470 1416 605 1516 quando
614 1426 714 1513 pater
728 1406 835 1514 obesi,
859 1418 992 1502 quuado
1002 1408 1126 1484 scilicet
1141 1413 1214 1501 post
1230 1410 1303 1481 obi·
1327 1424 1388 1498 tre,
1398 1407 1453 1484 scs
1458 1418 1605 1494 amatre,
1613 1410 1786 1506 particeps
1801 1411 1992 1512 vastatoris.
2001 1434 2030 1482 c.
2038 1415 2151 1486 XXX.

472 1516 665 1607 compatris
679 1512 765 1613 filio
778 1512 903 1587 recedit
924 1511 960 1584 in
977 1510 1151 1608 imperium
1169 1509 1301 1582 matris.
1333 1537 1386 1588 ιι.
1444 1505 1646 1590 (isocratis,
1669 1530 1742 1605 με
1755 1511 1856 1606 patri
1870 1507 1935 1605 sao
1954 1508 2154 1600 maledicit,

364 1617 367 1622 ’
472 1613 499 1690 s.
511 1616 549 1691 in
566 1611 801 1709 conjursiiionc.
829 1607 872 1687 C.
892 1609 933 1683 de
949 1620 1044 1707 nupt.
1060 1607 1085 1682 i.
1097 1607 1306 1709 filiusfami·
1331 1606 1373 1685 ii
1398 1629 1470 1704 qua
1496 1607 1601 1682 matri
1625 1605 1702 1704 sua
1724 1630 1792 1690 non
1822 1606 1996 1684 benedicit.
2027 1627 2153 1698 r.·17.

362 1743 373 1774 ι
474 1713 554 1789 iias.
569 1710 616 1809 ff.
630 1713 670 1786 de
685 1722 780 1810 nupt.
833 1715 924 1804 Ergo
946 1734 1013 1782 non
1035 1706 1304 1798 simpliciternec
1335 1705 1509 1790 Oculum,
1575 1705 1611 1778 ui
1634 1701 1825 1803 subsannat
1850 1718 2000 1804 patrem,
2035 1702 2078 1782 i!
2095 1707 2160 1803 que·

474 1808 624 1886 absolute
639 1812 833 1901 requiritur.
886 1818 933 1902 3.)
948 1810 1088 1880 Addunt
1101 1809 1236 1894 quidam
1253 1832 1306 1877 ra·
1329 1808 1510 1881 contemnit
1527 1731 1659 1878 osecirc
1674 1808 1779 1879 matri
1789 1804 1883 1903 suae,
1907 1803 2157 1904 effodimtcor'·

476 1912 610 1992 dones,
645 1933 787 2000 propter
806 1931 886 1996 qaas
910 1908 1025 1979 metris
1045 1907 1220 1978 auctoritas
1239 1928 1307 1978 non
1330 1907 1376 1981 ui.
1443 1913 1481 1976 tn
1516 1899 1604 1975 hisce
1628 1907 1724 1977 dictis
1748 1901 1879 1994 semper
1905 1913 2181 1999 conjunguntur

367 2009 389 2076 '.
477 2005 731 2093 superessent,
762 2008 841 2096 quio
868 2002 1035 2078 muliebre
1063 2001 1238 2076 confilium
1260 2004 1308 2075 est
1331 2022 1428 2097 pater
1444 2013 1478 2077 tc
1496 2025 1622 2081 muter.
1646 2027 1684 2074 ac
1705 2007 1838 2092 utrique
1855 2002 2038 2091 honorem,
2059 2029 2159 2078 reve·
2205 2019 2208 2024 “

476 2108 662 2182 inconstans
676 2102 863 2196 utensile,
882 2105 959 2194 quia
972 2109 1094 2174 matres
1110 2098 1304 2174 adfectuum
1328 2104 1468 2178 rentiam
1488 2111 1523 2175 dc
1543 2098 1764 2174 obedientiam
1786 2099 1884 2175 liberi
1897 2099 2029 2177 deferre
2040 2101 2162 2193 juben-

382 2211 387 2220 '
478 2203 661 2294 sequuntur
674 2206 858 2294 impetum,
883 2224 953 2274 non
979 2197 1114 2275 r‘ationis
1143 2203 1306 2281 ducturus
1329 2223 1395 2274 tur.
1446 2201 1549 2293 Quod
1570 2196 1592 2271 ss
1610 2225 1695 2293 ergo
1712 2224 1752 2272 ex
1774 2224 1895 2290 quarto
1915 2223 2086 2293 praecepto
2100 2225 2162 2279 ue-

335 2303 340 2326 ²
480 2307 571 2378 ande
589 2299 793 2384 concludunt
805 2349 819 2384 ‚
843 2302 961 2374 matris
974 2292 1166 2372 consensum
1181 2300 1307 2384 requiri
1331 2295 1456 2374 ceffitus
1471 2293 1643 2370 consensus
1665 2301 1795 2387 paterni
1819 2302 1853 2371 in
1879 2300 2003 2388 nuptiis
2035 2299 2164 2374 libero.

337 2443 339 2448 =
481 2403 670 2476 tantumde
682 2397 865 2499 honestate,
888 2423 957 2470 non
975 2401 1017 2470 de
1031 2395 1219 2497 ncreffltate.
1238 2402 1309 2469 Hu-
1332 2424 1408 2472 rum
1425 2400 1515 2469 reite
1528 2397 1724 2478 deducitur,
1749 2402 1863 2486 utique
1876 2401 1977 2482 etiam
1991 2407 2174 2472 maternae

482 2522 657 2575 comanus
677 2500 711 2570 in
731 2493 816 2588 disp.
836 2501 878 2570 de
898 2491 1035 2587 sponsal.
1057 2519 1129 2587 cap.
1148 2503 1191 2568 11.
1242 2501 1310 2568 Go-
1333 2490 1507 2569 consensus
1519 2496 1559 2565 in
1578 2496 1695 2567 iisdem
1710 2498 1774 2567 erit
1793 2492 2017 2574 mestitias...
2050 2495 2164 2583 cyril-

437 2619 450 2670 .·
483 2597 656 2673 thofredus
678 2597 713 2668 in
732 2617 801 2668 not
822 2600 864 2668 ud
885 2591 908 2667 l.
922 2615 990 2680 as.
1014 2590 1051 2666 ff.
1074 2599 1117 2668 de
1132 2597 1187 2667 rit.
1212 2612 1309 2683 nupt.
1334 2596 1385 2667 lus
1399 2591 1458 2666 lib.
1478 2599 1538 2666 xl.
1559 2596 1594 2665 in
1614 2596 1818 2668 Leuitcima
1834 2592 1951 2668 finem:
1978 2592 2164 2671 Sacrorum

484 2695 690 2774 Hunniusin
708 2689 941 2782 resolutioris
964 2689 1023 2764 lib.
1045 2699 1072 2763 t.
1096 2697 1248 2776 naua.
1276 2716 1310 2778 q.
1335 2696 1507 2793 estnomen
1518 2691 1632 2786 patris
1655 2689 1696 2765 sd
1712 2692 1914 2782 uenerabile,
1943 2691 2017 2769 &a
2026 2694 2165 2794 simiiia

488 2817 545 2888 14.
606 2787 800 2866 Residina
829 2816 941 2866 umen
977 2789 1077 2863 liberi
1105 2787 1313 2864 conscientiis
1335 2790 1492 2866 etiamde
1508 2800 1615 2863 matre
1636 2790 1831 2890 estimanda
1848 2790 1957 2890 ssent,
1992 2797 2088 2892 cujus
2111 2793 2166 2868 ia·

485 2889 550 2968 suis
567 2886 767 2974 consulunt,
787 2887 811 2962 fi
831 2889 1091 2964 matrimonium
1108 2888 1313 2964 contraitum
1334 2890 1432 2977 bore,
1461 2891 1557 2985 cujus
1579 2911 1677 2977 cura,
1710 2896 1804 2988 cujus
1824 2894 2007 2994 ministerio
2035 2890 2077 2968 si
2101 2917 2167 2969 na·

369 3007 375 3020 '
479 3016 556 3068 ‚mn
579 2987 682 3064 solum
715 2991 840 3079 patris,
867 2982 1046 3062 sedetiam
1073 2990 1188 3062 matris
1210 2984 1314 3062 conii·
1340 3002 1442 3064 turer
1466 2985 1506 3062 si
1525 2989 1691 3073 nutritus,
1720 2988 1761 3065 ii
1783 3003 1915 3088 oportet
1934 3004 1965 3065 te
1977 2989 2166 3091 sccunasem

389 3161 392 3166 .
487 3092 571 3165 lium
589 3099 624 3165 dc
642 3082 811 3160 adsensum
830 3089 1011 3174 requirent.
1078 3094 1125 3174 1.)
1149 3089 1240 3181 Quia
1264 3084 1316 3159 lex
1340 3088 1523 3190 apostolum
1536 3098 1666 3182 partem
1680 3093 1806 3181 gratio
1821 3091 1945 3185 referre
1954 3093 2166 3188 perentibus.

489 3192 604 3268 diviua
626 3184 666 3261 dc
688 3184 896 3262 honorandis
915 3181 1113 3282 parentibus
1137 3189 1226 3273 petri
1247 3207 1318 3278 sceaf
1342 3205 1390 3274 a.)
1404 3190 1562 3261 Rationes
1583 3191 1704 3260 adduci
1718 3187 1850 3279 potsunt
1866 3191 2074 3280 complures,
2087 3195 2170 3284 piu·

489 3302 574 3367 mem
594 3281 721 3359 disertis
744 3283 854 3356 verbis
884 3286 1068 3374 conjungit.
1105 3287 1209 3357 Exod.
1239 3290 1316 3357 XX.
1341 3309 1418 3375 pter
1431 3309 1512 3374 quos
1527 3281 1624 3356 liberi
1644 3310 1711 3358 non
1726 3287 1868 3360 debeant
1889 3287 2081 3363 consensum
2098 3317 2173 3366 mu·

302 3385 305 3392 ’
384 3415 399 3430 “
493 3411 549 3463 te.
575 3377 676 3459 Dc‘ut.
699 3390 742 3457 V.
766 3390 822 3459 16.
847 3378 970 3454 Mattb.
993 3387 1067 3459 XV.
1084 3406 1120 3462 4.
1147 3382 1234 3472 Eph.
1259 3388 1321 3458 Vi.
1343 3389 1401 3460 tris
1430 3387 1466 3456 in
1489 3382 1717 3458 contrahendo
1735 3390 1948 3460 nsotrimouiu
1970 3388 2171 3484 negligere:

492 3513 526 3563 2.
579 3482 725 3558 Honora
754 3491 884 3577 patrem
918 3475 959 3553 ii
991 3490 1141 3554 matrem.
1177 3486 1276 3553 Pron.
1293 3486 1318 3553 1.
1343 3490 1394 3574 a.)
1420 3486 1449 3554 A
1480 3481 1657 3581 molestiis,
1680 3507 1759 3573 qaas
1788 3488 1822 3557 in
1841 3488 2046 3578 gestatione,
2067 3512 2171 3579 partu

492 3599 529 3680 8.
579 3579 697 3669 Audi,
716 3577 795 3680 fisi,
819 3576 1037 3677 disciplinam
1049 3580 1186 3677 patris,
1214 3575 1322 3654 &di
1345 3593 1381 3658 δε
1405 3582 1602 3655 educatione
1625 3580 1809 3656 liberorum
1834 3581 2074 3667 sustinuerunt,
2098 3614 2175 3675 qua,-

491 3683 667 3762 mitiorem
682 3679 858 3758 nzcrrisne
875 3675 1024 3776 repedas.
1075 3682 1108 3751 Si
1137 3682 1172 3748 in
1197 3701 1322 3770 genere
1344 3683 1503 3755 videntur
1524 3674 1678 3770 superare
1703 3707 1777 3761 eas,
1800 3708 1880 3771 quus
1896 3706 2008 3774 patres
2025 3685 2175 3775 ipsorum

492 3788 621 3860 ditium
650 3777 783 3864 fuisset,
813 3799 968 3869 putentes
997 3773 1060 3851 esse
1082 3775 1322 3855 honorandos,
1345 3781 1481 3852 nomine
1507 3777 1661 3851 tolerant.
1692 3786 1776 3854 Gen.
1801 3788 1861 3854 tu.
1887 3790 1937 3855 16.
1991 3779 2176 3882 Multipli-

492 3875 808 3975 poenitientiam,
831 3877 890 3966 qui
906 3874 1067 3948 asturibus
1082 3871 1155 3946 sunt
1171 3877 1322 3947 immori·
1347 3876 1429 3950 cabo
1450 3899 1616 3951 aerumuos
1637 3888 1715 3953 tuas
1746 3876 1788 3953 ss
1809 3892 1987 3980 conceptus
2008 3893 2082 3958 tuos
2096 3905 2112 3969 ,·
2137 3885 2175 3958 itt

408 4037 412 4042 .
494 3981 570 4074 geri
591 3976 781 4054 obvertere,
799 3965 1047 4067 συνεκδοχικῶς
1066 3972 1322 4066 intelligendum
1346 3976 1462 4051 doiore
1475 3976 1592 4072 paries
1618 3974 1750 4051 liberor.
1784 3997 1793 4018 ·
1820 3984 1917 4051 Hanc
1937 3984 2100 4056 rationem
2119 4008 2178 4055 ur.

493 4079 560 4150 hoc
581 4071 646 4150 esse
670 4076 714 4148 de
734 4093 857 4165 patre,
897 4096 1016 4161 utpote
1046 4073 1228 4163 dignioris
1268 4068 1323 4145 sed
1347 4096 1407 4168 get
1426 4084 1654 4168 &exaggeret
1680 4075 1803 4151 Tobios
1827 4073 1956 4167 senior,
1981 4085 2114 4174 quando
2134 4084 2179 4155 ed

494 4201 573 4251 cum
597 4171 744 4264 expressa
762 4171 883 4246 matris
901 4173 1028 4244 mentio
1046 4167 1085 4241 stt
1107 4172 1253 4261 ddjedu,
1275 4168 1325 4243 lo·
1348 4173 1454 4246 silium
1471 4175 1577 4254 [dicits
1600 4172 1688 4247 Tob.
1710 4171 1775 4248 lv.
1795 4199 1827 4269 3.
1878 4176 2050 4254 Honorem
2077 4178 2179 4254 iube·

423 4345 437 4356 ,
495 4299 555 4350 cus
572 4274 679 4347 omnis
698 4271 777 4345 huic
799 4272 988 4359 exceptioni
1015 4270 1148 4359 penitus
1169 4270 1216 4341 est
1241 4295 1326 4359 pra·
1349 4272 1402 4347 bis
1427 4272 1532 4345 maim
1560 4282 1627 4344 tuae
1653 4272 1807 4347 omnibus
1836 4276 1952 4351 diebus
1977 4282 2058 4353 vitae
2083 4282 2177 4373 esser,

395 4417 399 4422 -
495 4366 615 4448 absus.
655 4366 787 4446 Confer
800 4367 917 4442 similia
936 4364 1105 4468 scripmrac
1122 4351 1383 4447 iconentis.
1403 4393 1438 4460 4.
1455 4391 1581 4444 emrnor
1603 4373 1690 4445 cuim
1707 4369 1766 4471 ese
1786 4375 1902 4463 debes,
1925 4401 1997 4475 quae
2017 4375 2058 4451 is
2072 4365 2192 4475 quon?

246 4487 248 4494 ’
495 4479 590 4548 xxi.
620 4489 673 4558 ¹5·
742 4464 813 4566 Qui
839 4463 1031 4567 percusseris
1051 4478 1184 4563 patrem
1208 4465 1325 4561 psum,
1350 4483 1386 4548 to
1397 4468 1555 4568 perimus
1571 4467 1667 4571 puffis
1680 4475 1729 4571 pr
1740 4487 1880 4575 propter
1899 4488 1930 4549 re
1948 4479 1983 4549 in
2000 4488 2091 4551 utero
2100 4476 2178 4575 seeo.

495 4581 559 4646 aut
581 4579 740 4653 matrem,
768 4578 875 4642 marre
894 4569 1071 4640 moriatur.
1091 4594 1124 4639 v.
1149 4577 1202 4643 rs.
1217 4568 1324 4639 lesit.
1351 4567 1499 4642 Inculcoc
1522 4573 1673 4643 eiusdem
1693 4576 1852 4651 Siracides
1874 4578 1907 4644 V
1912 4571 1956 4647 11.
1985 4602 2042 4662 29·
2113 4575 2183 4652 Ge·

498 4670 581 4745 XX.
607 4694 641 4753 9·
721 4662 792 4763 Qui
819 4663 1148 4761 maledixeritpatri
1170 4662 1237 4761 suo
1250 4719 1260 4751 ,
1273 4662 1328 4737 ves
1352 4671 1454 4741 mitres
1483 4670 1605 4742 matris
1631 4680 1697 4745 nea
1725 4695 1792 4746 non
1820 4669 2059 4766 obliuiscaris3
2097 4701 2181 4765 quos

497 4767 623 4852 matri,
644 4777 752 4839 morte
773 4766 950 4841 moriatur.
972 4770 1076 4839 Deut.
1098 4768 1190 4837 ΧΧΙ.
1207 4781 1259 4849 18.
1287 4758 1329 4837 Si
1352 4763 1475 4840 scilicet
1500 4770 1536 4840 in
1570 4763 1734 4844 laboriosa
1763 4792 1862 4862 partu
1892 4780 1928 4847 tc
1957 4769 2183 4853 molestiffima
2211 4797 2220 4812 ²

499 4865 652 4963 genuerit
667 4861 765 4939 tomo
789 4864 907 4964 fitium
929 4876 1153 4938 contumacem
1181 4858 1222 4937 ii
1246 4885 1328 4962 pro·
1351 4869 1547 4939 educatione
1566 4866 1698 4952 ensifits
1719 4890 1756 4941 ut
1778 4880 1812 4945 oc
1833 4891 1941 4943 muter
1967 4868 2091 4965 septem
2114 4871 2185 4949 fra-

500 4976 652 5051 usuum,
677 4967 735 5060 qui
753 4988 819 5036 naec
838 4964 987 5039 audierit
1009 4964 1121 5058 patric
1143 4985 1184 5035 ac
1207 4963 1329 5037 matris
1353 4987 1444 5038 uum
1477 4990 1661 5050 martyrum
1690 4970 1871 5045 aMaccab.
1891 4969 1975 5045 VH.
2000 4991 2060 5055 27':
2106 4970 2184 5048 Fili

500 5065 689 5161 imperium,
704 5060 1088 5138 &c.Deut.Xlel.16.
1110 5058 1331 5149 Meclediiius,¹
1355 5065 1426 5150 mi.
1451 5062 1602 5160 miserem
1617 5068 1703 5152 mei,
1831 5080 1864 5145 te
1890 5069 1927 5142 in
1952 5080 2045 5143 eutero
2064 5095 2184 5146 nonem

500 5167 561 5266 qui
583 5188 653 5242 nors·
667 5162 813 5242 donarat
830 5163 963 5264 poterin
981 5160 1097 5263 suum.
1117 5160 1159 5240 si
1180 5173 1331 5243 murem.
1356 5162 1516 5268 mersbur
1527 5168 1689 5266 portavi,
1719 5089 1837 5247 &sac
1852 5170 1997 5248 triennio
2017 5170 2114 5257 dcdi,
2139 5169 2183 5245 θ’

2016 5279 2020 5288 “
2080 5270 2185 5360 'osui.
