4884 5984
372 489 460 573 ..aa
520 437 811 561 tocns'xxvr.
860 451 1019 554 clav.
1068 473 1215 554 nanu.
1234 466 1279 552 rr.
1331 469 1440 553 aar.
1463 473 1507 551 rr.
1557 471 1931 560 perstarent.
1988 555 1995 560 ,
2073 555 2078 566 ι

385 706 461 756 rum
483 703 610 756 tantum
636 702 808 770 parentem
835 699 1048 752 communem
1075 674 1200 748 habue-
1216 673 1335 772 sorore
1355 697 1399 748 ex
1414 674 1521 749 altero
1541 688 1672 750 tantun
1691 692 1847 774 parente,
1872 671 2033 779 priuigni

387 784 468 855 tint.
520 787 601 854 Sane
617 782 651 850 in
674 788 746 867 jure
762 781 920 851 Saronico
944 771 1120 848 discrimen
1139 778 1199 845 lla.
1223 800 1295 847 cunr
1316 796 1456 848 nouerca
1481 772 1522 848 &
1542 777 1659 849 uitrici
1679 803 1751 850 cunr
1768 783 1962 877 privigna}
1995 786 2029 854 in
2060 775 2062 779 ’

389 882 495 951 tuitnr
517 882 605 951 inter
629 873 756 950 sorores
783 902 823 947 ex
849 898 916 947 uuo
938 876 1041 947 latete
1071 896 1198 946 tantum
1222 873 1358 961 reliquis
1374 872 1546 958 ecclesa,
1564 877 1597 946 id
1614 879 1680 956 est,
1703 877 1854 966 pontifici
1874 885 2032 954 Romano

387 982 602 1065 conjunctas,
630 987 663 1050 &
685 1002 737 1048 eas
754 977 767 1055 ,’
790 1000 861 1063 quar
881 977 1036 1060 utrinque
1057 982 1195 1060 conjuu·
1222 966 1495 1062 dispensationem
1515 970 1577 1045 etse
1596 973 1746 1048 relictam
1766 977 1907 1059 volunt,
1942 982 2031 1052 uude

386 1079 448 1148 uae
462 1072 557 1167 sunt,
584 1071 639 1146 sed
655 1072 718 1146 hoc'
734 1077 768 1143 in
788 1069 1041 1143 successionibus
1055 1093 1195 1155 tantum,
1224 1073 1436 1143 innocentius
1460 1068 1520 1144 lll.
1543 1077 1576 1142 in
1601 1075 1715 1169 primo
1736 1077 1848 1171 gradu
1867 1079 2034 1176 adfinita-

387 1166 1196 1254 nonauteminmatrimoniisobservatur.XXV.)
1220 1170 1268 1241 tir
1289 1171 1324 1241 r‘n
1349 1167 1439 1241 linea
1463 1169 1655 1266 transuersa
1673 1170 1870 1263 dispensavit
1894 1199 1969 1266 cap.
1992 1174 2031 1246 ti-

398 1270 449 1349 Ut
466 1273 630 1373 adfinitas
648 1274 690 1371 rsl
704 1268 897 1371 stauilitudo
923 1264 964 1341 ss
979 1266 1197 1368 stinulacrurn
1222 1268 1286 1341 nal.
1313 1272 1353 1340 de
1376 1272 1498 1340 divort.
1525 1268 1713 1343 Alexander
1736 1273 1799 1345 Vl.
1828 1276 1866 1346 in·
1884 1272 2032 1369 secundo
2076 1348 2078 1357 .

244 1445 247 1449 .
388 1369 718 1469 consanguinitatis,
744 1371 795 1468 stc
816 1364 1034 1467 stmulacrurn
1059 1364 1198 1461 aliquod
1221 1366 1334 1462 gradu
1350 1365 1658 1462 consanguinitatis
1669 1367 2032 1461 dispensationemcou.

383 1470 556 1568 fraterne
568 1466 763 1565 acsaroriae
774 1468 1041 1565 propinquitatis
1057 1469 1099 1566 esi
1113 1465 1200 1539 inter
1222 1462 1314 1537 cessit
1333 1467 1412 1538 telle
1435 1471 1595 1554 Caietano
1611 1472 1646 1541 in
1667 1492 1697 1540 a.
1719 1496 1749 1542 2.
1767 1497 1799 1559 q.
1824 1494 1900 1561 ¹54·
1916 1497 1978 1546 art.
1997 1499 2031 1558 9·

380 1571 501 1673 filium
523 1570 620 1643 vidiri
646 1564 688 1642 ss
705 1564 824 1667 filiam
842 1564 954 1641 vidua
983 1565 1198 1640 matrimonia
1225 1564 1394 1647 Carolus,
1419 1567 1578 1637 archidux
1605 1569 1766 1651 Austriae,
1792 1567 1911 1642 sororis
1932 1557 2033 1646 filiam
2070 1599 2072 1608 ¹

388 1672 532 1745 invicem
554 1665 798 1765 copulatorum.
866 1670 918 1739 Ut
940 1669 1029 1737 enirn
1056 1687 1200 1737 nouerca
1225 1661 1545 1745 inornandum,
1568 1667 1725 1737 nimirum
1747 1664 1847 1740 liliam
1862 1673 1957 1740 ducis
1975 1678 2052 1743 Bu

328 1826 336 1830 -
387 1769 521 1844 eslfilio
541 1771 632 1840 vidui
654 1766 900 1851 inhumanis,
928 1763 972 1835 src
992 1759 1058 1834 filia
1080 1788 1201 1835 novet·
1226 1763 1347 1845 varia,
1375 1764 1431 1850 qui
1458 1767 1492 1833 in
1515 1767 1728 1836 matrimonio
1753 1764 1812 1837 srbi
1840 1770 2033 1857 copulatam

272 1902 275 1905 ⁷
361 1862 438 1958 ‘cae
459 1872 505 1940 esl
523 1866 572 1938 illi
600 1869 699 1938 instar
720 1860 863 1948 sororis,
890 1872 924 1937 δι
958 1858 1126 1940 vicissim,
1164 1884 1201 1932 ut
1225 1858 1781 1953 habuitFerdinandiimperatoris
1803 1864 1924 1952 srliam,
1947 1871 2035 1959 ejus⁴

379 1970 527 2042 ⁴vitricus
549 1968 594 2038 est
610 1963 683 2035 filia
704 1965 811 2036 vidua
834 1962 1075 2050 inusurpatus,
1100 1960 1142 2030 src
1165 1958 1202 2033 fi·
1226 1961 1302 2031 dem
1323 1958 1438 2035 Caroli
1461 1958 1623 2036 sororem.
1687 1968 1760 2035 Rex
1785 1961 1950 2053 Hispaniae
1979 1972 2033 2040 iti·

388 2064 453 2138 lius
470 2067 582 2138 vitrici
596 2068 642 2136 est
661 2062 711 2133 illi
737 2063 835 2133 instar
863 2057 984 2130 fratris.
1036 2061 1202 2152 Quamvis
1226 2062 1302 2132 dem
1321 2062 1354 2130 in
1371 2081 1507 2142 uxorem
1522 2064 1614 2132 duxit
1630 2057 1747 2133 sororis
1765 2060 1876 2137 hliam.
1940 2071 2036 2139 Ema-

390 2189 472 2239 vero
489 2187 529 2237 ea
550 2161 606 2235 tali
622 2157 789 2233 adfinitate
810 2183 879 2229 non
900 2154 1049 2232 nascatur
1066 2155 1201 2248 aliquod
1226 2159 1323 2239 nuel,
1348 2158 1559 2251 Parsagalliae
1576 2186 1659 2239 rex,
1682 2166 1761 2232 duas
1775 2156 1901 2236 sorores
1919 2166 1953 2234 in
1967 2191 2038 2238 rua·

390 2266 670 2354 impedimentum
688 2262 905 2350 nuptiarum,
934 2254 956 2326 fi
980 2254 1128 2328 strictum
1154 2257 1201 2331 le-
1228 2260 1422 2335 stimonium
1438 2261 1540 2330 duxit.
1592 2263 1684 2331 idem
1702 2256 1780 2332 serit
1794 2262 2035 2356 sigismundus,

299 2370 301 2374 ’
392 2364 445 2454 gis
464 2351 612 2455 rigorem
625 2359 766 2433 velimus
784 2350 948 2446 respicere
959 2399 976 2433 ‚-
992 2377 1103 2427 tamen
1114 2359 1204 2441 qnod
1229 2380 1287 2426 sex
1310 2356 1462 2428 Poloniae.
1511 2356 1708 2441 Catharina,
1734 2359 1863 2451 Angliae
1889 2367 2034 2453 regine,

392 2459 550 2550 xxvi.)
573 2471 608 2533 dt
630 2455 750 2528 ultimo
771 2455 847 2527 loco
870 2454 1042 2526 addimus:
1082 2450 1124 2525 In
1142 2479 1204 2526 nu⁴
1229 2456 1356 2525 Astura
1375 2466 1412 2529 dc
1432 2457 1582 2527 Henrico
1607 2455 1668 2526 vll
1678 2455 1700 2528 l.
1720 2459 1851 2528 'duobus
1877 2459 2037 2533 fratribus
2064 2511 2066 2516 -

390 2558 480 2656 ptir's
505 2580 573 2629 nan
599 2552 726 2651 salurn-
745 2549 826 2650 quid
858 2550 984 2637 liceat,
1010 2549 1074 2647 sed
1102 2555 1204 2626 etiam
1230 2551 1348 2639 nupht.
1413 2556 1659 2634 ferdinandus,
1683 2580 1740 2625 rex
1764 2558 2035 2646 Neapolitanus.

396 2649 657 2754 quidhoneslunr
672 2654 721 2751 fit
734 2696 745 2734 ,·
770 2647 1030 2749 respiciendum,
1056 2673 1129 2739 quae
1152 2677 1206 2725 re·
1229 2650 1364 2720 amitam
1382 2647 1471 2721 suana
1488 2656 1592 2723 duxit.
1617 2724 1621 2736 ,
1644 2655 1676 2724 si
1695 2679 1820 2741 qucras
1840 2679 1908 2741 quo
1930 2660 2035 2748 jurei

247 2733 277 2850 ,ν
354 2784 361 2792 ,
395 2755 476 2849 gul,
499 2783 517 2828 ι
542 2754 730 2826 Modestius)
748 2751 951 2845 proponitur
966 2747 1203 2845 l-senrprr42.
1229 2746 1410 2821 scoferunt
1428 2747 1703 2840 dispensationem
1724 2752 1890 2839 pontificis
1915 2781 2039 2851 magun

357 2869 364 2883 '
388 2852 436 2953 ff.
458 2851 498 2928 de
517 2854 579 2931 rit.
595 2854 744 2948 nupt'ac
761 2849 878 2940 pulcre
904 2851 1108 2940 Augustinus
1126 2850 1207 2946 dicit
1230 2872 1293 2919 aere
1310 2871 1546 2937 comparatam.
1600 2854 1777 2937 CaJetanus
1789 2856 1821 2923 d.
1835 2851 1857 2923 l.
1873 2852 2039 2945 disputat,

395 2952 455 3025 lib.
476 2952 555 3025 XV.
580 2957 620 3038 de
646 2952 711 3023 civ.
733 2950 799 3022 Dei
820 2971 894 3037 cap.
912 2942 1014 3021 XVI.
1067 2942 1206 3024 Furtum
1225 2946 1418 3044 pontificem
1432 2948 1532 3045 justis
1545 2947 1704 3045 decausts
1721 2950 1757 3019 in
1784 2951 1938 3029 omnibus
1954 2977 2039 3053 grae

395 3049 533 3125 licitum
552 3048 595 3124 ab
613 3047 822 3124 uicinitatem
837 3045 990 3119 horretur
1004 3043 1129 3119 illiciti.
1230 3040 1330 3117 dibus
1346 3044 1608 3140 prohibitionem
1628 3050 1788 3121 relaxare
1803 3048 1914 3146 passe,
1947 3075 2056 3150 pras

704 3155 734 3240 §.
760 3148 900 3218 CCXC.
934 3147 1205 3219 Demonstratum
1230 3153 1379 3240 nsquam
1402 3146 1437 3216 in
1463 3144 1625 3217 ronnulrr‘o
1643 3147 1758 3243 patris
1780 3144 1821 3222 ἔθ’
1832 3150 1942 3246 filiae,
1960 3152 2061 3253 filii·

393 3242 582 3337 Prvlt'lt'lt'p·
653 3241 717 3318 suit
747 3242 932 3322 hodierius,
964 3242 1206 3330 prohibitiones
1235 3237 1276 3316 ss
1296 3244 1427 3315 aratris.
1478 3250 1538 3317 sed
1561 3256 1595 3317 tc
1612 3249 1858 3332 quidamertra
1874 3256 2036 3324 Roman:
2074 3241 2078 3248 ⁸

394 3322 603 3417 ''silisis“
652 3338 813 3419 Mosaicas
835 3366 903 3413 non
919 3360 1048 3419 tanturn
1072 3346 1113 3413 ad
1126 3365 1203 3438 prr·
1231 3338 1373 3412 ccclessae
1390 3345 1557 3432 gremium
1579 3345 1746 3414 constituti
1764 3369 1926 3432 praetextu
1948 3350 2037 3422 chri·

412 3403 585 3568 mmm?
643 3437 750 3539 sonas
780 3441 974 3513 nominatim
1010 3437 1172 3531 expressas
1194 3495 1203 3525 ‚
1229 3439 1390 3513 iiianae&
1412 3441 1613 3532 evangelicae
1634 3442 1795 3513 libertatis
1820 3446 1853 3516 in
1877 3448 2037 3540 gradibus

412 3527 575 3647 wirma:
656 3536 824 3612 sedetiam
846 3541 887 3612 ad
903 3536 1031 3632 gradus
1049 3564 1140 3627 arque
1155 3542 1206 3610 di·
1228 3544 1301 3625 jnre
1319 3534 1459 3611 mosaico
1477 3538 1653 3628 prohibitis
1669 3541 1868 3616 contrahere
1884 3545 1945 3616 fibi
1965 3548 2035 3619 lici-

562 3706 565 3710 .
656 3640 775 3710 slantes
800 3638 988 3726 pertinere,
1014 3645 1081 3725 jam
1101 3659 1205 3725 porro
1230 3656 1300 3707 tum
1319 3633 1382 3708 esse
1403 3636 1631 3718 arbitrantur,
1658 3637 1738 3709 sicut
1758 3646 1924 3715 Sarcerius
1945 3655 1981 3720 δι
1997 3671 2036 3720 es

394 3737 688 3813 demonstrandum
702 3738 819 3816 restat,
843 3738 974 3809 easdem
996 3759 1064 3807 non
1082 3739 1123 3806 ad
1144 3760 1205 3826 po·
1228 3758 1268 3804 eo
1286 3732 1496 3806 Chemnitius
1512 3761 1547 3823 p.
1565 3761 1644 3829 543.
1663 3740 2035 3832 reconsignaturum,

281 3873 285 3877 ·
394 3837 513 3927 pulum
542 3838 700 3904 duntaxat
719 3824 932 3932 judaicum,
956 3827 1011 3905 scd
1034 3855 1144 3906 omnes
1167 3857 1204 3905 o-
1231 3832 1913 3931 circainitiumrefarnrationr'sqnenulam
1923 3839 2035 3922 Ham·

393 3936 511 4005 mnino
527 3930 674 4005 lrorninrr
698 3930 865 4021 spectare,
893 3930 956 4002 hoc
978 3933 1046 4016 cll,
1075 3955 1142 4003 non
1161 3935 1202 4003 ad
1228 3928 1329 4027 burgi
1342 3929 1473 4031 duxrffi
1488 3957 1625 4005 uxoren
1648 3938 1783 4029 patrui,
1811 3939 1870 4034 qui
1892 3953 2038 4035 praten·

390 4028 484 4123 leges
511 4024 656 4103 forenses
671 4056 709 4102 ac
725 4026 915 4120 judiciales,
944 4024 998 4102 sed
1018 4030 1202 4103 naturalem
1227 4029 1280 4100 tir
1295 4028 1335 4126 sc
1352 4030 1413 4103 hoc
1432 4032 1550 4123 saccae
1569 4058 1614 4105 err
1641 4033 1798 4111 libertate
1826 4038 2037 4139 christiana,

388 4155 428 4203 ac
458 4128 619 4201 moralem
647 4128 839 4204 referendas
867 4122 960 4207 esse,
988 4130 1023 4198 in
1059 4151 1201 4217 utroque
1227 4153 1300 4199 curu
1318 4129 1376 4201 lex
1391 4127 1501 4226 Mosts
1516 4130 1605 4204 nr'lrr'l
1618 4133 1665 4205 arl
1684 4159 1744 4211 nas
1756 4137 1938 4231 pertineat.

392 4232 481 4304 enirn
503 4230 607 4301 isthoc
631 4231 766 4303 cardine
793 4229 912 4299 harum
934 4223 1200 4317 prohibitionum
1276 4237 1304 4319 ς.
1321 4232 1477 4303 CCXCl.
1501 4235 1572 4301 Nos
1588 4241 1776 4306 contrasta-

392 4327 534 4401 latitudo
555 4321 711 4407 versatur.
778 4326 897 4398 Gravis
918 4318 979 4396 hac
1001 4328 1042 4397 de
1063 4351 1100 4396 re
1123 4350 1200 4397 cunr
1227 4328 1376 4408 tuimur,
1417 4328 1665 4423 prohibitiones
1696 4354 1778 4425 gra-
1827 4351 2037 4438 Amftmm

391 4424 572 4518 pontificiis
583 4427 759 4499 intercedit
776 4425 871 4497 nobis
887 4419 1117 4495 controversia.
1147 4423 1200 4495 illi
1224 4422 1324 4495 duum
1339 4449 1449 4500 ornnes
1463 4430 1672 4527 arfingular
1690 4431 1773 4505 Len.
1826 4433 1921 4525 r'ulsac
1935 4455 2003 4517 qua
2056 4508 2061 4515 ‚

392 4529 481 4600 etum
502 4528 577 4596 totis
594 4524 718 4596 viribus
734 4542 971 4612 propugnant,
1003 4545 1069 4593 non
1089 4526 1200 4595 omnes
1225 4520 1381 4596 XVIII.
1419 4525 1587 4624 expraffirr
1620 4554 1685 4600 noa
1715 4529 1774 4629 effe
1825 4509 1999 4596 arfflsrrasu
2072 4571 2078 4579 -

239 4691 257 4712 ,
301 4622 304 4626 “
394 4624 524 4721 gradus
546 4619 657 4695 Leuit.
674 4618 828 4695 XVIII.
845 4617 1199 4716 interditiorjurenu-
1224 4645 1308 4719 merc
1333 4620 1530 4712 inuititur,
1556 4627 1602 4698 aa
1616 4632 1674 4724 jus
1690 4634 1779 4731 poſs·
1960 4658 1967 4666 ·

393 4721 501 4796 turali
523 4719 564 4795 ss
584 4731 743 4819 perpetuo
766 4718 969 4792 contraitum
987 4721 1199 4793 matrimonii
1224 4722 1330 4794 tinum
1353 4734 1484 4796 tanturn
1502 4730 1721 4822 pertinentes,
1745 4754 1818 4826 qua
1837 4727 2039 4834 ffuriaicurrr

391 4820 569 4919 medin,
587 4817 650 4915 sed
667 4818 798 4913 aliquas
822 4829 953 4891 tantum
976 4844 1021 4890 ex
1037 4819 1106 4893 rtis
1121 4822 1198 4915 jure
1222 4820 1395 4894 duntaxat
1413 4825 1605 4923 populum,
1639 4840 1782 4925 ternpore
1811 4844 1942 4911 tanturn
1967 4853 2033 4917 vet.

390 4920 546 4997 naturali
567 4917 759 4993 interditios
781 4917 917 4997 volunt,
946 4918 1100 4991 videlicet
1117 4945 1198 4991 oon·
1221 4923 1289 5008 rea.
1307 4918 1459 5017 obligans
1471 4980 1479 5008 ι
1500 4922 1565 5019 sed
1580 4922 1738 5023 &silisis
1754 4929 1944 5025 naturalis}
1960 4934 2045 5037 su*

390 5025 521 5114 juglans
535 5017 696 5120 filiisunt
716 5029 838 5101 matre,
859 5016 973 5113 patris
993 5041 1065 5089 cunr
1088 5018 1195 5117 filia,
1224 5016 1558 5117 Christianos'etium
1591 5026 1626 5095 in
1662 5051 1736 5100 nou.
1763 5036 1830 5131 test.
1852 5034 2035 5135 obligent,

384 5120 516 5217 fram-5
543 5116 745 5220 samsom,
759 5138 922 5217 gamana
935 5170 948 5212 ,
961 5114 1094 5215 fratris
1121 5144 1194 5198 rura
1218 5120 1352 5219 iitroque
1373 5119 1619 5223 dispensationi
1633 5124 1786 5211 hurrrarnt
1808 5136 1845 5211 ia
1867 5137 1939 5217 illis
1958 5141 2040 5215 nuta

1965 5240 2042 5328 tan
