4884 5984
461 511 527 596 178
553 587 559 596 ,
688 495 837 570 rocus
860 495 988 574 xxu.
1015 496 1115 573 car.
1133 501 1176 573 x.
1205 495 1333 573 sacr.
1355 493 1428 572 111..
1442 498 1553 574 aar.
1578 495 1623 571 u.
1651 457 1813 571 Manli.
1841 487 1887 570 u.
1974 574 2009 608 Ι,

459 674 539 777 pit,
564 679 630 774 qui
653 679 751 750 enim
778 672 903 752 reliiia
931 655 1085 776 coniuge
1112 683 1267 756 adhaeret
1300 679 1344 752 de
1363 677 1470 751 diffid.
1490 677 1603 752 Graec.
1628 684 1661 753 dc
1681 675 1788 751 Ruth.
1810 676 1909 771 quod
1930 659 2131 762 doceant,

459 778 602 863 scorto,
628 775 667 848 fit
692 798 766 848 una
796 797 877 848 curu
908 800 992 849 cum
1012 778 1114 873 ipsu,
1146 778 1265 852 1Cur.
1298 779 1489 873 nuptiarum
1505 780 1618 874 sudus
1641 789 1738 871 atque
1753 777 1917 846 vinculum
1937 772 2025 870 poffe
2044 799 2109 867 pro

458 876 519 948 Vl.
545 879 601 949 16.
628 897 670 948 ac
690 875 841 968 proinde
860 877 1101 969 nonamplius
1120 876 1167 948 eli
1191 899 1266 949 una
1299 880 1477 972 coniugum
1506 878 1642 947 arbitrio
1668 872 1799 969 diffalvi.
1856 872 2045 968 idipsum
2068 874 2108 944 in

457 995 543 1045 caro
571 996 656 1046 cum
684 973 851 1067 coniuge.
902 972 992 1045 Tale
1016 974 1205 1069 quidpiam
1226 975 1265 1046 in
1300 974 1451 1047 concilio
1467 974 1622 1045 Florent.
1640 968 1710 1045 seli.
1725 973 1791 1044 ult.
1839 969 2030 1067 Eugenius
2045 992 2108 1065 pa·

458 1072 610 1165 reliquis
634 1068 768 1142 casibus
798 1077 833 1141 δε
857 1069 967 1142 causes
992 1072 1179 1144 monstrari
1204 1095 1265 1143 ne·
1300 1073 1413 1170 pacis
1428 1072 1562 1144 obiicit.
1590 1071 1682 1161 (Sed
1701 1071 1847 1157 ,tridente
1870 1072 1945 1140 haee
1965 1067 2107 1141 adcola-

459 1171 571 1264 quit,
598 1169 749 1263 proinde
778 1168 877 1238 nulla
904 1169 964 1238 hic
998 1167 1045 1239 est
1071 1169 1264 1242 similitudo
1301 1172 1350 1245 tio
1374 1169 1584 1242 Graecorum
1605 1168 1814 1240 sententiam
1832 1167 1968 1254 latius,
1996 1185 2108 1260 quarn

459 1268 519 1340 vel
541 1267 725 1361 aequalitas
741 1265 909 1344 adulterii
925 1272 958 1336 δι
976 1268 1131 1337 aliarum
1149 1267 1266 1339 caula·
1301 1288 1367 1362 par
1388 1266 1461 1354 eli,
1494 1268 1686 1338 extendere
1708 1313 1720 1352 ,
1747 1263 1844 1359 quase
1865 1263 1911 1334 ob
1939 1265 2109 1357 quamvis

459 1388 544 1438 rum
571 1361 732 1456 respeilu
762 1364 805 1433 ad
831 1363 1043 1458 coniugium
1074 1365 1266 1458 eidemque
1301 1372 1442 1437 caulam
1466 1365 1636 1458 coniugia
1652 1359 1790 1439 dissolvi
1802 1357 1899 1455 polle
1920 1360 2107 1448 censeant,

461 1462 661 1556 oppositum
686 1461 883 1530 divortium
913 1460 1046 1532 habito.
1098 1463 1182 1557 IV.)
1211 1463 1266 1533 Ex
1301 1484 1386 1533 cum
1405 1461 1451 1533 ob
1473 1462 1692 1533 adulterium
1710 1457 1828 1554 ipsum
1849 1459 2016 1553 coniugii
2031 1461 2108 1530 vin·

449 1560 621 1656 sufficienti
648 1560 893 1627 enumeratione.
944 1559 1056 1631 Nulla
1085 1559 1197 1654 potest
1220 1582 1266 1630 ex
1301 1560 1424 1631 culum
1447 1560 1594 1645 dirimi,
1622 1565 1656 1629 δι
1680 1559 1819 1629 aditum
1839 1557 1884 1630 ad
1904 1578 2021 1628 novas
2045 1579 2108 1629 nu·

460 1658 641 1752 scripturis
659 1655 764 1728 sacris
781 1655 932 1750 produci
949 1655 1051 1744 causa
1072 1659 1142 1728 alia
1156 1707 1168 1745 ,
1181 1680 1265 1752 pro·
1299 1658 1393 1751 ptias
1408 1658 1551 1728 licitum
1568 1654 1646 1725 fieri
1664 1654 1835 1742 statuam,
1861 1656 1961 1748 quod
1980 1657 2106 1726 Romu-

391 1791 395 1798 ·
461 1777 541 1852 pter
566 1776 677 1849 quam
706 1754 905 1824 divortium
925 1752 1003 1823 fieri
1027 1752 1182 1827 Christus
1204 1755 1265 1826 vel
1300 1775 1354 1862 nep
1370 1753 1519 1824 ecclesrae
1536 1777 1608 1823 non
1622 1751 1831 1847 probatur.)

460 1852 608 1949 apostoli
629 1846 879 1923 concclierint:
907 1872 1053 1944 aequum
1069 1853 1181 1947 igitur
1196 1851 1263 1939 est,
1299 1847 1368 1945 ll.)
1393 1853 1497 1938 Quod
1522 1851 1671 1943 quidam
1697 1873 1834 1920 cenom
1879 1844 1941 1924 ῙῙ·)
1964 1846 2104 1935 2⁸⁰*

354 1951 374 1990 ’
458 1971 500 2024 ut
516 1952 673 2023 contenti
686 1946 793 2019 fimus
808 1968 869 2033 ea,
897 1968 1009 2040 quarn
1023 1947 1179 2022 Christus
1191 1949 1264 2045 ipse
1300 1950 1390 2022 iuris
1434 1947 1610 2042 pontificii
1640 1946 1831 2043 montier,
1895 1929 2103 1992 “m
2146 2027 2149 2038 ,

460 2047 646 2143 expressit,
675 2070 719 2116 ne
738 2045 887 2118 obnoxii
905 2045 1098 2119 reddamur
1123 2070 1264 2141 poenae,
1326 2070 1413 2119 uam
1424 2045 1579 2117 Chrilius
1593 2045 1739 2117 divortii
1754 2067 1835 2117 cau·

464 2167 577 2240 quam
595 2145 739 2217 addenti
754 2143 942 2236 quidpiam
954 2144 999 2214 ud
1014 2144 1126 2222 verba
1139 2144 1266 2218 Christi
1301 2069 1374 2216 iarn
1397 2142 1601 2230 constituit,
1627 2161 1704 2218 tam
1728 2146 1797 2215 late
1815 2143 2044 2229 extendunt,
2066 2155 2102 2213 ut

460 2250 494 2315 δι
515 2239 755 2336 apostolorum
774 2240 928 2331 Spiritus
956 2223 1094 2313 sancius
1116 2244 1267 2315 conami-
1302 2243 1388 2315 alias
1406 2239 1513 2312 etiam
1534 2240 1653 2313 caules
1674 2241 1829 2313 faciendi
1845 2240 1997 2315 divortii
2012 2259 2102 2311 com·
2146 2259 2148 2282 ¹

461 2360 578 2411 natur.
612 2340 726 2430 Apoc.
739 2336 850 2405 XXII.
869 2346 923 2419 18.
973 2338 1034 2430 V.)
1056 2339 1110 2408 Ex
1123 2353 1268 2410 veteram
1302 2337 1492 2438 pleiiatur.
1541 2362 1571 2410 c.
1600 2340 1783 2411 idololatra
1809 2346 1876 2411 &u
1898 2347 1962 2419 28.
1989 2359 2050 2433 qu.
2070 2357 2102 2409 1.

459 2436 686 2530 testificatione.
744 2432 885 2504 Veteris
918 2434 1068 2505 ecclesrae
1101 2435 1265 2509 doiiorcs
1299 2439 1513 2514 idololatria,
1540 2461 1638 2531 quarn
1651 2438 1841 2533 separantur
1864 2434 2036 2529 infideles,
2059 2432 2103 2510 et

234 2599 239 2606 ,
319 2575 322 2580 -
459 2535 583 2606 multis
606 2534 643 2604 in
665 2532 753 2603 locis
781 2529 920 2600 causam
945 2533 1091 2603 divortii
1111 2533 1267 2606 faciendi
1301 2536 1454 2629 quaelibet
1485 2537 1587 2605 noxia
1602 2534 1791 2631 superstitio
1814 2536 2028 2631 ,flernicatio
2054 2528 2104 2628 est.

261 2705 264 2712 ,
459 2630 678 2704 adulterium
691 2623 759 2702 ¹elie
783 2628 834 2728 ita
859 2629 986 2699 docent
1006 2676 1019 2715 ,
1042 2649 1084 2701 ut
1107 2634 1181 2732 reli·
1200 2655 1266 2705 uas
1301 2634 1413 2721 leem,
1429 2631 1465 2729 fi
1484 2630 1963 2728 infidelitasfornieatioeli&
1978 2631 2107 2702 idolola-

340 2807 348 2812 ,
459 2750 585 2799 ornnes
610 2726 813 2797 excludant.
860 2722 967 2797 Diua
981 2722 1139 2819 ipsorum
1154 2655 1267 2803 aidu-
1301 2733 1396 2810 trio,
1420 2729 1594 2819 infidelitas
1616 2731 1663 2822 ii
1680 2735 1826 2803 avaritia
1839 2727 2026 2801 idilalatria
2043 2727 2107 2824 ni,

342 2847 367 2912 ,·
460 2824 517 2898 ua
540 2824 618 2895 sunt
636 2820 800 2916 superius
818 2821 951 2892 memb.
971 2824 998 2893 1.
1299 2826 1429 2924 nonest
1451 2831 1663 2900 dubitandam
1683 2879 1697 2907 ,
1723 2827 1772 2904 8
1797 2831 1980 2900 auaritiam
1994 2828 2107 2924 sarni·

362 2959 364 2964 ·
1301 2930 1457 2997 tationem
1473 2923 1539 3023 effe.
1590 2931 1678 3025 Quis
1690 2951 1769 3026 ergo
1791 2932 1859 2998 iane
1880 2927 2107 3023 numlibet&-

273 3057 280 3068 ’
325 3067 331 3085 ι
457 3014 608 3093 Aneteiessr
635 3016 683 3088 Ῑ·)
807 3025 837 3101 ς.
861 3013 988 3120 ΒΟΝ.
1027 3014 1159 3092 Contra
1175 3021 1267 3091 hanc
1302 3025 1420 3095 licitam
1443 3026 1724 3118 concupiscentiam
1739 3025 1945 3124 potest-relic
1965 3050 1989 3116 q
1999 3025 2107 3122 sorni

459 3097 675 3238 “agilem'’
737 3109 1264 3227 sententiamnollrampugnat:
1300 3121 1436 3193 catanis
1454 3147 1572 3275 periere
1582 3125 1742 3220 separare
1757 3172 1771 3213 ,
1785 3127 1822 3221 f
1841 3125 1988 3229 nouitio
1996 3125 2108 3221 farai·
2139 3201 2141 3206 ,

650 3213 660 3234 ’
740 3211 785 3303 l.)
811 3212 917 3297 Quod
935 3213 1083 3302 quidam
1109 3217 1267 3286 heretici
1300 3222 1383 3290 calio
1403 3219 1465 3306 cli.
1524 3223 1584 3292 Ex
1602 3247 1664 3319 quo
1687 3226 1909 3323 intelligitur,
1932 3227 2019 3321 quod
2031 3245 2107 3316 pro·

742 3312 910 3403 quamvis
926 3306 1066 3380 causam
1087 3314 1130 3382 ad
1148 3313 1266 3382 divor·
1296 3333 1373 3412 pter
1403 3320 1528 3389 illicitat
1559 3322 1825 3415 concupiscentias
1859 3347 1924 3391 nan
1952 3333 2103 3398 tanturn,

459 3410 552 3480 tium
582 3403 839 3482 instituendum
867 3401 1022 3477 sufficere
1055 3410 1265 3482 docuerunt.
1299 3441 1380 3512 quae
1394 3416 1563 3512 instupris
1577 3444 1649 3490 cum
1666 3421 1776 3491 alienis
1789 3423 1871 3490 viris
1890 3433 1953 3492 out
1962 3419 2105 3516 sentinis

457 3504 618 3600 Bogomt'lt
641 3502 863 3591 statuerunt,
886 3525 927 3574 ex
962 3528 1148 3600 quacunque
1167 3508 1264 3597 causa
1299 3520 1547 3586 committuntur
1567 3567 1579 3593 ,
1596 3519 1658 3612 sed
1684 3524 1814 3588 ontnino
1826 3533 1965 3612 propter
1989 3519 2104 3614 quasit·

457 3604 608 3695 corriugia
623 3601 744 3698 diffilivi
755 3597 868 3696 Pvffl,
893 3606 1082 3674 adnotante
1098 3607 1263 3699 Eulymio
1299 3616 1371 3699 bct,
1395 3639 1476 3708 quac
1502 3620 1645 3686 animam
1664 3642 1795 3710 corpore
1820 3620 1903 3687 male
1922 3629 2063 3687 utentcen
2084 3642 2103 3687 a

458 3719 550 3794 part.
564 3699 609 3812 li.
631 3704 775 3815 panopl.
798 3701 925 3865 pidem
942 3703 1075 3814 dogma
1090 3705 1264 3796 repetive-
1299 3714 1368 3809 lcgc
1380 3713 1444 3782 Dei
1462 3717 1614 3785 aberrare
1619 3717 1777 3810 faciunt,
1792 3716 1840 3791 Θ
1846 3714 2021 3809 perniciose
2034 3730 2102 3786 tar·

458 3818 544 3868 rum
565 3799 740 3883 Libertini,
762 3818 795 3867 te
826 3820 844 3866 e
870 3796 1078 3891 Bullrngero
1108 3804 1150 3871 de
1168 3801 1265 3870 Ana·
1293 3814 1442 3906 pleneque
1461 3818 1624 3907 eorrumpi
1636 3815 1726 3908 poffit
1736 3816 1808 3912 fine
1823 3816 1976 3894 crimine,
2000 3814 2104 3888 &uir

458 3896 856 3991 hapr.,ub.11.decap.
880 3897 936 3987 1.)
959 3899 1264 3990 Mffllanmdtssll·
1298 3932 1431 3980 uxorein
1451 3909 1553 4004 satam
1577 3916 1764 4006 dimittere,
1789 3913 1836 3987 (θ’
1862 3938 1951 3983 uxor
1974 3916 2102 4001 virum,

460 3998 569 4068 uendit
591 3997 840 4085 dirimendisque
872 3996 1027 4090 coniugiis
1052 3993 1151 4094 legem
1176 3999 1264 4071 tatic.
1299 4010 1375 4104 qaia
1394 4022 1557 4103 exceptam
1580 4012 1985 4108 Dominussacjtmfhm
1994 4015 2102 4106 fimi.

459 4092 767 4203 Nicephffltusulib·
783 4088 1011 4203 IV·⁰²1P·22·‚
1036 4094 1266 4192 salapirygtt
1299 4110 1460 4183 cationis.
1486 4132 1584 4204 qnam
1598 4112 1851 4205 fornicationem
1871 4109 1919 4185 ΕΤ
1943 4112 2103 4204 universa·

459 4189 507 4262 55
516 4191 701 4280 Pepuurane
718 4187 1085 4284 semeleterdqsoluerunt
1096 4198 1267 4292 coniugia,
1300 4207 1358 4274 lem
1372 4207 1544 4304 intelligere
1555 4212 1711 4306 cogimur.
1735 4208 1820 4303 Cap.
1839 4210 2034 4303 Nonfhluen
2043 4215 2103 4280 uc.

463 4286 545 4360 sica
567 4282 746 4357 Montano
762 4283 890 4356 edOiii·
941 4288 1111 4362 Eusebius
1137 4291 1197 4362 lib·
1218 4292 1264 4365 V.
1299 4303 1393 4376 caus,
1411 4312 1443 4375 &
1460 4305 1578 4398 quaest,
1592 4301 1747 4380 iisdem:
1772 4310 1968 4398 Nonstylum
1980 4309 2105 4379 macha.

463 4406 539 4478 caP·
560 4391 663 4501 iij&
682 4394 737 4465 18.
788 4379 1015 4499 Nicephorus
1026 4387 1091 4501 iiii·
1108 4390 1168 4460 lV·
1188 4411 1265 4484 ⁰²12·
1300 4405 1347 4471 lio
1364 4401 1404 4495 est
1422 4404 1530 4480 illius,
1558 4431 1639 4499 qaae
1654 4407 1886 4501 tarnemstaam
1901 4411 2104 4503 coinquinat.

462 4499 522 4556 22·
543 4484 716 4552 Mummii
734 4482 842 4551 “iiim
860 4495 982 4574 mistim
1003 4485 1167 4557 ‘limniiis
1184 4490 1267 4557 tiit·
1291 4498 1466 4595 sedetiam
1486 4506 1900 4603 quaefienulacrumsacit,
1925 4491 2104 4576 muricietur.
2147 4499 2148 4536 ³

460 4585 508 4695 'fl
523 4582 778 4695 ‘willalmi‘
802 4597 903 4692 sulm
916 4581 1125 4693 F‘isl‘lllml
1138 4585 1186 4659 θ’
1198 4599 1265 4656 ier·
1302 4598 1441 4685 Quibus
1458 4602 1586 4671 merito
1607 4624 1838 4696 opponuntur
1855 4605 1918 4674 alii
1933 4627 2103 4690 canones,

460 4693 524 4750 teas
555 4693 696 4794 nuptias.
726 4678 981 4795 'liprphaqrus'
1007 4683 1124 4755 lraerel.
1153 4685 1266 4759 XXX.
1304 4698 1368 4787 qui
1395 4699 1555 4796 coniugii
1577 4723 1618 4771 ac
1638 4702 1784 4772 divortii
1812 4700 1974 4795 respectu
2000 4705 2104 4774 aliam

461 4775 642 4892 Milium
662 4781 1004 4872 legltlmafflsslugffl
1019 4783 1130 4873 puffim
1146 4785 1269 4878 &stne
1302 4796 1480 4864 rationem
1497 4792 1561 4866 elie
1578 4797 2105 4893 statuuntadulterii&aliquo·
2147 4861 2148 4876 ,

461 4876 580 4946 dcleliu
599 4877 825 4946 dirimebant.
873 4873 1034 4950 Socrates
1063 4881 1125 4953 lib.
1152 4884 1212 4953 lV.
1237 4905 1267 4953 c.
1303 4912 1386 4961 rum
1404 4894 1624 4983 criminum,
1652 4918 1692 4968 ac
1709 4916 1855 4991 propter
1872 4895 1985 4968 solam
1999 4897 2104 4984 fomj.

464 4996 522 5058 31·
577 4974 709 5045 Graecis
736 4977 934 5066 imputarem
957 4977 1160 5053 aGabriele
1186 4983 1267 5050 Pu·
1304 4992 1480 5061 cntionem
1506 4995 1702 5064 ditrortium
1726 4994 1804 5066 ficri
1827 4990 1921 5090 polle
1943 4993 2103 5067 statuunt.

461 5073 555 5154 teolo
578 5073 620 5145 de
642 5076 724 5181 ltaer.
746 5096 781 5167 p.
803 5087 888 5151 203·
910 5075 943 5141 δι
964 5072 1212 5152 Ροίῖυνίῃοῐη
1236 5101 1265 5149 c.
1302 5084 1388 5185 Cap.
1411 5093 1497 5165 Sunt
1518 5096 1573 5188 qui
1594 5099 1658 5165 &o
1683 5109 1742 5187 27.
1767 5117 1802 5191 q.
1824 5111 1860 5170 a.
1915 5095 2029 5171 Sunt,
2055 5094 2105 5188 qai

480 5226 485 5236 ·
1153 5219 1162 5238 ·
1356 5243 1359 5250 ι
1980 5197 2103 5268 dicuat.
