<?xml version="1.0" encoding="UTF-8"?>
<!DOCTYPE html PUBLIC "-//W3C//DTD XHTML 1.0 Transitional//EN"
    "http://www.w3.org/TR/xhtml1/DTD/xhtml1-transitional.dtd">
<html xmlns="http://www.w3.org/1999/xhtml" xml:lang="en" lang="en">
 <head>
  <title>
</title>
<meta http-equiv="Content-Type" content="text/html;charset=utf-8" />
  <meta name='ocr-system' content='tesseract 3.04.00' />
  <meta name='ocr-capabilities' content='ocr_page ocr_carea ocr_par ocr_line ocrx_word'/>
</head>
<body>
  <div class='ocr_page' id='page_1' title='image "./locitheologicic06cottgoog_0230.png"; bbox 0 0 4884 5984; ppageno 0'>
   <div class='ocr_carea' id='block_1_1' title="bbox 355 503 1662 602">
    <p class='ocr_par' dir='ltr' id='par_1_1' title="bbox 355 503 1662 602">
     <span class='ocr_line' id='line_1_1' title="bbox 355 503 1662 602; baseline -0.021 0"><span class='ocrx_word' id='word_1_1' title='bbox 355 539 430 602; x_wconf 82' lang='lat' dir='ltr'>tae</span> <span class='ocrx_word' id='word_1_2' title='bbox 688 512 839 589; x_wconf 72' lang='lat' dir='ltr'>locvs</span> <span class='ocrx_word' id='word_1_3' title='bbox 864 513 992 586; x_wconf 81' lang='lat' dir='ltr'>xxvl.</span> <span class='ocrx_word' id='word_1_4' title='bbox 1041 508 1141 584; x_wconf 80' lang='lat' dir='ltr'><strong>CAP.</strong></span> <span class='ocrx_word' id='word_1_5' title='bbox 1160 510 1203 578; x_wconf 65' lang='grc' dir='ltr'>ν.</span> <span class='ocrx_word' id='word_1_6' title='bbox 1254 505 1445 580; x_wconf 66' lang='lat' dir='ltr'>Mintur</span> <span class='ocrx_word' id='word_1_7' title='bbox 1496 503 1662 578; x_wconf 77' lang='lat' dir='ltr'>ART.11.</span> 
     </span>
    </p>
   </div>
   <div class='ocr_carea' id='block_1_2' title="bbox 260 695 2035 3274">
    <p class='ocr_par' dir='ltr' id='par_1_2' title="bbox 260 695 2035 3274">
     <span class='ocr_line' id='line_1_2' title="bbox 360 695 2028 904; baseline -0.009 -16"><span class='ocrx_word' id='word_1_8' title='bbox 360 704 570 902; x_wconf 54' lang='lat' dir='ltr'>illidii</span> <span class='ocrx_word' id='word_1_9' title='bbox 591 705 1177 904; x_wconf 59' lang='lat' dir='ltr'>iiiitlrwin‘inlit</span> <span class='ocrx_word' id='word_1_10' title='bbox 1199 695 1356 875; x_wconf 49' lang='lat' dir='ltr'>liii</span> <span class='ocrx_word' id='word_1_11' title='bbox 1371 696 2028 894; x_wconf 59' lang='lat' dir='ltr'>littiii‘lississ³i⁰iiiiilt‘issiz</span> 
     </span>
     <span class='ocr_line' id='line_1_3' title="bbox 362 896 2027 1002; baseline -0.008 -17"><span class='ocrx_word' id='word_1_12' title='bbox 362 914 454 1002; x_wconf 84' lang='lat' dir='ltr'>apud</span> <span class='ocrx_word' id='word_1_13' title='bbox 479 932 594 992; x_wconf 76' lang='lat' dir='ltr'>omnes</span> <span class='ocrx_word' id='word_1_14' title='bbox 619 904 691 983; x_wconf 85' lang='lat' dir='ltr'>fere</span> <span class='ocrx_word' id='word_1_15' title='bbox 714 930 832 1002; x_wconf 85' lang='lat' dir='ltr'>gentes</span> <span class='ocrx_word' id='word_1_16' title='bbox 853 904 913 980; x_wconf 91' lang='lat' dir='ltr'>iilo</span> <span class='ocrx_word' id='word_1_17' title='bbox 937 928 1092 997; x_wconf 86' lang='lat' dir='ltr'>tempore</span> <span class='ocrx_word' id='word_1_18' title='bbox 1116 927 1177 992; x_wconf 89' lang='lat' dir='ltr'>po·</span> <span class='ocrx_word' id='word_1_19' title='bbox 1201 904 1269 973; x_wconf 91' lang='lat' dir='ltr'>rint</span> <span class='ocrx_word' id='word_1_20' title='bbox 1291 925 1392 989; x_wconf 80' lang='lat' dir='ltr'>utque</span> <span class='ocrx_word' id='word_1_21' title='bbox 1415 904 1458 973; x_wconf 90' lang='lat' dir='ltr'>ad</span> <span class='ocrx_word' id='word_1_22' title='bbox 1483 898 1585 973; x_wconf 83' lang='lat' dir='ltr'>finem</span> <span class='ocrx_word' id='word_1_23' title='bbox 1610 905 1705 988; x_wconf 74' lang='lat' dir='ltr'>vite,</span> <span class='ocrx_word' id='word_1_24' title='bbox 1732 924 1843 973; x_wconf 87' lang='lat' dir='ltr'>tamen</span> <span class='ocrx_word' id='word_1_25' title='bbox 1872 896 1932 970; x_wconf 86' lang='lat' dir='ltr'>illa</span> <span class='ocrx_word' id='word_1_26' title='bbox 1958 920 2027 972; x_wconf 84' lang='lat' dir='ltr'>nou</span> 
     </span>
     <span class='ocr_line' id='line_1_4' title="bbox 364 996 2027 1103; baseline -0.008 -21"><span class='ocrx_word' id='word_1_27' title='bbox 364 1008 544 1103; x_wconf 76' lang='lat' dir='ltr'>lrgamiam</span> <span class='ocrx_word' id='word_1_28' title='bbox 570 1009 711 1100; x_wconf 79' lang='lat' dir='ltr'>vigete,</span> <span class='ocrx_word' id='word_1_29' title='bbox 737 1012 850 1082; x_wconf 84' lang='lat' dir='ltr'>Deum</span> <span class='ocrx_word' id='word_1_30' title='bbox 873 1007 908 1077; x_wconf 89' lang='lat' dir='ltr'>in</span> <span class='ocrx_word' id='word_1_31' title='bbox 931 1006 1091 1097; x_wconf 81' lang='lat' dir='ltr'>conjugio</span> <span class='ocrx_word' id='word_1_32' title='bbox 1111 999 1178 1075; x_wconf 86' lang='lat' dir='ltr'>fra.</span> <span class='ocrx_word' id='word_1_33' title='bbox 1202 997 1267 1073; x_wconf 85' lang='lat' dir='ltr'>fuit</span> <span class='ocrx_word' id='word_1_34' title='bbox 1294 1002 1329 1072; x_wconf 90' lang='lat' dir='ltr'>in</span> <span class='ocrx_word' id='word_1_35' title='bbox 1351 996 1428 1090; x_wconf 79' lang='lat' dir='ltr'>ipss</span> <span class='ocrx_word' id='word_1_36' title='bbox 1456 1022 1632 1090; x_wconf 84' lang='lat' dir='ltr'>peccatum</span> <span class='ocrx_word' id='word_1_37' title='bbox 1659 996 1923 1084; x_wconf 69' lang='lat' dir='ltr'>normannie,</span> <span class='ocrx_word' id='word_1_38' title='bbox 1948 1020 2027 1077; x_wconf 85' lang='lat' dir='ltr'>eum</span> 
     </span>
     <span class='ocr_line' id='line_1_5' title="bbox 364 1094 2025 1196; baseline -0.008 -12"><span class='ocrx_word' id='word_1_39' title='bbox 364 1132 456 1190; x_wconf 88' lang='lat' dir='ltr'>trum</span> <span class='ocrx_word' id='word_1_40' title='bbox 478 1133 517 1186; x_wconf 83' lang='lat' dir='ltr'>at</span> <span class='ocrx_word' id='word_1_41' title='bbox 540 1110 692 1182; x_wconf 89' lang='lat' dir='ltr'>sororum</span> <span class='ocrx_word' id='word_1_42' title='bbox 715 1109 750 1180; x_wconf 88' lang='lat' dir='ltr'>in</span> <span class='ocrx_word' id='word_1_43' title='bbox 773 1105 942 1196; x_wconf 84' lang='lat' dir='ltr'>principio</span> <span class='ocrx_word' id='word_1_44' title='bbox 963 1096 1176 1194; x_wconf 76' lang='lat' dir='ltr'>dispensasse,</span> <span class='ocrx_word' id='word_1_45' title='bbox 1201 1126 1272 1172; x_wconf 90' lang='lat' dir='ltr'>non</span> <span class='ocrx_word' id='word_1_46' title='bbox 1292 1125 1333 1176; x_wconf 84' lang='lat' dir='ltr'>ex</span> <span class='ocrx_word' id='word_1_47' title='bbox 1351 1119 1442 1171; x_wconf 88' lang='lat' dir='ltr'>oerta</span> <span class='ocrx_word' id='word_1_48' title='bbox 1459 1094 1592 1172; x_wconf 88' lang='lat' dir='ltr'>scientia</span> <span class='ocrx_word' id='word_1_49' title='bbox 1610 1098 1842 1176; x_wconf 84' lang='lat' dir='ltr'>&amp;deliberata</span> <span class='ocrx_word' id='word_1_50' title='bbox 1868 1098 2025 1171; x_wconf 84' lang='lat' dir='ltr'>volunta·</span> 
     </span>
     <span class='ocr_line' id='line_1_6' title="bbox 363 1197 2026 1296; baseline -0.008 -12"><span class='ocrx_word' id='word_1_51' title='bbox 363 1220 432 1296; x_wconf 76' lang='lat' dir='ltr'>dtr.</span> <span class='ocrx_word' id='word_1_52' title='bbox 451 1211 488 1290; x_wconf 88' lang='lat' dir='ltr'>in</span> <span class='ocrx_word' id='word_1_53' title='bbox 504 1210 590 1280; x_wconf 86' lang='lat' dir='ltr'>hant</span> <span class='ocrx_word' id='word_1_54' title='bbox 613 1208 822 1281; x_wconf 85' lang='lat' dir='ltr'>devenerunt</span> <span class='ocrx_word' id='word_1_55' title='bbox 848 1205 1064 1294; x_wconf 83' lang='lat' dir='ltr'>opinionem,</span> <span class='ocrx_word' id='word_1_56' title='bbox 1087 1204 1178 1291; x_wconf 81' lang='lat' dir='ltr'>quod</span> <span class='ocrx_word' id='word_1_57' title='bbox 1202 1221 1236 1274; x_wconf 86' lang='lat' dir='ltr'>te</span> <span class='ocrx_word' id='word_1_58' title='bbox 1258 1219 1378 1273; x_wconf 88' lang='lat' dir='ltr'>contra</span> <span class='ocrx_word' id='word_1_59' title='bbox 1402 1197 1514 1289; x_wconf 89' lang='lat' dir='ltr'>legem</span> <span class='ocrx_word' id='word_1_60' title='bbox 1534 1201 1720 1290; x_wconf 83' lang='lat' dir='ltr'>peccarint3</span> <span class='ocrx_word' id='word_1_61' title='bbox 1751 1206 1924 1287; x_wconf 81' lang='lat' dir='ltr'>jamvero</span> <span class='ocrx_word' id='word_1_62' title='bbox 1944 1217 2026 1288; x_wconf 77' lang='lat' dir='ltr'>pea-</span> 
     </span>
     <span class='ocr_line' id='line_1_7' title="bbox 363 1298 2026 1403; baseline -0.01 -19"><span class='ocrx_word' id='word_1_63' title='bbox 363 1308 555 1403; x_wconf 73' lang='lat' dir='ltr'>polygamia</span> <span class='ocrx_word' id='word_1_64' title='bbox 578 1329 646 1378; x_wconf 88' lang='lat' dir='ltr'>oon</span> <span class='ocrx_word' id='word_1_65' title='bbox 663 1327 796 1397; x_wconf 81' lang='lat' dir='ltr'>pugnet</span> <span class='ocrx_word' id='word_1_66' title='bbox 813 1327 890 1380; x_wconf 87' lang='lat' dir='ltr'>eum</span> <span class='ocrx_word' id='word_1_67' title='bbox 906 1306 1016 1395; x_wconf 85' lang='lat' dir='ltr'>prima</span> <span class='ocrx_word' id='word_1_68' title='bbox 1029 1302 1179 1395; x_wconf 81' lang='lat' dir='ltr'>conjugii</span> <span class='ocrx_word' id='word_1_69' title='bbox 1203 1320 1276 1370; x_wconf 87' lang='lat' dir='ltr'>tata</span> <span class='ocrx_word' id='word_1_70' title='bbox 1293 1300 1490 1389; x_wconf 67' lang='lat' dir='ltr'>ignorantie</span> <span class='ocrx_word' id='word_1_71' title='bbox 1508 1300 1543 1369; x_wconf 91' lang='lat' dir='ltr'>in</span> <span class='ocrx_word' id='word_1_72' title='bbox 1566 1301 1687 1372; x_wconf 87' lang='lat' dir='ltr'>renatit</span> <span class='ocrx_word' id='word_1_73' title='bbox 1706 1322 1768 1387; x_wconf 88' lang='lat' dir='ltr'>pet</span> <span class='ocrx_word' id='word_1_74' title='bbox 1790 1298 2026 1387; x_wconf 73' lang='lat' dir='ltr'>ponitentiam</span> 
     </span>
     <span class='ocr_line' id='line_1_8' title="bbox 365 1394 2023 1492; baseline -0.01 -11"><span class='ocrx_word' id='word_1_75' title='bbox 365 1409 589 1492; x_wconf 78' lang='lat' dir='ltr'>inuitatione,</span> <span class='ocrx_word' id='word_1_76' title='bbox 604 1397 660 1478; x_wconf 89' lang='lat' dir='ltr'>sed</span> <span class='ocrx_word' id='word_1_77' title='bbox 679 1403 718 1477; x_wconf 84' lang='lat' dir='ltr'>sat</span> <span class='ocrx_word' id='word_1_78' title='bbox 736 1425 788 1477; x_wconf 82' lang='lat' dir='ltr'>rea</span> <span class='ocrx_word' id='word_1_79' title='bbox 805 1403 918 1478; x_wconf 86' lang='lat' dir='ltr'>media</span> <span class='ocrx_word' id='word_1_80' title='bbox 931 1414 966 1479; x_wconf 77' lang='grc' dir='ltr'>δι</span> <span class='ocrx_word' id='word_1_81' title='bbox 982 1400 1178 1491; x_wconf 82' lang='lat' dir='ltr'>adiaphorn.</span> <span class='ocrx_word' id='word_1_82' title='bbox 1205 1407 1241 1472; x_wconf 77' lang='grc' dir='ltr'>δι</span> <span class='ocrx_word' id='word_1_83' title='bbox 1262 1394 1363 1471; x_wconf 87' lang='lat' dir='ltr'>fidem</span> <span class='ocrx_word' id='word_1_84' title='bbox 1391 1399 1581 1470; x_wconf 88' lang='lat' dir='ltr'>redduntur</span> <span class='ocrx_word' id='word_1_85' title='bbox 1610 1395 1762 1470; x_wconf 85' lang='lat' dir='ltr'>venialia.</span> <span class='ocrx_word' id='word_1_86' title='bbox 1820 1397 1855 1469; x_wconf 81' lang='lat' dir='ltr'>si</span> <span class='ocrx_word' id='word_1_87' title='bbox 1880 1417 2023 1491; x_wconf 82' lang='lat' dir='ltr'>urgeas,</span> 
     </span>
     <span class='ocr_line' id='line_1_9' title="bbox 365 1492 2033 1600; baseline -0.011 -16"><span class='ocrx_word' id='word_1_88' title='bbox 365 1512 488 1600; x_wconf 66' lang='lat' dir='ltr'>,Neque</span> <span class='ocrx_word' id='word_1_89' title='bbox 504 1506 590 1596; x_wconf 75' lang='lat' dir='ltr'>hant</span> <span class='ocrx_word' id='word_1_90' title='bbox 610 1503 833 1596; x_wconf 77' lang='lat' dir='ltr'>ignorantiam</span> <span class='ocrx_word' id='word_1_91' title='bbox 852 1505 1026 1593; x_wconf 82' lang='lat' dir='ltr'>quisquam</span> <span class='ocrx_word' id='word_1_92' title='bbox 1045 1498 1182 1573; x_wconf 82' lang='lat' dir='ltr'>mirrbi·</span> <span class='ocrx_word' id='word_1_93' title='bbox 1200 1494 1385 1595; x_wconf 74' lang='lat' dir='ltr'>propbetas</span> <span class='ocrx_word' id='word_1_94' title='bbox 1400 1519 1465 1569; x_wconf 83' lang='lat' dir='ltr'>non</span> <span class='ocrx_word' id='word_1_95' title='bbox 1487 1492 1657 1595; x_wconf 81' lang='lat' dir='ltr'>damnaffe</span> <span class='ocrx_word' id='word_1_96' title='bbox 1674 1494 1936 1595; x_wconf 78' lang='lat' dir='ltr'>polygamiam,</span> <span class='ocrx_word' id='word_1_97' title='bbox 1951 1515 2033 1569; x_wconf 72' lang='lat' dir='ltr'>ram</span> 
     </span>
     <span class='ocr_line' id='line_1_10' title="bbox 260 1592 2025 1694; baseline -0.007 -12"><span class='ocrx_word' id='word_1_98' title='bbox 260 1604 263 1608; x_wconf 66' lang='grc'>’</span> <span class='ocrx_word' id='word_1_99' title='bbox 367 1628 446 1694; x_wconf 86' lang='lat' dir='ltr'>tur,</span> <span class='ocrx_word' id='word_1_100' title='bbox 470 1604 495 1680; x_wconf 83' lang='lat' dir='ltr'><strong>fi</strong></span> <span class='ocrx_word' id='word_1_101' title='bbox 517 1599 704 1680; x_wconf 78' lang='lat' dir='ltr'>confideret</span> <span class='ocrx_word' id='word_1_102' title='bbox 725 1607 830 1675; x_wconf 84' lang='lat' dir='ltr'>Evam</span> <span class='ocrx_word' id='word_1_103' title='bbox 849 1610 885 1675; x_wconf 83' lang='lat' dir='ltr'>dt</span> <span class='ocrx_word' id='word_1_104' title='bbox 901 1600 1104 1676; x_wconf 83' lang='lat' dir='ltr'>Lamechum</span> <span class='ocrx_word' id='word_1_105' title='bbox 1128 1623 1183 1673; x_wconf 84' lang='lat' dir='ltr'>er·</span> <span class='ocrx_word' id='word_1_106' title='bbox 1208 1608 1320 1672; x_wconf 80' lang='lat' dir='ltr'>tanea</span> <span class='ocrx_word' id='word_1_107' title='bbox 1341 1594 1416 1669; x_wconf 83' lang='lat' dir='ltr'>alia</span> <span class='ocrx_word' id='word_1_108' title='bbox 1429 1607 1567 1692; x_wconf 79' lang='lat' dir='ltr'>peccato</span> <span class='ocrx_word' id='word_1_109' title='bbox 1584 1595 1872 1694; x_wconf 66' lang='lat' dir='ltr'>reprehenderim</span> <span class='ocrx_word' id='word_1_110' title='bbox 1892 1592 2025 1670; x_wconf 75' lang='lat' dir='ltr'>recurri</span> 
     </span>
     <span class='ocr_line' id='line_1_11' title="bbox 366 1693 2027 1796; baseline -0.008 -15"><span class='ocrx_word' id='word_1_111' title='bbox 366 1703 451 1790; x_wconf 75' lang='lat' dir='ltr'>tolie</span> <span class='ocrx_word' id='word_1_112' title='bbox 474 1706 509 1796; x_wconf 83' lang='lat' dir='ltr'>in</span> <span class='ocrx_word' id='word_1_113' title='bbox 534 1697 676 1795; x_wconf 82' lang='lat' dir='ltr'>persona</span> <span class='ocrx_word' id='word_1_114' title='bbox 692 1697 819 1774; x_wconf 69' lang='lat' dir='ltr'>meist:</span> <span class='ocrx_word' id='word_1_115' title='bbox 845 1696 998 1790; x_wconf 82' lang='lat' dir='ltr'>promiffi</span> <span class='ocrx_word' id='word_1_116' title='bbox 1024 1698 1112 1786; x_wconf 85' lang='lat' dir='ltr'>illius</span> <span class='ocrx_word' id='word_1_117' title='bbox 1134 1693 1184 1773; x_wconf 91' lang='lat' dir='ltr'>se·</span> <span class='ocrx_word' id='word_1_118' title='bbox 1207 1693 1317 1790; x_wconf 83' lang='lat' dir='ltr'>posset</span> <span class='ocrx_word' id='word_1_119' title='bbox 1351 1700 1392 1769; x_wconf 90' lang='lat' dir='ltr'>ad</span> <span class='ocrx_word' id='word_1_120' title='bbox 1417 1699 1717 1784; x_wconf 80' lang='lat' dir='ltr'>Lev.XVlll.1&#39;8.</span> <span class='ocrx_word' id='word_1_121' title='bbox 1754 1698 1797 1768; x_wconf 93' lang='lat' dir='ltr'>de</span> <span class='ocrx_word' id='word_1_122' title='bbox 1818 1701 1914 1783; x_wconf 80' lang='lat' dir='ltr'>cujus</span> <span class='ocrx_word' id='word_1_123' title='bbox 1938 1693 2027 1785; x_wconf 75' lang='lat' dir='ltr'>legit</span> 
     </span>
     <span class='ocr_line' id='line_1_12' title="bbox 369 1790 2035 1891; baseline -0.001 -20"><span class='ocrx_word' id='word_1_124' title='bbox 369 1807 484 1887; x_wconf 71' lang='lat' dir='ltr'>ninia,</span> <span class='ocrx_word' id='word_1_125' title='bbox 510 1827 588 1876; x_wconf 86' lang='lat' dir='ltr'>eum</span> <span class='ocrx_word' id='word_1_126' title='bbox 619 1822 731 1874; x_wconf 88' lang='lat' dir='ltr'>tamen</span> <span class='ocrx_word' id='word_1_127' title='bbox 760 1803 870 1891; x_wconf 90' lang='lat' dir='ltr'>prima</span> <span class='ocrx_word' id='word_1_128' title='bbox 898 1794 1072 1891; x_wconf 86' lang='lat' dir='ltr'>promiffio</span> <span class='ocrx_word' id='word_1_129' title='bbox 1094 1795 1184 1872; x_wconf 87' lang='lat' dir='ltr'>elate</span> <span class='ocrx_word' id='word_1_130' title='bbox 1209 1798 1357 1889; x_wconf 87' lang='lat' dir='ltr'>genuino</span> <span class='ocrx_word' id='word_1_131' title='bbox 1380 1790 1473 1867; x_wconf 88' lang='lat' dir='ltr'>sensu</span> <span class='ocrx_word' id='word_1_132' title='bbox 1497 1796 1695 1869; x_wconf 62' lang='lat' dir='ltr'>tractabitur</span> <span class='ocrx_word' id='word_1_133' title='bbox 1714 1791 1874 1880; x_wconf 78' lang='lat' dir='ltr'>iuferius,</span> <span class='ocrx_word' id='word_1_134' title='bbox 1897 1804 1933 1869; x_wconf 79' lang='lat' dir='ltr'>dr</span> <span class='ocrx_word' id='word_1_135' title='bbox 1954 1797 2035 1876; x_wconf 70' lang='lat' dir='ltr'>Mu·</span> 
     </span>
     <span class='ocr_line' id='line_1_13' title="bbox 371 1886 2028 2005; baseline -0.003 -35"><span class='ocrx_word' id='word_1_136' title='bbox 371 1897 506 1970; x_wconf 84' lang='lat' dir='ltr'>testetur</span> <span class='ocrx_word' id='word_1_137' title='bbox 519 1898 673 1977; x_wconf 78' lang='lat' dir='ltr'>Meiliam</span> <span class='ocrx_word' id='word_1_138' title='bbox 692 1896 767 1971; x_wconf 84' lang='lat' dir='ltr'>fore</span> <span class='ocrx_word' id='word_1_139' title='bbox 784 1890 1038 2005; x_wconf 53' lang='lat' dir='ltr'>flandrigenae,</span> <span class='ocrx_word' id='word_1_140' title='bbox 1067 1917 1185 1987; x_wconf 85' lang='lat' dir='ltr'>utpote</span> <span class='ocrx_word' id='word_1_141' title='bbox 1209 1895 1295 1969; x_wconf 84' lang='lat' dir='ltr'>lach.</span> <span class='ocrx_word' id='word_1_142' title='bbox 1311 1900 1354 1967; x_wconf 88' lang='lat' dir='ltr'>ll.</span> <span class='ocrx_word' id='word_1_143' title='bbox 1371 1917 1425 1984; x_wconf 87' lang='lat'>¹4·</span> <span class='ocrx_word' id='word_1_144' title='bbox 1449 1893 1507 1965; x_wconf 91' lang='lat' dir='ltr'>ubi</span> <span class='ocrx_word' id='word_1_145' title='bbox 1522 1920 1591 1968; x_wconf 90' lang='lat' dir='ltr'>non</span> <span class='ocrx_word' id='word_1_146' title='bbox 1611 1892 1717 1969; x_wconf 88' lang='lat' dir='ltr'>solum</span> <span class='ocrx_word' id='word_1_147' title='bbox 1735 1895 1893 1984; x_wconf 88' lang='lat' dir='ltr'>repudia,</span> <span class='ocrx_word' id='word_1_148' title='bbox 1920 1886 1978 1963; x_wconf 89' lang='lat' dir='ltr'>sed</span> <span class='ocrx_word' id='word_1_149' title='bbox 1993 1901 2028 1965; x_wconf 81' lang='lat' dir='ltr'>dt</span> 
     </span>
     <span class='ocr_line' id='line_1_14' title="bbox 369 1990 2028 2091; baseline -0.003 -24"><span class='ocrx_word' id='word_1_150' title='bbox 369 1991 554 2086; x_wconf 87' lang='lat' dir='ltr'>serpentini</span> <span class='ocrx_word' id='word_1_151' title='bbox 566 2002 681 2091; x_wconf 71' lang='lat' dir='ltr'>rapitis</span> <span class='ocrx_word' id='word_1_152' title='bbox 702 1995 990 2081; x_wconf 66' lang='lat' dir='ltr'>conculcatorem</span> <span class='ocrx_word' id='word_1_153' title='bbox 1019 1994 1186 2087; x_wconf 83' lang='lat' dir='ltr'>fiexpen·</span> <span class='ocrx_word' id='word_1_154' title='bbox 1209 1994 1436 2087; x_wconf 71' lang='lat' dir='ltr'>polygamiam</span> <span class='ocrx_word' id='word_1_155' title='bbox 1468 1996 1594 2075; x_wconf 83' lang='lat' dir='ltr'>taxati,</span> <span class='ocrx_word' id='word_1_156' title='bbox 1632 2019 1701 2067; x_wconf 85' lang='lat' dir='ltr'>non</span> <span class='ocrx_word' id='word_1_157' title='bbox 1737 1993 1858 2082; x_wconf 81' lang='lat' dir='ltr'>injuria</span> <span class='ocrx_word' id='word_1_158' title='bbox 1890 1990 2028 2081; x_wconf 81' lang='lat' dir='ltr'>quidem</span> 
     </span>
     <span class='ocr_line' id='line_1_15' title="bbox 370 2087 2028 2188; baseline -0.003 -19"><span class='ocrx_word' id='word_1_159' title='bbox 370 2096 447 2175; x_wconf 80' lang='lat' dir='ltr'>dat,</span> <span class='ocrx_word' id='word_1_160' title='bbox 472 2096 585 2167; x_wconf 81' lang='lat' dir='ltr'>Sarum</span> <span class='ocrx_word' id='word_1_161' title='bbox 605 2096 838 2171; x_wconf 84' lang='lat' dir='ltr'>marriarcltam</span> <span class='ocrx_word' id='word_1_162' title='bbox 855 2096 892 2169; x_wconf 93' lang='lat' dir='ltr'>in</span> <span class='ocrx_word' id='word_1_163' title='bbox 909 2096 975 2170; x_wconf 86' lang='lat' dir='ltr'>hoe</span> <span class='ocrx_word' id='word_1_164' title='bbox 995 2092 1066 2188; x_wconf 95' lang='lat' dir='ltr'>ipso</span> <span class='ocrx_word' id='word_1_165' title='bbox 1084 2092 1186 2178; x_wconf 69' lang='lat' dir='ltr'>satio,</span> <span class='ocrx_word' id='word_1_166' title='bbox 1210 2095 1420 2186; x_wconf 79' lang='lat' dir='ltr'>existimant,</span> <span class='ocrx_word' id='word_1_167' title='bbox 1452 2087 1508 2164; x_wconf 88' lang='lat' dir='ltr'>sed</span> <span class='ocrx_word' id='word_1_168' title='bbox 1528 2105 1564 2168; x_wconf 77' lang='lat' dir='ltr'>dc</span> <span class='ocrx_word' id='word_1_169' title='bbox 1584 2090 1745 2182; x_wconf 81' lang='lat' dir='ltr'>exemplis</span> <span class='ocrx_word' id='word_1_170' title='bbox 1770 2089 2028 2180; x_wconf 69' lang='lat' dir='ltr'>quamplurimis</span> 
     </span>
     <span class='ocr_line' id='line_1_16' title="bbox 370 2193 2027 2286; baseline -0.003 -19"><span class='ocrx_word' id='word_1_171' title='bbox 370 2194 505 2286; x_wconf 74' lang='lat' dir='ltr'>quando</span> <span class='ocrx_word' id='word_1_172' title='bbox 528 2194 677 2284; x_wconf 85' lang='lat' dir='ltr'>Agarem</span> <span class='ocrx_word' id='word_1_173' title='bbox 705 2195 858 2284; x_wconf 82' lang='lat' dir='ltr'>ancillam</span> <span class='ocrx_word' id='word_1_174' title='bbox 893 2196 1014 2269; x_wconf 88' lang='lat' dir='ltr'>marito</span> <span class='ocrx_word' id='word_1_175' title='bbox 1044 2195 1185 2268; x_wconf 79' lang='lat' dir='ltr'>Abrahae</span> <span class='ocrx_word' id='word_1_176' title='bbox 1211 2194 1430 2268; x_wconf 83' lang='lat' dir='ltr'>demonstrari</span> <span class='ocrx_word' id='word_1_177' title='bbox 1451 2195 1578 2281; x_wconf 87' lang='lat' dir='ltr'>potest,</span> <span class='ocrx_word' id='word_1_178' title='bbox 1610 2216 1673 2264; x_wconf 90' lang='lat' dir='ltr'>nec</span> <span class='ocrx_word' id='word_1_179' title='bbox 1694 2193 1846 2262; x_wconf 88' lang='lat' dir='ltr'>omnium</span> <span class='ocrx_word' id='word_1_180' title='bbox 1870 2209 2027 2282; x_wconf 60' lang='lat' dir='ltr'>peceato,</span> 
     </span>
     <span class='ocr_line' id='line_1_17' title="bbox 371 2284 2026 2383; baseline -0.004 -16"><span class='ocrx_word' id='word_1_181' title='bbox 371 2290 565 2383; x_wconf 73' lang='lat' dir='ltr'>conjungit,</span> <span class='ocrx_word' id='word_1_182' title='bbox 589 2291 690 2363; x_wconf 80' lang='lat' dir='ltr'>etium</span> <span class='ocrx_word' id='word_1_183' title='bbox 712 2288 775 2362; x_wconf 90' lang='lat' dir='ltr'>alia</span> <span class='ocrx_word' id='word_1_184' title='bbox 806 2296 934 2368; x_wconf 84' lang='lat' dir='ltr'>ratione</span> <span class='ocrx_word' id='word_1_185' title='bbox 956 2321 975 2368; x_wconf 89' lang='lat' dir='ltr'>a</span> <span class='ocrx_word' id='word_1_186' title='bbox 997 2318 1080 2368; x_wconf 77' lang='lat' dir='ltr'>vero</span> <span class='ocrx_word' id='word_1_187' title='bbox 1101 2296 1187 2368; x_wconf 85' lang='lat' dir='ltr'>divi·</span> <span class='ocrx_word' id='word_1_188' title='bbox 1212 2318 1287 2366; x_wconf 89' lang='lat' dir='ltr'>rum</span> <span class='ocrx_word' id='word_1_189' title='bbox 1306 2289 1581 2380; x_wconf 78' lang='lat' dir='ltr'>reprehensores</span> <span class='ocrx_word' id='word_1_190' title='bbox 1601 2286 1665 2363; x_wconf 82' lang='lat' dir='ltr'>elle</span> <span class='ocrx_word' id='word_1_191' title='bbox 1683 2295 1872 2372; x_wconf 87' lang='lat' dir='ltr'>adnotatas,</span> <span class='ocrx_word' id='word_1_192' title='bbox 1896 2313 1961 2362; x_wconf 84' lang='lat' dir='ltr'>neo</span> <span class='ocrx_word' id='word_1_193' title='bbox 1977 2284 2026 2360; x_wconf 82' lang='lat' dir='ltr'>il·</span> 
     </span>
     <span class='ocr_line' id='line_1_18' title="bbox 368 2382 2027 2484; baseline -0.003 -19"><span class='ocrx_word' id='word_1_194' title='bbox 368 2418 421 2465; x_wconf 82' lang='lat' dir='ltr'>nae</span> <span class='ocrx_word' id='word_1_195' title='bbox 438 2382 661 2484; x_wconf 86' lang='lat' dir='ltr'>promillionis</span> <span class='ocrx_word' id='word_1_196' title='bbox 685 2382 776 2460; x_wconf 88' lang='lat' dir='ltr'>sensu</span> <span class='ocrx_word' id='word_1_197' title='bbox 802 2388 985 2473; x_wconf 77' lang='lat' dir='ltr'>aberrasse,</span> <span class='ocrx_word' id='word_1_198' title='bbox 1010 2396 1100 2483; x_wconf 84' lang='lat' dir='ltr'>quod</span> <span class='ocrx_word' id='word_1_199' title='bbox 1125 2394 1186 2463; x_wconf 84' lang='lat' dir='ltr'>sti·</span> <span class='ocrx_word' id='word_1_200' title='bbox 1211 2391 1324 2463; x_wconf 90' lang='lat' dir='ltr'>lorum</span> <span class='ocrx_word' id='word_1_201' title='bbox 1345 2385 1493 2479; x_wconf 89' lang='lat' dir='ltr'>ipsorum</span> <span class='ocrx_word' id='word_1_202' title='bbox 1519 2413 1760 2479; x_wconf 80' lang='lat' dir='ltr'>peceatorum,</span> <span class='ocrx_word' id='word_1_203' title='bbox 1791 2414 1864 2477; x_wconf 77' lang='lat' dir='ltr'>quae</span> <span class='ocrx_word' id='word_1_204' title='bbox 1888 2390 1925 2460; x_wconf 88' lang='lat' dir='ltr'>iu</span> <span class='ocrx_word' id='word_1_205' title='bbox 1949 2383 2027 2460; x_wconf 84' lang='lat' dir='ltr'>seri-</span> 
     </span>
     <span class='ocr_line' id='line_1_19' title="bbox 371 2481 2026 2582; baseline -0.002 -18"><span class='ocrx_word' id='word_1_206' title='bbox 371 2490 452 2564; x_wconf 89' lang='lat' dir='ltr'>licet</span> <span class='ocrx_word' id='word_1_207' title='bbox 477 2515 546 2561; x_wconf 91' lang='lat' dir='ltr'>non</span> <span class='ocrx_word' id='word_1_208' title='bbox 569 2510 610 2560; x_wconf 81' lang='lat' dir='ltr'>ex</span> <span class='ocrx_word' id='word_1_209' title='bbox 645 2483 771 2576; x_wconf 77' lang='lat' dir='ltr'>ipius,</span> <span class='ocrx_word' id='word_1_210' title='bbox 802 2481 858 2556; x_wconf 92' lang='lat' dir='ltr'>sed</span> <span class='ocrx_word' id='word_1_211' title='bbox 884 2486 1016 2563; x_wconf 83' lang='lat' dir='ltr'>alterius</span> <span class='ocrx_word' id='word_1_212' title='bbox 1040 2487 1186 2574; x_wconf 70' lang='lat' dir='ltr'>firmine</span> <span class='ocrx_word' id='word_1_213' title='bbox 1209 2491 1318 2582; x_wconf 85' lang='lat' dir='ltr'>pruris</span> <span class='ocrx_word' id='word_1_214' title='bbox 1336 2509 1584 2573; x_wconf 82' lang='lat' dir='ltr'>memorantur,</span> <span class='ocrx_word' id='word_1_215' title='bbox 1611 2484 1825 2576; x_wconf 86' lang='lat' dir='ltr'>descriptioni</span> <span class='ocrx_word' id='word_1_216' title='bbox 1850 2483 2026 2576; x_wconf 79' lang='lat' dir='ltr'>specialem</span> 
     </span>
     <span class='ocr_line' id='line_1_20' title="bbox 372 2581 2027 2678; baseline -0.001 -16"><span class='ocrx_word' id='word_1_217' title='bbox 372 2613 453 2662; x_wconf 85' lang='lat' dir='ltr'>rum</span> <span class='ocrx_word' id='word_1_218' title='bbox 468 2585 661 2660; x_wconf 80' lang='lat' dir='ltr'>Abrahamo</span> <span class='ocrx_word' id='word_1_219' title='bbox 690 2581 858 2657; x_wconf 88' lang='lat' dir='ltr'>consortio</span> <span class='ocrx_word' id='word_1_220' title='bbox 886 2586 981 2661; x_wconf 82' lang='lat' dir='ltr'>heres</span> <span class='ocrx_word' id='word_1_221' title='bbox 1009 2585 1046 2658; x_wconf 85' lang='lat' dir='ltr'>fit</span> <span class='ocrx_word' id='word_1_222' title='bbox 1074 2587 1181 2678; x_wconf 85' lang='lat' dir='ltr'>exspe-</span> <span class='ocrx_word' id='word_1_223' title='bbox 1211 2591 1354 2675; x_wconf 83' lang='lat' dir='ltr'>aliquam</span> <span class='ocrx_word' id='word_1_224' title='bbox 1383 2585 1675 2675; x_wconf 82' lang='lat' dir='ltr'>reprehensionem</span> <span class='ocrx_word' id='word_1_225' title='bbox 1700 2585 1830 2675; x_wconf 85' lang='lat' dir='ltr'>semper</span> <span class='ocrx_word' id='word_1_226' title='bbox 1853 2583 1919 2660; x_wconf 83' lang='lat' dir='ltr'>esl&#39;e</span> <span class='ocrx_word' id='word_1_227' title='bbox 1937 2589 2027 2675; x_wconf 83' lang='lat' dir='ltr'>adja-</span> 
     </span>
     <span class='ocr_line' id='line_1_21' title="bbox 374 2682 2024 2785; baseline -0.001 -25"><span class='ocrx_word' id='word_1_228' title='bbox 374 2690 534 2766; x_wconf 67' lang='lat' dir='ltr'>modos,</span> <span class='ocrx_word' id='word_1_229' title='bbox 559 2682 580 2756; x_wconf 85' lang='lat' dir='ltr'>fi</span> <span class='ocrx_word' id='word_1_230' title='bbox 603 2685 748 2776; x_wconf 81' lang='lat' dir='ltr'>cogitet,</span> <span class='ocrx_word' id='word_1_231' title='bbox 771 2705 893 2773; x_wconf 88' lang='lat' dir='ltr'>quanta</span> <span class='ocrx_word' id='word_1_232' title='bbox 921 2686 958 2757; x_wconf 84' lang='lat' dir='ltr'>lit</span> <span class='ocrx_word' id='word_1_233' title='bbox 981 2687 1028 2756; x_wconf 83' lang='lat' dir='ltr'>vis</span> <span class='ocrx_word' id='word_1_234' title='bbox 1050 2684 1187 2760; x_wconf 84' lang='lat' dir='ltr'>consue·</span> <span class='ocrx_word' id='word_1_235' title='bbox 1211 2692 1320 2767; x_wconf 70' lang='lat' dir='ltr'>uam,</span> <span class='ocrx_word' id='word_1_236' title='bbox 1345 2691 1431 2760; x_wconf 87' lang='lat' dir='ltr'>Gen.</span> <span class='ocrx_word' id='word_1_237' title='bbox 1447 2692 1538 2758; x_wconf 77' lang='lat' dir='ltr'>xix.</span> <span class='ocrx_word' id='word_1_238' title='bbox 1560 2713 1616 2774; x_wconf 87' lang='lat'>33.</span> <span class='ocrx_word' id='word_1_239' title='bbox 1661 2693 1778 2759; x_wconf 74' lang='lat' dir='ltr'>asam.</span> <span class='ocrx_word' id='word_1_240' title='bbox 1795 2687 1892 2759; x_wconf 85' lang='lat' dir='ltr'>XVI.</span> <span class='ocrx_word' id='word_1_241' title='bbox 1910 2713 1944 2785; x_wconf 85' lang='lat'>4.</span> <span class='ocrx_word' id='word_1_242' title='bbox 1961 2693 2024 2762; x_wconf 75' lang='lat' dir='ltr'>&amp;e</span> 
     </span>
     <span class='ocr_line' id='line_1_22' title="bbox 281 2779 2025 2879; baseline 0.001 -19"><span class='ocrx_word' id='word_1_243' title='bbox 281 2831 291 2840; x_wconf 91' lang='lat'>-</span> <span class='ocrx_word' id='word_1_244' title='bbox 375 2788 500 2860; x_wconf 75' lang='lat' dir='ltr'>tudinis</span> <span class='ocrx_word' id='word_1_245' title='bbox 520 2780 658 2874; x_wconf 84' lang='lat' dir='ltr'>publico</span> <span class='ocrx_word' id='word_1_246' title='bbox 686 2780 775 2871; x_wconf 88' lang='lat' dir='ltr'>quast</span> <span class='ocrx_word' id='word_1_247' title='bbox 800 2779 957 2855; x_wconf 80' lang='lat' dir='ltr'>consensu</span> <span class='ocrx_word' id='word_1_248' title='bbox 980 2810 1140 2874; x_wconf 83' lang='lat' dir='ltr'>receptae·,</span> <span class='ocrx_word' id='word_1_249' title='bbox 1166 2785 1187 2857; x_wconf 83' lang='lat' dir='ltr'>st</span> <span class='ocrx_word' id='word_1_250' title='bbox 1213 2784 1268 2858; x_wconf 89' lang='lat' dir='ltr'>sed</span> <span class='ocrx_word' id='word_1_251' title='bbox 1289 2809 1329 2857; x_wconf 84' lang='lat' dir='ltr'>ex</span> <span class='ocrx_word' id='word_1_252' title='bbox 1354 2783 1430 2877; x_wconf 89' lang='lat' dir='ltr'>lege</span> <span class='ocrx_word' id='word_1_253' title='bbox 1457 2807 1613 2875; x_wconf 86' lang='lat' dir='ltr'>tanquam</span> <span class='ocrx_word' id='word_1_254' title='bbox 1642 2786 1791 2879; x_wconf 87' lang='lat' dir='ltr'>generali</span> <span class='ocrx_word' id='word_1_255' title='bbox 1813 2783 2025 2877; x_wconf 66' lang='lat' dir='ltr'>regulam</span> 
     </span>
     <span class='ocr_line' id='line_1_23' title="bbox 373 2879 2025 2975; baseline -0.001 -15"><span class='ocrx_word' id='word_1_256' title='bbox 373 2890 412 2960; x_wconf 90' lang='lat' dir='ltr'>in</span> <span class='ocrx_word' id='word_1_257' title='bbox 444 2885 642 2960; x_wconf 83' lang='lat' dir='ltr'>memoriam</span> <span class='ocrx_word' id='word_1_258' title='bbox 678 2879 738 2953; x_wconf 79' lang='lat' dir='ltr'>sabi</span> <span class='ocrx_word' id='word_1_259' title='bbox 756 2905 926 2964; x_wconf 79' lang='lat' dir='ltr'>revocet,</span> <span class='ocrx_word' id='word_1_260' title='bbox 953 2905 1036 2954; x_wconf 84' lang='lat' dir='ltr'>¹non</span> <span class='ocrx_word' id='word_1_261' title='bbox 1057 2889 1192 2966; x_wconf 88' lang='lat' dir='ltr'>omnia,</span> <span class='ocrx_word' id='word_1_262' title='bbox 1213 2880 1276 2957; x_wconf 78' lang='lat' dir='ltr'>elie</span> <span class='ocrx_word' id='word_1_263' title='bbox 1300 2889 1490 2974; x_wconf 87' lang='lat' dir='ltr'>petendam.</span> <span class='ocrx_word' id='word_1_264' title='bbox 1543 2884 1651 2957; x_wconf 88' lang='lat' dir='ltr'>Probe</span> <span class='ocrx_word' id='word_1_265' title='bbox 1666 2887 1766 2957; x_wconf 89' lang='lat' dir='ltr'>etiam</span> <span class='ocrx_word' id='word_1_266' title='bbox 1783 2879 2025 2975; x_wconf 81' lang='lat' dir='ltr'>dispiciendum</span> 
     </span>
     <span class='ocr_line' id='line_1_24' title="bbox 377 2978 2025 3078; baseline 0 -20"><span class='ocrx_word' id='word_1_267' title='bbox 377 3010 450 3075; x_wconf 81' lang='lat' dir='ltr'>quar</span> <span class='ocrx_word' id='word_1_268' title='bbox 472 3010 492 3057; x_wconf 91' lang='lat' dir='ltr'>a</span> <span class='ocrx_word' id='word_1_269' title='bbox 513 2979 711 3072; x_wconf 86' lang='lat' dir='ltr'>patriarchis</span> <span class='ocrx_word' id='word_1_270' title='bbox 748 2983 859 3071; x_wconf 84' lang='lat' dir='ltr'>gesta,</span> <span class='ocrx_word' id='word_1_271' title='bbox 893 2978 1053 3070; x_wconf 88' lang='lat' dir='ltr'>aspiritu</span> <span class='ocrx_word' id='word_1_272' title='bbox 1081 2984 1187 3073; x_wconf 76' lang='lat' dir='ltr'>plena</span> <span class='ocrx_word' id='word_1_273' title='bbox 1213 2987 1305 3069; x_wconf 78' lang='lat' dir='ltr'>erit,</span> <span class='ocrx_word' id='word_1_274' title='bbox 1340 3010 1381 3053; x_wconf 90' lang='lat' dir='ltr'>an</span> <span class='ocrx_word' id='word_1_275' title='bbox 1408 2987 1443 3054; x_wconf 91' lang='lat' dir='ltr'>in</span> <span class='ocrx_word' id='word_1_276' title='bbox 1473 2983 1629 3076; x_wconf 89' lang='lat' dir='ltr'>conjugio</span> <span class='ocrx_word' id='word_1_277' title='bbox 1649 2985 1768 3075; x_wconf 76' lang='lat' dir='ltr'>jacobi</span> <span class='ocrx_word' id='word_1_278' title='bbox 1793 3007 1870 3055; x_wconf 87' lang='lat' dir='ltr'>cum</span> <span class='ocrx_word' id='word_1_279' title='bbox 1898 2981 2025 3078; x_wconf 72' lang='lat' dir='ltr'>duabus</span> 
     </span>
     <span class='ocr_line' id='line_1_25' title="bbox 377 3077 2023 3178; baseline -0.001 -20"><span class='ocrx_word' id='word_1_280' title='bbox 377 3083 577 3178; x_wconf 82' lang='lat' dir='ltr'>cognitionis</span> <span class='ocrx_word' id='word_1_281' title='bbox 600 3078 675 3153; x_wconf 90' lang='lat' dir='ltr'>luce</span> <span class='ocrx_word' id='word_1_282' title='bbox 697 3078 875 3168; x_wconf 78' lang='lat' dir='ltr'>illustrato,</span> <span class='ocrx_word' id='word_1_283' title='bbox 899 3077 954 3152; x_wconf 87' lang='lat' dir='ltr'>sed</span> <span class='ocrx_word' id='word_1_284' title='bbox 980 3085 1130 3168; x_wconf 74' lang='lat' dir='ltr'>quedam</span> <span class='ocrx_word' id='word_1_285' title='bbox 1148 3108 1188 3153; x_wconf 83' lang='lat' dir='ltr'>er</span> <span class='ocrx_word' id='word_1_286' title='bbox 1214 3079 1380 3153; x_wconf 86' lang='lat' dir='ltr'>sororibus</span> <span class='ocrx_word' id='word_1_287' title='bbox 1401 3078 1676 3170; x_wconf 83' lang='lat' dir='ltr'>dispensationem</span> <span class='ocrx_word' id='word_1_288' title='bbox 1706 3084 1853 3155; x_wconf 83' lang='lat' dir='ltr'>divinam</span> <span class='ocrx_word' id='word_1_289' title='bbox 1880 3083 2023 3156; x_wconf 79' lang='lat' dir='ltr'>statuent</span> 
     </span>
     <span class='ocr_line' id='line_1_26' title="bbox 376 3177 2030 3274; baseline 0 -19"><span class='ocrx_word' id='word_1_290' title='bbox 376 3183 581 3274; x_wconf 87' lang='lat' dir='ltr'>prudentia,</span> <span class='ocrx_word' id='word_1_291' title='bbox 620 3181 742 3251; x_wconf 89' lang='lat' dir='ltr'>timore</span> <span class='ocrx_word' id='word_1_292' title='bbox 766 3189 938 3253; x_wconf 82' lang='lat' dir='ltr'>&amp;errore</span> <span class='ocrx_word' id='word_1_293' title='bbox 965 3181 1089 3252; x_wconf 86' lang='lat' dir='ltr'>carnali</span> <span class='ocrx_word' id='word_1_294' title='bbox 1124 3178 1188 3255; x_wconf 83' lang='lat' dir='ltr'>else</span> <span class='ocrx_word' id='word_1_295' title='bbox 1214 3177 1391 3270; x_wconf 73' lang='lat' dir='ltr'>poil‘tmus?</span> <span class='ocrx_word' id='word_1_296' title='bbox 1415 3186 1504 3269; x_wconf 86' lang='lat' dir='ltr'>quod</span> <span class='ocrx_word' id='word_1_297' title='bbox 1531 3208 1608 3253; x_wconf 88' lang='lat' dir='ltr'>cum</span> <span class='ocrx_word' id='word_1_298' title='bbox 1638 3184 1789 3253; x_wconf 88' lang='lat' dir='ltr'>videatur</span> <span class='ocrx_word' id='word_1_299' title='bbox 1811 3186 1865 3255; x_wconf 84' lang='lat' dir='ltr'>vir</span> <span class='ocrx_word' id='word_1_300' title='bbox 1893 3179 2030 3255; x_wconf 75' lang='lat' dir='ltr'>admitti</span> 
     </span>
    </p>
   </div>
   <div class='ocr_carea' id='block_1_3' title="bbox 238 3273 2024 3380">
    <p class='ocr_par' dir='ltr' id='par_1_3' title="bbox 238 3273 2024 3380">
     <span class='ocr_line' id='line_1_27' title="bbox 238 3273 2024 3380; baseline 0.01 -38"><span class='ocrx_word' id='word_1_301' title='bbox 238 3351 247 3359; x_wconf 46' lang='grc'>,</span> <span class='ocrx_word' id='word_1_302' title='bbox 287 3321 294 3332; x_wconf 88' lang='lat'>-</span> <span class='ocrx_word' id='word_1_303' title='bbox 376 3278 556 3372; x_wconf 65' lang='lat' dir='ltr'>profetia,</span> <span class='ocrx_word' id='word_1_304' title='bbox 584 3298 703 3380; x_wconf 85' lang='lat' dir='ltr'>utpote</span> <span class='ocrx_word' id='word_1_305' title='bbox 724 3282 857 3366; x_wconf 89' lang='lat' dir='ltr'>quando</span> <span class='ocrx_word' id='word_1_306' title='bbox 877 3276 1046 3350; x_wconf 79' lang='lat' dir='ltr'>Abraham</span> <span class='ocrx_word' id='word_1_307' title='bbox 1075 3284 1186 3352; x_wconf 77' lang='lat' dir='ltr'>Sarum</span> <span class='ocrx_word' id='word_1_308' title='bbox 1213 3273 1303 3367; x_wconf 76' lang='lat' dir='ltr'>polle</span> <span class='ocrx_word' id='word_1_309' title='bbox 1328 3302 1443 3350; x_wconf 89' lang='lat' dir='ltr'>contra</span> <span class='ocrx_word' id='word_1_310' title='bbox 1470 3276 1652 3368; x_wconf 70' lang='lat' dir='ltr'>expressam</span> <span class='ocrx_word' id='word_1_311' title='bbox 1687 3279 1797 3371; x_wconf 85' lang='lat' dir='ltr'>legem</span> <span class='ocrx_word' id='word_1_312' title='bbox 1825 3276 2024 3360; x_wconf 71' lang='lat' dir='ltr'>Masticana»</span> 
     </span>
    </p>
   </div>
   <div class='ocr_carea' id='block_1_4' title="bbox 278 3368 2045 5152">
    <p class='ocr_par' dir='ltr' id='par_1_4' title="bbox 362 3368 2026 4683">
     <span class='ocr_line' id='line_1_28' title="bbox 375 3368 2025 3473; baseline 0.001 -20"><span class='ocrx_word' id='word_1_313' title='bbox 375 3382 468 3469; x_wconf 86' lang='lat' dir='ltr'>apud</span> <span class='ocrx_word' id='word_1_314' title='bbox 483 3372 657 3472; x_wconf 74' lang='lat' dir='ltr'>AEgyptios</span> <span class='ocrx_word' id='word_1_315' title='bbox 680 3398 779 3449; x_wconf 83' lang='lat' dir='ltr'>vocat</span> <span class='ocrx_word' id='word_1_316' title='bbox 798 3368 888 3448; x_wconf 88' lang='lat' dir='ltr'>suam</span> <span class='ocrx_word' id='word_1_317' title='bbox 903 3372 1054 3473; x_wconf 84' lang='lat' dir='ltr'>sororem</span> <span class='ocrx_word' id='word_1_318' title='bbox 1070 3373 1186 3452; x_wconf 89' lang='lat' dir='ltr'>Genes.</span> <span class='ocrx_word' id='word_1_319' title='bbox 1214 3382 1496 3463; x_wconf 80' lang='lat' dir='ltr'>Lev.XVlll.18.</span> <span class='ocrx_word' id='word_1_320' title='bbox 1524 3404 1596 3467; x_wconf 78' lang='lat' dir='ltr'>qua</span> <span class='ocrx_word' id='word_1_321' title='bbox 1619 3383 1718 3451; x_wconf 88' lang='lat' dir='ltr'>etiam</span> <span class='ocrx_word' id='word_1_322' title='bbox 1745 3382 1791 3452; x_wconf 83' lang='lat' dir='ltr'>est</span> <span class='ocrx_word' id='word_1_323' title='bbox 1813 3378 1866 3451; x_wconf 88' lang='lat' dir='ltr'>ler</span> <span class='ocrx_word' id='word_1_324' title='bbox 1894 3399 2025 3454; x_wconf 83' lang='lat' dir='ltr'>nature·</span> 
     </span>
     <span class='ocr_line' id='line_1_29' title="bbox 376 3474 2026 3569; baseline 0.002 -19"><span class='ocrx_word' id='word_1_325' title='bbox 376 3485 529 3566; x_wconf 80' lang='lat' dir='ltr'>Xll.13.</span> <span class='ocrx_word' id='word_1_326' title='bbox 554 3476 696 3563; x_wconf 87' lang='lat' dir='ltr'>&amp;apud</span> <span class='ocrx_word' id='word_1_327' title='bbox 719 3474 917 3547; x_wconf 84' lang='lat' dir='ltr'>Gerarenses</span> <span class='ocrx_word' id='word_1_328' title='bbox 944 3499 1082 3549; x_wconf 83' lang='lat' dir='ltr'>uxorem</span> <span class='ocrx_word' id='word_1_329' title='bbox 1115 3501 1187 3549; x_wconf 88' lang='lat' dir='ltr'>eam</span> <span class='ocrx_word' id='word_1_330' title='bbox 1213 3476 1271 3555; x_wconf 82' lang='lat' dir='ltr'>lis,</span> <span class='ocrx_word' id='word_1_331' title='bbox 1298 3479 1375 3548; x_wconf 90' lang='lat' dir='ltr'>inde</span> <span class='ocrx_word' id='word_1_332' title='bbox 1393 3476 1556 3569; x_wconf 88' lang='lat' dir='ltr'>colligere</span> <span class='ocrx_word' id='word_1_333' title='bbox 1579 3501 1769 3567; x_wconf 88' lang='lat' dir='ltr'>promtum,</span> <span class='ocrx_word' id='word_1_334' title='bbox 1796 3504 1864 3551; x_wconf 90' lang='lat' dir='ltr'>non</span> <span class='ocrx_word' id='word_1_335' title='bbox 1879 3475 1945 3552; x_wconf 83' lang='lat' dir='ltr'>esse</span> <span class='ocrx_word' id='word_1_336' title='bbox 1964 3482 2026 3554; x_wconf 86' lang='lat' dir='ltr'>im·</span> 
     </span>
     <span class='ocr_line' id='line_1_30' title="bbox 375 3569 2026 3672; baseline -0.001 -20"><span class='ocrx_word' id='word_1_337' title='bbox 375 3573 440 3652; x_wconf 86' lang='lat' dir='ltr'>eise</span> <span class='ocrx_word' id='word_1_338' title='bbox 455 3578 578 3648; x_wconf 87' lang='lat' dir='ltr'>iterum</span> <span class='ocrx_word' id='word_1_339' title='bbox 592 3569 771 3646; x_wconf 86' lang='lat' dir='ltr'>dislimulat</span> <span class='ocrx_word' id='word_1_340' title='bbox 786 3597 815 3646; x_wconf 87' lang='lat' dir='ltr'>c.</span> <span class='ocrx_word' id='word_1_341' title='bbox 825 3579 901 3647; x_wconf 85' lang='lat' dir='ltr'>XX.</span> <span class='ocrx_word' id='word_1_342' title='bbox 919 3599 950 3647; x_wconf 86' lang='lat'>2.</span> <span class='ocrx_word' id='word_1_343' title='bbox 991 3575 1076 3648; x_wconf 74' lang='lat' dir='ltr'>Filia</span> <span class='ocrx_word' id='word_1_344' title='bbox 1090 3573 1190 3648; x_wconf 84' lang='lat' dir='ltr'>Lothi</span> <span class='ocrx_word' id='word_1_345' title='bbox 1214 3578 1390 3648; x_wconf 84' lang='lat' dir='ltr'>mediatam</span> <span class='ocrx_word' id='word_1_346' title='bbox 1410 3576 1670 3664; x_wconf 77' lang='lat' dir='ltr'>oppositionem:</span> <span class='ocrx_word' id='word_1_347' title='bbox 1697 3583 1765 3649; x_wconf 78' lang='lat' dir='ltr'>Aut</span> <span class='ocrx_word' id='word_1_348' title='bbox 1786 3579 1820 3648; x_wconf 90' lang='lat' dir='ltr'>in</span> <span class='ocrx_word' id='word_1_349' title='bbox 1834 3576 2026 3672; x_wconf 80' lang='lat' dir='ltr'>polygamit</span> 
     </span>
     <span class='ocr_line' id='line_1_31' title="bbox 375 3669 2023 3769; baseline 0.001 -19"><span class='ocrx_word' id='word_1_350' title='bbox 375 3675 479 3751; x_wconf 89' lang='lat' dir='ltr'>dubio</span> <span class='ocrx_word' id='word_1_351' title='bbox 500 3670 620 3768; x_wconf 84' lang='lat' dir='ltr'>procul</span> <span class='ocrx_word' id='word_1_352' title='bbox 644 3673 681 3743; x_wconf 92' lang='lat' dir='ltr'>in</span> <span class='ocrx_word' id='word_1_353' title='bbox 704 3669 799 3744; x_wconf 87' lang='lat' dir='ltr'>omni</span> <span class='ocrx_word' id='word_1_354' title='bbox 821 3674 946 3762; x_wconf 88' lang='lat' dir='ltr'>pietate</span> <span class='ocrx_word' id='word_1_355' title='bbox 966 3681 1001 3750; x_wconf 80' lang='lat' dir='ltr'>dr</span> <span class='ocrx_word' id='word_1_356' title='bbox 1020 3671 1188 3748; x_wconf 78' lang='lat' dir='ltr'>honestate</span> <span class='ocrx_word' id='word_1_357' title='bbox 1213 3677 1425 3747; x_wconf 86' lang='lat' dir='ltr'>concedenda</span> <span class='ocrx_word' id='word_1_358' title='bbox 1446 3677 1492 3746; x_wconf 75' lang='lat' dir='ltr'>eli</span> <span class='ocrx_word' id='word_1_359' title='bbox 1512 3672 1726 3767; x_wconf 84' lang='lat' dir='ltr'>dispensatio,</span> <span class='ocrx_word' id='word_1_360' title='bbox 1750 3699 1806 3747; x_wconf 90' lang='lat' dir='ltr'>aut</span> <span class='ocrx_word' id='word_1_361' title='bbox 1828 3700 1941 3767; x_wconf 81' lang='lat' dir='ltr'>patrer</span> <span class='ocrx_word' id='word_1_362' title='bbox 1963 3702 2023 3769; x_wconf 89' lang='lat' dir='ltr'>po·</span> 
     </span>
     <span class='ocr_line' id='line_1_32' title="bbox 373 3770 2023 3867; baseline 0.002 -21"><span class='ocrx_word' id='word_1_363' title='bbox 373 3795 549 3867; x_wconf 85' lang='lat' dir='ltr'>aparente</span> <span class='ocrx_word' id='word_1_364' title='bbox 565 3772 719 3844; x_wconf 76' lang='lat' dir='ltr'>instituta</span> <span class='ocrx_word' id='word_1_365' title='bbox 741 3793 810 3842; x_wconf 85' lang='lat' dir='ltr'>nou</span> <span class='ocrx_word' id='word_1_366' title='bbox 832 3770 978 3843; x_wconf 82' lang='lat' dir='ltr'>libidinis</span> <span class='ocrx_word' id='word_1_367' title='bbox 997 3772 1187 3864; x_wconf 83' lang='lat' dir='ltr'>explendae,</span> <span class='ocrx_word' id='word_1_368' title='bbox 1213 3772 1337 3863; x_wconf 78' lang='lat' dir='ltr'>lygami</span> <span class='ocrx_word' id='word_1_369' title='bbox 1363 3775 1516 3846; x_wconf 79' lang='lat' dir='ltr'>vixerunt</span> <span class='ocrx_word' id='word_1_370' title='bbox 1544 3778 1580 3847; x_wconf 91' lang='lat' dir='ltr'>in</span> <span class='ocrx_word' id='word_1_371' title='bbox 1599 3797 1737 3866; x_wconf 85' lang='lat' dir='ltr'>peceato</span> <span class='ocrx_word' id='word_1_372' title='bbox 1761 3780 1837 3848; x_wconf 70' lang='lat' dir='ltr'>adiu</span> <span class='ocrx_word' id='word_1_373' title='bbox 1867 3777 2023 3859; x_wconf 71' lang='lat' dir='ltr'>mortalit</span> 
     </span>
     <span class='ocr_line' id='line_1_33' title="bbox 375 3863 2025 3968; baseline 0.002 -22"><span class='ocrx_word' id='word_1_374' title='bbox 375 3869 432 3948; x_wconf 92' lang='lat' dir='ltr'>sed</span> <span class='ocrx_word' id='word_1_375' title='bbox 452 3871 556 3968; x_wconf 86' lang='lat' dir='ltr'>prolia</span> <span class='ocrx_word' id='word_1_376' title='bbox 575 3863 787 3964; x_wconf 76' lang='lat' dir='ltr'>suscipiende</span> <span class='ocrx_word' id='word_1_377' title='bbox 806 3868 968 3943; x_wconf 77' lang='lat' dir='ltr'>defiderio</span> <span class='ocrx_word' id='word_1_378' title='bbox 990 3872 1188 3947; x_wconf 85' lang='lat' dir='ltr'>stolidum&amp;</span> <span class='ocrx_word' id='word_1_379' title='bbox 1212 3873 1302 3944; x_wconf 89' lang='lat' dir='ltr'>idem</span> <span class='ocrx_word' id='word_1_380' title='bbox 1320 3875 1408 3944; x_wconf 87' lang='lat' dir='ltr'>enim</span> <span class='ocrx_word' id='word_1_381' title='bbox 1430 3878 1470 3944; x_wconf 90' lang='lat' dir='ltr'>de</span> <span class='ocrx_word' id='word_1_382' title='bbox 1479 3876 1598 3964; x_wconf 90' lang='lat' dir='ltr'>Jacobi</span> <span class='ocrx_word' id='word_1_383' title='bbox 1616 3876 1806 3967; x_wconf 79' lang='lat' dir='ltr'>polygamia</span> <span class='ocrx_word' id='word_1_384' title='bbox 1823 3878 1890 3962; x_wconf 83' lang='lat' dir='ltr'>dici</span> <span class='ocrx_word' id='word_1_385' title='bbox 1908 3879 2025 3965; x_wconf 84' lang='lat' dir='ltr'>potell,</span> 
     </span>
     <span class='ocr_line' id='line_1_34' title="bbox 374 3961 2023 4066; baseline 0.003 -20"><span class='ocrx_word' id='word_1_386' title='bbox 374 3972 497 4046; x_wconf 81' lang='lat' dir='ltr'>diviuae</span> <span class='ocrx_word' id='word_1_387' title='bbox 527 3967 600 4062; x_wconf 89' lang='lat' dir='ltr'>legi</span> <span class='ocrx_word' id='word_1_388' title='bbox 633 3961 809 4042; x_wconf 82' lang='lat' dir='ltr'>adversum</span> <span class='ocrx_word' id='word_1_389' title='bbox 849 3971 985 4058; x_wconf 86' lang='lat' dir='ltr'>capiunt</span> <span class='ocrx_word' id='word_1_390' title='bbox 1017 3968 1188 4044; x_wconf 79' lang='lat' dir='ltr'>confilium</span> <span class='ocrx_word' id='word_1_391' title='bbox 1213 3972 1249 4042; x_wconf 90' lang='lat' dir='ltr'>in</span> <span class='ocrx_word' id='word_1_392' title='bbox 1279 3997 1342 4060; x_wconf 85' lang='lat' dir='ltr'>qua</span> <span class='ocrx_word' id='word_1_393' title='bbox 1376 3995 1488 4044; x_wconf 85' lang='lat' dir='ltr'>tamen</span> <span class='ocrx_word' id='word_1_394' title='bbox 1517 3978 1628 4048; x_wconf 87' lang='lat' dir='ltr'>divina</span> <span class='ocrx_word' id='word_1_395' title='bbox 1652 3980 1803 4065; x_wconf 72' lang='lat' dir='ltr'>quedam</span> <span class='ocrx_word' id='word_1_396' title='bbox 1829 3975 2023 4066; x_wconf 86' lang='lat' dir='ltr'>dispensatio</span> 
     </span>
     <span class='ocr_line' id='line_1_35' title="bbox 375 4064 2024 4166; baseline 0.004 -21"><span class='ocrx_word' id='word_1_397' title='bbox 375 4075 577 4159; x_wconf 80' lang='lat' dir='ltr'>e.XlX.3t.</span> <span class='ocrx_word' id='word_1_398' title='bbox 629 4068 692 4140; x_wconf 86' lang='lat' dir='ltr'>Sed</span> <span class='ocrx_word' id='word_1_399' title='bbox 708 4064 768 4137; x_wconf 81' lang='lat' dir='ltr'>laos</span> <span class='ocrx_word' id='word_1_400' title='bbox 787 4090 825 4138; x_wconf 86' lang='lat' dir='ltr'>uc</span> <span class='ocrx_word' id='word_1_401' title='bbox 840 4064 1093 4155; x_wconf 76' lang='lat' dir='ltr'>iimilesnaevos,</span> <span class='ocrx_word' id='word_1_402' title='bbox 1118 4068 1189 4143; x_wconf 84' lang='lat' dir='ltr'>haee</span> <span class='ocrx_word' id='word_1_403' title='bbox 1215 4074 1270 4143; x_wconf 83' lang='lat' dir='ltr'>vit</span> <span class='ocrx_word' id='word_1_404' title='bbox 1305 4067 1406 4159; x_wconf 83' lang='lat' dir='ltr'>poffit</span> <span class='ocrx_word' id='word_1_405' title='bbox 1436 4074 1555 4157; x_wconf 87' lang='lat' dir='ltr'>statui,</span> <span class='ocrx_word' id='word_1_406' title='bbox 1590 4080 1690 4148; x_wconf 87' lang='lat' dir='ltr'>datur</span> <span class='ocrx_word' id='word_1_407' title='bbox 1721 4077 1828 4166; x_wconf 85' lang='lat' dir='ltr'>igitur</span> <span class='ocrx_word' id='word_1_408' title='bbox 1862 4078 2024 4158; x_wconf 83' lang='lat' dir='ltr'>tertium,</span> 
     </span>
     <span class='ocr_line' id='line_1_36' title="bbox 362 4161 2024 4266; baseline 0.004 -23"><span class='ocrx_word' id='word_1_409' title='bbox 362 4189 513 4262; x_wconf 76' lang='lat' dir='ltr'>peccata</span> <span class='ocrx_word' id='word_1_410' title='bbox 531 4166 727 4260; x_wconf 71' lang='lat' dir='ltr'>ignorantia</span> <span class='ocrx_word' id='word_1_411' title='bbox 751 4174 786 4239; x_wconf 78' lang='grc' dir='ltr'>δι</span> <span class='ocrx_word' id='word_1_412' title='bbox 803 4161 1003 4237; x_wconf 84' lang='lat' dir='ltr'>infirmitatis</span> <span class='ocrx_word' id='word_1_413' title='bbox 1017 4173 1110 4242; x_wconf 83' lang='lat' dir='ltr'>Deus</span> <span class='ocrx_word' id='word_1_414' title='bbox 1136 4168 1188 4243; x_wconf 88' lang='lat' dir='ltr'>vel</span> <span class='ocrx_word' id='word_1_415' title='bbox 1213 4173 1302 4259; x_wconf 89' lang='lat' dir='ltr'>quod</span> <span class='ocrx_word' id='word_1_416' title='bbox 1325 4168 1446 4242; x_wconf 85' lang='lat' dir='ltr'>seilicet</span> <span class='ocrx_word' id='word_1_417' title='bbox 1466 4171 1655 4265; x_wconf 79' lang='lat' dir='ltr'>polygamia</span> <span class='ocrx_word' id='word_1_418' title='bbox 1677 4176 1711 4245; x_wconf 92' lang='lat' dir='ltr'>in</span> <span class='ocrx_word' id='word_1_419' title='bbox 1738 4171 1925 4264; x_wconf 86' lang='lat' dir='ltr'>sequidem</span> <span class='ocrx_word' id='word_1_420' title='bbox 1946 4199 2024 4266; x_wconf 86' lang='lat' dir='ltr'>per·</span> 
     </span>
     <span class='ocr_line' id='line_1_37' title="bbox 373 4254 2023 4364; baseline 0.002 -21"><span class='ocrx_word' id='word_1_421' title='bbox 373 4267 420 4344; x_wconf 92' lang='lat' dir='ltr'>ob</span> <span class='ocrx_word' id='word_1_422' title='bbox 434 4268 657 4357; x_wconf 60' lang='lat' dir='ltr'>taujandam,</span> <span class='ocrx_word' id='word_1_423' title='bbox 677 4261 730 4338; x_wconf 82' lang='lat' dir='ltr'>uel</span> <span class='ocrx_word' id='word_1_424' title='bbox 751 4254 941 4353; x_wconf 88' lang='lat' dir='ltr'>sequentem</span> <span class='ocrx_word' id='word_1_425' title='bbox 959 4268 1189 4356; x_wconf 73' lang='lat' dir='ltr'>peonitentiam</span> <span class='ocrx_word' id='word_1_426' title='bbox 1213 4289 1323 4341; x_wconf 87' lang='lat' dir='ltr'>catum</span> <span class='ocrx_word' id='word_1_427' title='bbox 1344 4267 1462 4355; x_wconf 82' lang='lat' dir='ltr'>suerit,</span> <span class='ocrx_word' id='word_1_428' title='bbox 1483 4275 1618 4345; x_wconf 88' lang='lat' dir='ltr'>interim</span> <span class='ocrx_word' id='word_1_429' title='bbox 1641 4296 1753 4344; x_wconf 89' lang='lat' dir='ltr'>tamen</span> <span class='ocrx_word' id='word_1_430' title='bbox 1770 4271 1938 4361; x_wconf 80' lang='lat' dir='ltr'>patribus,</span> <span class='ocrx_word' id='word_1_431' title='bbox 1968 4274 2023 4364; x_wconf 83' lang='lat' dir='ltr'>qui</span> 
     </span>
     <span class='ocr_line' id='line_1_38' title="bbox 362 4362 2023 4467; baseline 0.002 -26"><span class='ocrx_word' id='word_1_432' title='bbox 362 4366 527 4460; x_wconf 69' lang='lat' dir='ltr'>‚patrium</span> <span class='ocrx_word' id='word_1_433' title='bbox 552 4362 776 4442; x_wconf 81' lang='lat' dir='ltr'>condonavit,</span> <span class='ocrx_word' id='word_1_434' title='bbox 813 4371 848 4436; x_wconf 75' lang='grc' dir='ltr'>δι</span> <span class='ocrx_word' id='word_1_435' title='bbox 868 4386 1011 4455; x_wconf 87' lang='lat' dir='ltr'>propter</span> <span class='ocrx_word' id='word_1_436' title='bbox 1035 4365 1187 4441; x_wconf 75' lang='lat' dir='ltr'>Melitam</span> <span class='ocrx_word' id='word_1_437' title='bbox 1211 4389 1385 4455; x_wconf 88' lang='lat' dir='ltr'>peccatum</span> <span class='ocrx_word' id='word_1_438' title='bbox 1409 4369 1560 4442; x_wconf 82' lang='lat' dir='ltr'>ramesse</span> <span class='ocrx_word' id='word_1_439' title='bbox 1580 4368 1872 4467; x_wconf 88' lang='lat' dir='ltr'>ignorarunt‚fide</span> <span class='ocrx_word' id='word_1_440' title='bbox 1893 4368 2023 4448; x_wconf 79' lang='lat' dir='ltr'>inldes·</span> 
     </span>
     <span class='ocr_line' id='line_1_39' title="bbox 375 4455 2022 4597; baseline -0.001 -53"><span class='ocrx_word' id='word_1_441' title='bbox 375 4492 458 4544; x_wconf 77' lang='lat' dir='ltr'>vera</span> <span class='ocrx_word' id='word_1_442' title='bbox 472 4464 539 4540; x_wconf 85' lang='lat' dir='ltr'>lide</span> <span class='ocrx_word' id='word_1_443' title='bbox 560 4455 803 4552; x_wconf 79' lang='lat' dir='ltr'>adprehensum</span> <span class='ocrx_word' id='word_1_444' title='bbox 827 4462 862 4534; x_wconf 92' lang='lat' dir='ltr'>in</span> <span class='ocrx_word' id='word_1_445' title='bbox 887 4466 1029 4555; x_wconf 86' lang='lat' dir='ltr'>gratiam</span> <span class='ocrx_word' id='word_1_446' title='bbox 1059 4491 1115 4540; x_wconf 85' lang='lat' dir='ltr'>eos</span> <span class='ocrx_word' id='word_1_447' title='bbox 1134 4491 1187 4539; x_wconf 87' lang='lat' dir='ltr'>re·</span> <span class='ocrx_word' id='word_1_448' title='bbox 1211 4462 1289 4538; x_wconf 85' lang='lat' dir='ltr'>stam</span> <span class='ocrx_word' id='word_1_449' title='bbox 1302 4461 1582 4544; x_wconf 84' lang='lat' dir='ltr'>fuisseremiisum.</span> <span class='ocrx_word' id='word_1_450' title='bbox 1606 4472 1762 4566; x_wconf 81' lang='lat' dir='ltr'>Adquin·</span> <span class='ocrx_word' id='word_1_451' title='bbox 1848 4516 1891 4596; x_wconf 65' lang='grc'>)6</span> <span class='ocrx_word' id='word_1_452' title='bbox 1906 4467 1971 4591; x_wconf 49' lang='lat'>5&amp;</span> <span class='ocrx_word' id='word_1_453' title='bbox 2008 4517 2022 4597; x_wconf 74' lang='grc'><strong>)</strong></span> 
     </span>
     <span class='ocr_line' id='line_1_40' title="bbox 373 4533 2005 4683; baseline 0.005 -44"><span class='ocrx_word' id='word_1_454' title='bbox 373 4565 480 4655; x_wconf 74' lang='lat' dir='ltr'>oepit</span> <span class='ocrx_word' id='word_1_455' title='bbox 528 4563 562 4637; x_wconf 85' lang='lat' dir='ltr'>Si</span> <span class='ocrx_word' id='word_1_456' title='bbox 579 4553 819 4674; x_wconf 58' lang='lat' dir='ltr'>memphites</span> <span class='ocrx_word' id='word_1_457' title='bbox 834 4583 901 4635; x_wconf 84' lang='lat' dir='ltr'>non</span> <span class='ocrx_word' id='word_1_458' title='bbox 916 4559 1015 4660; x_wconf 80' lang='lat' dir='ltr'>egiffi</span> <span class='ocrx_word' id='word_1_459' title='bbox 1034 4563 1074 4637; x_wconf 80' lang='lat' dir='ltr'>de</span> <span class='ocrx_word' id='word_1_460' title='bbox 1089 4564 1187 4662; x_wconf 78' lang='lat' dir='ltr'>poly·</span> <span class='ocrx_word' id='word_1_461' title='bbox 1212 4576 1282 4638; x_wconf 76' lang='lat' dir='ltr'>ium</span> <span class='ocrx_word' id='word_1_462' title='bbox 1297 4575 1333 4640; x_wconf 76' lang='grc' dir='ltr'>δε</span> <span class='ocrx_word' id='word_1_463' title='bbox 1341 4563 1479 4664; x_wconf 81' lang='lat' dir='ltr'>sextum</span> <span class='ocrx_word' id='word_1_464' title='bbox 1488 4565 1680 4659; x_wconf 87' lang='lat' dir='ltr'>responderi</span> <span class='ocrx_word' id='word_1_465' title='bbox 1698 4596 1757 4660; x_wconf 84' lang='lat' dir='ltr'>po·</span> <span class='ocrx_word' id='word_1_466' title='bbox 1838 4533 2005 4683; x_wconf 46' lang='lat' dir='ltr'>,absuri</span> 
     </span>
    </p>

    <p class='ocr_par' dir='ltr' id='par_1_5' title="bbox 376 4661 2014 4763">
     <span class='ocr_line' id='line_1_41' title="bbox 376 4661 2014 4763; baseline 0.005 -26"><span class='ocrx_word' id='word_1_467' title='bbox 376 4662 498 4762; x_wconf 72' lang='lat' dir='ltr'>gamin</span> <span class='ocrx_word' id='word_1_468' title='bbox 526 4670 788 4758; x_wconf 73' lang='lat' dir='ltr'>paenitentiam,</span> <span class='ocrx_word' id='word_1_469' title='bbox 826 4661 1096 4755; x_wconf 81' lang='lat' dir='ltr'>distinguendum</span> <span class='ocrx_word' id='word_1_470' title='bbox 1124 4668 1187 4738; x_wconf 89' lang='lat' dir='ltr'>erit</span> <span class='ocrx_word' id='word_1_471' title='bbox 1212 4668 1273 4737; x_wconf 87' lang='lat' dir='ltr'>test</span> <span class='ocrx_word' id='word_1_472' title='bbox 1312 4691 1352 4737; x_wconf 86' lang='lat' dir='ltr'>ex</span> <span class='ocrx_word' id='word_1_473' title='bbox 1375 4670 1490 4741; x_wconf 83' lang='lat' dir='ltr'>iisdem</span> <span class='ocrx_word' id='word_1_474' title='bbox 1524 4667 1757 4742; x_wconf 84' lang='lat' dir='ltr'>fundamentis.</span> <span class='ocrx_word' id='word_1_475' title='bbox 1809 4678 1877 4752; x_wconf 81' lang='lat' dir='ltr'>dis,</span> <span class='ocrx_word' id='word_1_476' title='bbox 1905 4679 2014 4763; x_wconf 80' lang='lat' dir='ltr'>quar&#39;</span> 
     </span>
    </p>

    <p class='ocr_par' dir='ltr' id='par_1_6' title="bbox 376 4758 2006 4855">
     <span class='ocr_line' id='line_1_42' title="bbox 376 4758 2006 4855; baseline 0.003 -18"><span class='ocrx_word' id='word_1_477' title='bbox 376 4768 466 4838; x_wconf 88' lang='lat' dir='ltr'>iuter</span> <span class='ocrx_word' id='word_1_478' title='bbox 483 4761 716 4851; x_wconf 85' lang='lat' dir='ltr'>poeniteutiam</span> <span class='ocrx_word' id='word_1_479' title='bbox 739 4758 933 4852; x_wconf 87' lang='lat' dir='ltr'>generalem</span> <span class='ocrx_word' id='word_1_480' title='bbox 949 4770 985 4836; x_wconf 80' lang='lat' dir='ltr'>dt</span> <span class='ocrx_word' id='word_1_481' title='bbox 999 4758 1186 4853; x_wconf 85' lang='lat' dir='ltr'>specialem.</span> <span class='ocrx_word' id='word_1_482' title='bbox 1213 4769 1339 4855; x_wconf 88' lang='lat' dir='ltr'>Magna</span> <span class='ocrx_word' id='word_1_483' title='bbox 1349 4769 1483 4852; x_wconf 87' lang='lat' dir='ltr'>quidem</span> <span class='ocrx_word' id='word_1_484' title='bbox 1497 4767 1554 4841; x_wconf 86' lang='lat' dir='ltr'>lux</span> <span class='ocrx_word' id='word_1_485' title='bbox 1571 4771 1689 4839; x_wconf 83' lang='lat' dir='ltr'>divinar</span> <span class='ocrx_word' id='word_1_486' title='bbox 1699 4794 1756 4841; x_wconf 88' lang='lat' dir='ltr'>ro·</span> <span class='ocrx_word' id='word_1_487' title='bbox 1806 4776 1824 4818; x_wconf 58' lang='grc' dir='ltr'><strong><em>θ</em></strong></span> <span class='ocrx_word' id='word_1_488' title='bbox 1849 4763 2006 4825; x_wconf 58' lang='lat' dir='ltr'>mimmii</span> 
     </span>
    </p>

    <p class='ocr_par' dir='ltr' id='par_1_7' title="bbox 278 4836 2045 5152">
     <span class='ocr_line' id='line_1_43' title="bbox 379 4836 2029 5006; baseline 0.003 -70"><span class='ocrx_word' id='word_1_489' title='bbox 379 4860 680 4974; x_wconf 69' lang='lat' dir='ltr'>Quamtiapatrea</span> <span class='ocrx_word' id='word_1_490' title='bbox 699 4863 737 4974; x_wconf 73' lang='lat' dir='ltr'>iu</span> <span class='ocrx_word' id='word_1_491' title='bbox 752 4854 865 4973; x_wconf 68' lang='lat' dir='ltr'>specie</span> <span class='ocrx_word' id='word_1_492' title='bbox 892 4861 935 4931; x_wconf 91' lang='lat' dir='ltr'>de</span> <span class='ocrx_word' id='word_1_493' title='bbox 962 4858 1027 4933; x_wconf 87' lang='lat' dir='ltr'>hoc</span> <span class='ocrx_word' id='word_1_494' title='bbox 1049 4884 1187 4954; x_wconf 87' lang='lat' dir='ltr'>peceato</span> <span class='ocrx_word' id='word_1_495' title='bbox 1212 4862 1446 4955; x_wconf 83' lang='lat' dir='ltr'>gnitionirfuit</span> <span class='ocrx_word' id='word_1_496' title='bbox 1461 4869 1495 4938; x_wconf 94' lang='lat' dir='ltr'>in</span> <span class='ocrx_word' id='word_1_497' title='bbox 1512 4867 1661 4956; x_wconf 85' lang='lat' dir='ltr'>patribus</span> <span class='ocrx_word' id='word_1_498' title='bbox 1684 4894 1750 4942; x_wconf 84' lang='lat' dir='ltr'>vet.</span> <span class='ocrx_word' id='word_1_499' title='bbox 1825 4836 1975 5006; x_wconf 55' lang='lat' dir='ltr'>hissm</span> <span class='ocrx_word' id='word_1_500' title='bbox 1996 4851 2029 4914; x_wconf 38' lang='grc' dir='ltr'>ἶ</span> 
     </span>
     <span class='ocr_line' id='line_1_44' title="bbox 377 4962 2045 5058; baseline 0.004 -22"><span class='ocrx_word' id='word_1_501' title='bbox 377 4986 447 5036; x_wconf 89' lang='lat' dir='ltr'>uon</span> <span class='ocrx_word' id='word_1_502' title='bbox 464 4978 598 5053; x_wconf 83' lang='lat' dir='ltr'>egerint</span> <span class='ocrx_word' id='word_1_503' title='bbox 616 4977 865 5049; x_wconf 85' lang='lat' dir='ltr'>poemtenttam,</span> <span class='ocrx_word' id='word_1_504' title='bbox 888 4978 1000 5032; x_wconf 71' lang='lat' dir='ltr'>tamen</span> <span class='ocrx_word' id='word_1_505' title='bbox 1020 4962 1189 5058; x_wconf 81' lang='lat' dir='ltr'>ingerere</span> <span class='ocrx_word' id='word_1_506' title='bbox 1213 4966 1414 5044; x_wconf 86' lang='lat' dir='ltr'>testamenti,</span> <span class='ocrx_word' id='word_1_507' title='bbox 1431 4964 1453 5038; x_wconf 86' lang='lat' dir='ltr'>li</span> <span class='ocrx_word' id='word_1_508' title='bbox 1480 4990 1693 5055; x_wconf 85' lang='lat' dir='ltr'>comparetur</span> <span class='ocrx_word' id='word_1_509' title='bbox 1710 4972 1752 5039; x_wconf 90' lang='lat' dir='ltr'>ad</span> <span class='ocrx_word' id='word_1_510' title='bbox 1961 4967 1971 4985; x_wconf 86' lang='lat'>&#39;</span> <span class='ocrx_word' id='word_1_511' title='bbox 2036 5035 2045 5043; x_wconf 91' lang='lat'>.</span> 
     </span>
     <span class='ocr_line' id='line_1_45' title="bbox 278 5054 2023 5152; baseline 0.01 -22"><span class='ocrx_word' id='word_1_512' title='bbox 278 5099 283 5108; x_wconf 82' lang='lat'>,</span> <span class='ocrx_word' id='word_1_513' title='bbox 375 5081 515 5152; x_wconf 84' lang='lat' dir='ltr'>peecata</span> <span class='ocrx_word' id='word_1_514' title='bbox 541 5060 737 5150; x_wconf 71' lang='lat' dir='ltr'>ignorantie</span> <span class='ocrx_word' id='word_1_515' title='bbox 765 5054 825 5130; x_wconf 84' lang='lat' dir='ltr'>sibi</span> <span class='ocrx_word' id='word_1_516' title='bbox 853 5060 980 5131; x_wconf 89' lang='lat' dir='ltr'>remitti</span> <span class='ocrx_word' id='word_1_517' title='bbox 1014 5085 1093 5135; x_wconf 88' lang='lat' dir='ltr'>veta</span> <span class='ocrx_word' id='word_1_518' title='bbox 1124 5060 1189 5135; x_wconf 84' lang='lat' dir='ltr'>fide</span> <span class='ocrx_word' id='word_1_519' title='bbox 1212 5060 1364 5135; x_wconf 86' lang='lat' dir='ltr'>tenebras</span> <span class='ocrx_word' id='word_1_520' title='bbox 1377 5063 1544 5149; x_wconf 63' lang='lat' dir='ltr'>ethnicam</span> <span class='ocrx_word' id='word_1_521' title='bbox 1559 5070 1693 5140; x_wconf 90' lang='lat' dir='ltr'>interim</span> <span class='ocrx_word' id='word_1_522' title='bbox 1705 5067 1846 5141; x_wconf 72' lang='lat' dir='ltr'>tamenn</span> <span class='ocrx_word' id='word_1_523' title='bbox 1863 5074 1904 5143; x_wconf 90' lang='lat' dir='ltr'>ad</span> <span class='ocrx_word' id='word_1_524' title='bbox 1915 5069 2023 5147; x_wconf 80' lang='lat' dir='ltr'>lucem</span> 
     </span>
    </p>
   </div>
   <div class='ocr_carea' id='block_1_5' title="bbox 237 5152 2026 5265">
    <p class='ocr_par' dir='ltr' id='par_1_8' title="bbox 237 5152 2026 5265">
     <span class='ocr_line' id='line_1_46' title="bbox 237 5152 2026 5265; baseline -0.001 -18"><span class='ocrx_word' id='word_1_525' title='bbox 237 5185 240 5190; x_wconf 85' lang='lat'>&#39;</span> <span class='ocrx_word' id='word_1_526' title='bbox 376 5160 575 5254; x_wconf 58' lang='lat' dir='ltr'>mutar,</span> <span class='ocrx_word' id='word_1_527' title='bbox 598 5152 681 5232; x_wconf 77' lang='lat' dir='ltr'>ficut</span> <span class='ocrx_word' id='word_1_528' title='bbox 712 5155 814 5233; x_wconf 85' lang='lat' dir='ltr'>etiem</span> <span class='ocrx_word' id='word_1_529' title='bbox 841 5159 879 5231; x_wconf 84' lang='lat' dir='ltr'>in</span> <span class='ocrx_word' id='word_1_530' title='bbox 903 5156 982 5255; x_wconf 80' lang='lat' dir='ltr'>lege</span> <span class='ocrx_word' id='word_1_531' title='bbox 1009 5161 1190 5252; x_wconf 82' lang='lat' dir='ltr'>peculiaria</span> <span class='ocrx_word' id='word_1_532' title='bbox 1211 5160 1429 5242; x_wconf 83' lang='lat' dir='ltr'>nov.tell.fiat</span> <span class='ocrx_word' id='word_1_533' title='bbox 1437 5171 1650 5258; x_wconf 81' lang='lat' dir='ltr'>comparatio,</span> <span class='ocrx_word' id='word_1_534' title='bbox 1658 5167 1795 5243; x_wconf 89' lang='lat' dir='ltr'>illorum</span> <span class='ocrx_word' id='word_1_535' title='bbox 1804 5192 1937 5265; x_wconf 84' lang='lat' dir='ltr'>tempus</span> <span class='ocrx_word' id='word_1_536' title='bbox 1947 5199 2026 5246; x_wconf 87' lang='lat' dir='ltr'>eoa·</span> 
     </span>
    </p>
   </div>
   <div class='ocr_carea' id='block_1_6' title="bbox 1960 5274 2061 5351">
    <p class='ocr_par' dir='ltr' id='par_1_9' title="bbox 1960 5274 2061 5351">
     <span class='ocr_line' id='line_1_47' title="bbox 1960 5274 2061 5351; baseline 0 -35"><span class='ocrx_word' id='word_1_537' title='bbox 1960 5274 2061 5351; x_wconf 54' lang='lat' dir='ltr'>aa·</span> 
     </span>
    </p>
   </div>
   <div class='ocr_carea' id='block_1_7' title="bbox 0 0 2446 5984">
    <p class='ocr_par' dir='ltr' id='par_1_10' title="bbox 0 0 2446 5984">
     <span class='ocr_line' id='line_1_48' title="bbox 0 0 2446 5984; baseline 0 0"><span class='ocrx_word' id='word_1_538' title='bbox 0 0 2446 5984; x_wconf 95' lang='lat' dir='ltr'> </span> 
     </span>
    </p>
   </div>
  </div>
 </body>
</html>
