4884 5984
412 529 457 588 12
526 533 531 538 '
819 504 968 581 locvs
995 508 1122 592 xxvi.
1171 503 1326 578 CAPVT
1356 508 1401 576 X.
1452 504 1576 578 SECT.
1600 510 1629 579 l..

260 765 264 772 .
411 707 565 784 nomini.
638 702 694 801 ς.)
716 700 828 776 Verbo
851 700 957 794 igitur
982 699 1123 791 apostoli
1148 723 1217 774 nott
1240 700 1349 774 studet
1364 703 1480 782 uxori,
1508 710 1543 775 dc
1563 695 1812 774 vieillim‘uror
1830 702 1954 772 marito
1976 696 2054 790 ple-

410 806 488 883 sunt
500 801 694 894 accipienda
710 797 889 899 excluſsue,
899 798 989 889 quast
1003 798 1127 876 scilicet
1137 825 1217 875 cou-
1240 822 1317 871 cere
1346 803 1381 871 in
1411 802 1577 880 Domino,
1604 798 1668 871 hoc
1695 801 1768 884 est,
1813 821 1979 887 quatenus
2013 806 2053 871 dc

410 911 507 1000 iuges
524 900 730 992 nonpossint
743 925 887 985 curare,
913 924 985 987 que
1008 895 1084 972 sunt
1097 901 1217 974 Domi·
1239 900 1399 987 quamdiu
1417 898 1574 972 voluntte
1594 900 1664 972 eius
1685 902 1842 991 congruit
1863 923 1941 970 cum
1962 897 2052 968 divi*

409 1010 469 1092 ai,
500 1014 537 1079 dc
559 1005 710 1092 corporis
734 1022 834 1088 atque
855 996 987 1094 spiritur
1011 993 1217 1071 santlitctcm
1240 1022 1282 1068 na
1307 995 1503 1086 uoluntate,
1536 997 1621 1069 illud
1646 1020 1773 1069 tantum
1799 994 1908 1076 abest,
1943 1017 1981 1069 ut
2008 991 2052 1065 sit

408 1106 516 1185 tuerit
543 1099 619 1176 fieti
632 1103 724 1175 enim
739 1099 867 1188 potest,
889 1120 926 1168 ut
943 1101 1139 1192 coniugatus
1153 1103 1216 1170 mi·
1240 1097 1372 1185 pictatis
1386 1099 1692 1186 impedimentum,
1718 1118 1753 1167 ut
1772 1099 1886 1180 potius
1901 1092 1942 1166 fit
1965 1117 2052 1183 opus

408 1230 472 1279 nur
486 1202 680 1293 implicetur
697 1201 839 1289 negotiis
853 1192 1076 1283 secularibus,
1101 1206 1138 1272 dc
1149 1197 1214 1269 ori·
1239 1192 1367 1268 bonum
1385 1220 1424 1268 ac
1441 1201 1517 1268 Deo
1535 1220 1692 1288 grecum,
1718 1195 1739 1265 fi
1757 1221 1797 1267 ex
1819 1193 1884 1268 fide
1905 1203 1944 1268 dc
1967 1191 2051 1266 dite·

408 1329 473 1378 nus
491 1323 587 1374 curet
602 1324 662 1388 ea,
686 1321 760 1387 que
776 1293 850 1368 sant
865 1297 1001 1377 mundi,
1026 1321 1125 1385 quam
1145 1323 1217 1368 ctu·
1240 1296 1350 1369 &ione
1370 1289 1610 1385 proficiscatur.
1646 1291 1773 1368 Refero
1788 1293 1853 1367 buc
1866 1294 2048 1385 egregium

407 1402 502 1485 lebs,
525 1400 548 1473 fi
569 1393 695 1471 scilicet
712 1394 763 1466 illi
779 1398 835 1486 pia
856 1419 941 1467 uxor
960 1418 997 1466 ac
1018 1391 1129 1470 sedula
1146 1423 1214 1467 ma.
1239 1388 2045 1484 locumexClaudio,Espensaeoepiscopocomm.

408 1497 603 1576 terfamilias
630 1496 831 1586 contingat,
859 1518 931 1580 que
956 1516 1072 1567 curem
1092 1494 1142 1566 rei
1163 1493 1218 1567 fu·
1238 1495 1275 1562 in
1294 1496 1367 1567 Tit.
1382 1500 1424 1565 ll.
1495 1490 1597 1591 Quod
1616 1492 1783 1590 apostolus
1803 1490 1917 1582 dicit,
1949 1490 2049 1564 ienu-

405 1598 548 1674 rnilieris
561 1593 712 1675 sustinet,
737 1613 778 1662 ut
796 1593 936 1664 maritus
950 1615 993 1664 eo
1014 1591 1151 1666 liberius
1173 1604 1210 1667 dt
1231 1602 1328 1688 ptum
1347 1593 1520 1687 cogitare,
1542 1613 1614 1690 quae
1627 1593 1699 1693 fiat
1713 1588 1794 1676 Dei,
1808 1601 1848 1664 ut
1856 1592 1905 1691 fit
1920 1586 2047 1687 flenda

348 1735 363 1758 ι
405 1710 444 1776 &
462 1695 650 1789 expeditius
664 1691 847 1766 ministerio
861 1687 1080 1764 ecclesiastico
1101 1712 1207 1764 vacet.
1234 1713 1370 1789 corpore
1386 1688 1427 1765 &
1436 1691 1586 1789 spiritu,
1602 1715 1670 1765 nort
1679 1693 1730 1788 fic
1743 1690 1976 1787 accipiendum
1989 1693 2045 1792 est,

398 1799 536 1891 'Negoti
557 1814 652 1868 certe
676 1792 823 1881 nequit,
844 1813 984 1862 uxorem
1013 1781 1113 1881 ipsius
1143 1794 1212 1863 Dei
1233 1802 1272 1864 ut
1291 1813 1443 1888 putemur
1458 1815 1525 1865 nott
1549 1787 1609 1891 effe
1619 1789 1775 1888 sontium
1795 1812 1855 1864 cor
1878 1813 1939 1864 ore
1955 1789 2046 1865 clrrr'·

402 1920 463 1970 ore
482 1895 595 1970 vocari
611 1892 724 1965 mariti
741 1888 973 1973 adiutorium,
992 1915 1064 1964 nun
1078 1908 1212 1963 tantuna
1227 1891 1379 1991 stipitum
1395 1893 1571 1984 coniugem
1581 1894 1724 1992 coslum,
1740 1891 1843 1964 omni
1918 1891 2040 1988 quippe

401 1999 439 2068 in
461 1993 646 2068 liberorum
668 1990 925 2082 procreatione,
947 1989 983 2058 in
1000 1990 1059 2078 pia
1073 2013 1209 2060 eorum·
1227 1991 1390 2087 fidelihus
1404 1992 1556 2071 elicitur,
1579 2015 1692 2064 eorum
1708 2013 1851 2088 corpora
1864 1987 1925 2088 effe
1941 2013 2040 2078 mern·

401 2098 483 2166 dem
502 2091 722 2174 educatione,
747 2089 785 2159 in
804 2089 854 2161 rei
875 2084 1044 2159 familiaria
1064 2089 1211 2160 admini-
1233 2088 1295 2162 bru
1319 2086 1466 2192 Christi,
1494 2087 1565 2163 Dei
1592 2091 1667 2164 viui
1689 2086 1731 2164 ὅ
1757 2086 1914 2187 Spiritus
1925 2086 2041 2186 sontii

402 2193 580 2271 slrrtione,
603 2184 659 2260 sed
680 2187 780 2260 etiam
802 2187 840 2257 io
858 2187 926 2256 Dei
945 2186 1156 2258 inuocatione
1172 2198 1208 2260 dc
1232 2189 1373 2284 templu.
1422 2200 1470 2281 4.)
1489 2193 1653 2283 Quinimo
1675 2191 1828 2263 incendic
1845 2199 1880 2266 dr
1894 2188 2040 2262 flamme

401 2289 476 2363 'aliie
494 2288 626 2380 pietatis
647 2286 826 2358 exercitiis.
876 2286 1020 2358 Proinde
1036 2283 1118 2356 ficut
1134 2310 1207 2357 coe-
1230 2288 1407 2362 libidinum
1420 2287 1556 2375 inillis,
1582 2293 1638 2378 qui
1652 2290 1868 2362 continentie
1879 2291 1974 2362 dono
1988 2290 2039 2361 in·

399 2389 475 2463 leba
489 2379 729 2479 poteslnuberr
747 2383 784 2456 t'rr
805 2378 977 2462 Domitiae
1007 2386 1207 2460 tCor.Vll.
1231 2390 1345 2459 strudli
1368 2412 1438 2458 nott
1455 2383 1551 2472 sunt,
1573 2412 1690 2460 curent
1712 2388 1910 2461 divinorum
1931 2389 2037 2480 irnpe-

403 2488 529 2581 39.·itc
545 2484 657 2576 potest
675 2483 820 2554 coniunx
839 2480 975 2571 placere
997 2486 1118 2556 marito
1133 2532 1150 2566 ,
1169 2493 1205 2558 dc
1229 2490 1346 2567 diunt.
1371 2509 1493 2574 corpus
1511 2496 1546 2560 ἀ
1563 2483 1716 2576 spiritum
1733 2488 1980 2582 coinqu'mant,
2002 2494 2037 2560 dc
2069 2557 2074 2568 ,

400 2582 546 2660 cidffim
558 2584 702 2657 maritus
712 2580 1042 2661 uxoriinDomino,
1066 2578 1205 2655 smimi·
1229 2582 1464 2658 conscientiam
1495 2610 1515 2657 a
1542 2591 1618 2658 Deo
1640 2583 1819 2673 evellunt,
1857 2609 1898 2657 ac
1924 2590 2038 2662 viduae

399 2709 481 2758 rum
499 2703 642 2773 uterque
657 2682 737 2770 pior
754 2676 794 2750 fit
804 2728 822 2765 ,
843 2687 879 2752 dt
899 2683 975 2752 Deo
988 2679 1121 2768 placere
1138 2682 1204 2752 slu-
1228 2688 1386 2770 quasdam
1408 2708 1552 2769 curare,
1581 2708 1650 2756 non
1674 2708 1746 2772 quc
1769 2687 1913 2758 Domini
1939 2683 2036 2772 sunt,
2073 2751 2074 2758 ,

399 2788 492 2858 deut.
536 2781 685 2876 Quando
701 2778 795 2851 enim
808 2776 959 2852 uoluntas
979 2781 1130 2869 coniugis
1152 2783 1204 2852 di·
1229 2779 1281 2858 scd
1298 2808 1372 2872 quae
1390 2779 1465 2853 sunt
1486 2786 1626 2870 mundi,
1652 2804 1693 2853 oc
1711 2777 1934 2880 viverrteseffe
1949 2807 2034 2858 mor.
2072 2783 2075 2868 ,f

398 2885 485 2956 tine
500 2878 664 2954 voluntati
677 2863 743 2952 sese
756 2877 853 2952 unice
866 2880 1203 2962 adcommodatum
1227 2891 1332 2961 tuos,
1360 2879 1488 2953 disertis
1508 2881 1620 2954 uerbis
1641 2884 1846 2970 pronunciat
1866 2882 2033 2974 aposlolut
2072 2879 2074 2956 l

396 2981 531 3061 evenit,
551 2999 611 3055 ut,
624 2978 687 3066 qui
695 2977 831 3066 coniugi
847 2973 981 3066 placere
999 2979 1127 3054 trudet,
1140 2972 1201 3067 ipsi
1231 2983 1351 3054 rTinr.
1368 2986 1409 3052 V.
1423 2983 1461 3055 6..
1507 2986 1611 3054 Unde
1629 3004 1697 3054 oon
1718 2982 1893 3054 immerito
1913 2982 2029 3073 aliquit

289 3101 293 3106 ·
396 3086 498 3155 etiam
520 3075 669 3152 Domino
687 3072 833 3165 pleccatt
879 3078 961 3146 Huc
980 3072 1108 3148 adferri
1125 3070 1200 3162 pos
1225 3080 1517 3168 pronunciaverit,
1541 3082 1606 3154 elle
1631 3077 1842 3151 tolerabilius
1861 3075 2027 3176 impu,

377 3175 473 3254 'fiunt
496 3176 725 3250 illustrationis
744 3174 855 3266 gretie
878 3175 1032 3243 distincita
1061 3171 1201 3261 apostoli
1220 3177 1490 3273 praetractari,
1519 3177 1785 3274 promittendio
1800 3178 2029 3278 concupiscen-

392 3298 585 3372 praecepta,
616 3278 652 3346 io
679 3272 798 3360 quibus
819 3293 891 3341 tum
910 3268 1098 3358 prohibet,
1129 3292 1203 3343 turn
1225 3277 1283 3349 riae
1303 3277 1359 3349 uri
1368 3303 1380 3356 ;
1420 3302 1525 3349 nemo
1549 3282 1639 3350 enim
1663 3280 1821 3369 ignorat,
1849 3303 1952 3366 quam
1973 3279 2027 3351 illc

394 3379 575 3470 precipit,
601 3395 639 3446 ut
651 3370 749 3442 alteri
763 3369 897 3457 placere
916 3370 1122 3457 studeamus,
1144 3365 1199 3442 secl
1223 3400 1302 3448 cura
1318 3375 1474 3466 placendi
1490 3380 1629 3467 coniugi
1647 3372 1710 3447 suae
1730 3373 1899 3450 decrescat
1913 3388 1950 3453 δι
1966 3380 2029 3451 iat·

396 3476 527 3551 diverso
556 3469 718 3558 respectu.
800 3465 936 3540 Priort's
970 3470 1102 3557 generis
1127 3467 1198 3542 baec
1222 3476 1392 3547 minuatur
1411 3477 1608 3547 educatione
1628 3474 1833 3556 liberorum,
1860 3480 1910 3550 rei
1930 3476 2026 3550 fami·

394 3575 490 3650 lunt:
513 3568 586 3641 Gal.
606 3574 631 3636 l.
653 3590 710 3639 to·
759 3560 802 3638 δι’
816 3564 1007 3639 homiuibus
1020 3567 1195 3661 placerem,
1221 3573 1310 3644 liaris
1337 3576 1646 3654 administratione,
1667 3600 1748 3646 cura
1765 3571 1869 3646 officii
1900 3576 2025 3666 publici

385 3672 507 3772 ῥῖναι
526 3662 654 3761 Christi
673 3684 741 3735 non
760 3661 866 3762 esteten
886 3662 971 3754 Eph.
983 3664 1047 3736 Vl.
1063 3678 1094 3737 6.
1116 3662 1197 3738 Ser·
1225 3681 1260 3745 δι
1279 3694 1398 3743 mutuo
1413 3674 1521 3743 crucis
1534 3668 1637 3745 sensu.
1693 3674 1748 3769 ς.)
1760 3671 2025 3767 Absrtigitur‚ut

391 3772 434 3843 ui·
447 3762 576 3839 obedite
590 3762 759 3847 dominis,
778 3786 845 3837 non
865 3774 1026 3861 tanquam
1047 3763 1199 3837 lomini—
1219 3769 1323 3842 verbe
1340 3771 1478 3858 aposloli
1500 3772 1564 3842 bac
1587 3768 1680 3843 sensu
1696 3775 1850 3859 accipere
1867 3776 2019 3858 velimus,

389 3865 643 3963 iurplucruter.
667 3884 681 3935 ι
701 3859 816 3937 Thess..
828 3870 872 3938 ll.
885 3888 926 3959 4.
975 3859 1058 3935 Non
1086 3862 1197 3960 loqui·
1217 3872 1308 3957 qaod
1330 3867 1385 3941 vel
1411 3894 1525 3941 omnes
1547 3869 1603 3942 vel
1626 3867 1688 3941 soli
1709 3870 1847 3941 coelibes
1876 3894 2018 3958 (ιιι-ιιι,

388 3992 467 4043 taur
488 3975 650 4060 tunquam
666 3960 856 4036 bominibus.
883 3962 1064 4060 placenter
1111 3970 1192 4036 Her
1217 3991 1289 4055 que
1307 3963 1381 4038 sunt
1399 3970 1564 4050 Domini,
1601 3994 1639 4039 ec
1663 3966 1726 4042 stnt
1751 3964 1857 4041 sancti
1877 3995 2020 4062 corpore

315 4101 317 4105 ⁴
387 4068 501 4143 omnin
520 4064 737 4156 intelligenda
757 4059 835 4134 sunt
856 4062 976 4134 detali
996 4061 1195 4160 ὥνθρωποι·
1217 4074 1252 4138 dc
1267 4062 1397 4151 spiriru.
1449 4062 1538 4139 Sunt
1562 4064 1712 4163 plerique
1732 4066 1863 4141 celibes
1888 4068 2022 4164 (scribit

306 4169 311 4176 '
385 4165 523 4269 melec
546 4188 586 4236 ac
602 4157 795 4233 bominibus
812 4160 1046 4250 complacendi
1062 4164 1195 4243 studio,
1216 4160 1399 4240 Cassander
1418 4167 1452 4237 in
1471 4162 1725 4241 consultanart.
1745 4173 1873 4239 xxm.
1888 4172 1933 4247 de
1955 4196 2020 4244 cu·
2067 4195 2071 4268 ι

384 4269 477 4358 quad
496 4261 867 4336 coniundtumelltutn
884 4282 959 4331 tran
1002 4255 1190 4332 reffioneac
1216 4261 1276 4332 lib..
1295 4258 1415 4337 sacerd.
1443 4288 1477 4354 p.
1500 4267 1601 4360 ¹97·)
1625 4268 1801 4361 quieteque
1826 4266 2019 4344 aceecnu·
2067 4303 2070 4320 ¹

386 4364 545 4458 negledlu
562 4357 738 4471 voluntatis
760 4360 902 4443 divine,
927 4284 1096 4429 fisscilieer
1117 4362 1189 4446 quis
1214 4358 1295 4432 butu
1306 4359 1371 4456 suo
1388 4361 1435 4434 uel
1453 4387 1511 4448 eu,
1538 4386 1610 4457 qaue
1627 4361 1804 4459 Deisunt,
1826 4369 2015 4463 expeditius
2073 4433 2074 4438 ,

386 4464 500 4561 magis
518 4480 615 4534 curat
631 4455 822 4528 bominibus
840 4482 937 4544 quant
954 4462 1029 4528 Deo
1042 4456 1185 4546 placere.
1213 4462 1364 4533 curanda
1377 4485 1444 4532 nou
1470 4463 1671 4550 incitentur,
1690 4462 1754 4559 sed
1773 4465 1876 4537 etium
1896 4482 2014 4543 contra

386 4560 588 4665 Posterioris
603 4555 739 4648 generis
759 4554 829 4627 hac
843 4552 936 4627 suut:
957 4560 1185 4633 Romocvn.
1211 4582 1234 4629 a
1258 4561 1347 4634 curis
1362 4558 1462 4633 huius
1476 4560 1584 4657 seculi
1600 4563 1710 4658 supro
1736 4563 1884 4659 reliquos
1909 4567 2017 4643 iomi-
2066 4597 2069 4606 ·

249 4727 259 4746 s
392 4661 547 4764 Quilibet
562 4654 725 4755 proximo
742 4650 813 4750 suo·
836 4653 972 4754 placeat
995 4654 1031 4727 in
1052 4652 1183 4730 bonam.
1208 4683 1264 4732 nes
1288 4659 1533 4756 immerguntur
1549 4659 1590 4736 Εἰ
1606 4663 1801 4735 obruunt-r.
1852 4670 1918 4739 Sed
1933 4695 2011 4757 pro-

388 4758 556 4843 uCoer.
567 4777 622 4848 33.
641 4758 685 4825 de
701 4747 738 4826 se·
750 4752 822 4845 ipso
840 4756 1040 4844 pronunciat
1053 4758 1188 4842 aposto·
1208 4761 1345 4846 ponitur
1362 4757 1435 4831 finis
1452 4772 1487 4833 ὅ(
1500 4758 1615 4851 scopus
1633 4762 1807 4835 caelibatus
1819 4783 1837 4843 ,·
1852 4767 1895 4836 acl
1910 4792 2006 4856 quem

384 4867 454 4938 leta:
480 4859 550 4935 Per
569 4853 685 4927 omniu
703 4850 856 4929 omnibus
870 4852 1010 4950 ploeeoc
1039 4852 1113 4926 brec
1131 4858 1183 4926 in.
1208 4853 1330 4929 scilicet
1351 4856 1517 4949 respicere
1539 4860 1664 4934 debent
1685 4863 1899 4952 continentia
1923 4871 2012 4938 douo

381 4966 582 5052 telliguntur
606 4957 648 5028 de
672 4954 732 5025 tali
749 4953 1013 5043 complacentia,
1040 4978 1112 5041 quae
1136 4957 1183 5024 etl
1207 4958 1380 5037 instructi,
1406 4961 1442 5029 in
1467 4960 1529 5030 boc
1551 4963 1626 5032 vitae
1650 4963 1733 5032 statu
1747 4961 1906 5051 eligendo
1926 5013 1937 5043 ‚
1960 4965 2010 5036 ri-'

380 5072 416 5137 in
436 5060 612 5139 Domino,
638 5076 705 5125 non
725 5076 841 5125 contre
861 5054 1055 5125 Dominum.
1108 5056 1182 5125 Pari
1205 5057 1326 5127 delicet
1348 5079 1384 5127 ut
1401 5060 1636 5145 expeditius&
1660 5055 1822 5139 liberius,
1850 5085 1924 5148 quae
1937 5059 2011 5135 suut
2073 5135 2074 5142 ,

378 5165 550 5241 moderes
566 5150 718 5231 sehabet
736 5154 775 5229 in
791 5152 969 5248 coniugio:
990 5153 1181 5230 Simmitus
1203 5157 1365 5243 Domini,
1388 5180 1504 5235 curare
1525 5155 1673 5250 posllnt,
1701 5154 1866 5236 indivulse
1887 5186 1928 5234 cc
1948 5163 2012 5233 mi·
2071 5199 2075 5212 ·

510 5271 516 5286 ’
1923 5284 2010 5338 nore
