4884 5984
235 413 242 426 .
321 501 383 602 ae
879 471 1062 557 tocts
1085 478 1231 573 xxvt
1283 413 1399 556 cit.
1424 478 1508 560 nt..

344 645 565 761 bellarmino,
587 678 646 767 qui
664 670 779 752 inhoc
800 668 871 768 ipso
887 677 1045 768 capite§.
1060 698 1122 766 cr.
1136 673 1188 776 di·
1204 671 1350 776 sperfit,
1384 668 1584 771 exsecrabili
1612 665 1671 744 illo
1697 666 1804 743 ciuem
1826 638 1964 770 etclrjiae
1977 639 2056 744 rori⁴

346 777 615 954 tutu
632 769 928 972 rituti,
1029 769 1093 888 n
1106 795 1190 947 tt·-
1208 767 1975 964 usstts,
2019 789 2068 939 c

348 898 621 1075 &vitiligini
643 897 709 1046 vii
722 898 928 1058 aleidiimtiae,
948 873 1191 1045 ueiuiaiiiatrii
1215 898 1400 1069 nfflmiquie
1414 965 1580 1142 '‘sini‘’
1606 961 1674 1040 &a
1712 970 1804 1038 idem
1821 960 1920 1040 serm.
1929 889 2057 1078 iiiiii.

346 1077 395 1151 dt
417 1072 439 1145 fi
461 1073 495 1145 in
519 1071 594 1144 otiu
617 1070 787 1163 conjugali
805 1071 853 1143 est
880 1072 1053 1161 turpitudo
1075 1080 1110 1145 dc
1132 1071 1194 1140 im·
1217 1065 1317 1160 super
1334 1074 1434 1144 Cant.
1489 1091 1507 1137 o
1528 1093 1549 1148 ¹e
1565 1066 1605 1139 de
1624 1061 1755 1162 ecclefia
1770 1060 1969 1137 honorabile
1980 1084 2058 1135 can·

346 1171 543 1251 mundities,
569 1169 737 1258 quomodo
752 1194 813 1259 per
830 1167 926 1240 illum
940 1170 1071 1257 adquiri
1086 1168 1194 1258 potest
1211 1170 1350 1265 jurgium
1372 1164 1414 1242 Θ
1429 1177 1540 1241 torum
1567 1161 1848 1247 immaculatum,
1873 1185 1981 1235 nonem
2009 1183 2061 1235 rc·

349 1273 457 1365 gretia
480 1270 621 1360 Spiritus
650 1263 775 1342 fastui?
804 1266 1071 1348 trivettum,
1103 1268 1192 1354 quod
1215 1264 1290 1364 ples
1308 1289 1382 1340 eam
1405 1262 1675 1347 concubinariis,
1698 1262 1897 1361 incesluosts,
1917 1258 2061 1357 semini·

348 1371 493 1484 dieitur,
518 1367 649 1439 cutione
665 1388 765 1437 canen
789 1361 934 1460 iscentiae
950 1360 1195 1438 &rebellionis
1212 1367 1322 1459 stuic,
1348 1362 1525 1451 mollibus,
1548 1361 1771 1459 masculorum
1793 1357 2063 1434 concubitoribus

275 1499 285 1510 ·
349 1465 571 1544 membrorum
611 1465 740 1561 turpiter
765 1464 850 1536 inem
882 1458 925 1537 8
951 1460 1195 1536 immunditiem
1222 1461 1265 1538 tr
1277 1464 1370 1538 omni
1389 1462 1526 1562 denique
1543 1485 1660 1559 genere
1678 1453 1952 1533 immundarum?
1972 1458 2066 1548 quod

350 1565 389 1640 in
408 1588 444 1638 eo
462 1561 544 1639 reiie
555 1564 681 1664 Jlatuir
705 1564 973 1656 distinguendum
996 1564 1086 1636 enirn
1107 1566 1195 1633 inter
1219 1557 1328 1654 ipsum
1351 1568 1393 1636 de
1412 1566 1493 1635 lietu
1511 1558 1725 1636 melefiastieo
1745 1564 1820 1645 jure
1840 1561 1907 1631 dici
1926 1559 2066 1649 poterit.

350 1660 458 1754 ipsum
483 1666 593 1736 citum
622 1657 858 1754 conjugalem,
891 1659 1020 1753 legibus
1048 1660 1197 1752 conjugii
1269 1667 1481 1751 §.XXVHL
1514 1662 1695 1754 Quomodo
1722 1680 1804 1729 uero

351 1782 611 1853 congruentem,
639 1768 776 1853 &uinter
801 1762 928 1849 pcccati
954 1758 1092 1840 labent,
1124 1758 1197 1848 poli
1219 1760 1345 1853 probat
1375 1758 1624 1842 Bellarminue,
1665 1756 1707 1827 in¹
1729 1754 1805 1836 aaa
1855 1747 2064 1843 Siniti&

349 1854 481 1951 lapsum
497 1861 608 1930 adium
625 1856 721 1928 illum
738 1857 986 1942 exercentibus,
1004 1860 1072 1929 imo
1090 1857 1198 1930 omni·
1220 1859 1432 1932 matrimonii
1445 1853 1752 1954 elseturpitrtdinem
1766 1850 1807 1927 Β
1856 1839 2046 1895 ''mmm''

353 1954 416 2042 ltus
437 1954 627 2028 hominibus
650 1957 749 2026 etiam
772 1952 860 2037 illis,
889 1956 1008 2044 quiin
1039 1953 1196 2027 coelibatu
1221 1956 1502 2041 immunditiem,
1540 1967 1681 2052 propter
1710 1974 1810 2048 qnam
1859 1901 2068 2004 wilm&

352 2059 498 2162 vivunt,
523 2053 757 2127 adherentem.
806 2055 888 2132 Sane
913 2056 987 2144 post
1008 2049 1134 2143 lapsum
1156 2051 1199 2123 li·
1214 2055 1406 2155 sacerdotes
1419 2053 1812 2156 aconjugiomeritostnt
1860 1987 2025 2131 {mannas-

352 2145 475 2228 b'idinis
506 2151 601 2242 lepra
626 2146 823 2224 santiiffimo
856 2153 1080 2244 generationis
1101 2151 1199 2241 operi
1222 2152 1396 2231 arcendi?
1428 2180 1506 2228 nem
1537 2155 1593 2226 hic
1626 2153 1811 2243 questionis

352 2251 518 2333 iiiiaerets
543 2252 644 2338 iique
665 2271 733 2320 nun
749 2250 876 2329 minus,
900 2273 1000 2338 quim
1015 2272 1118 2322 totam
1138 2247 1200 2321 hu·
1223 2259 1323 2329 ssatus
1351 2255 1467 2327 Siricio
1499 2263 1534 2328 dt
1559 2252 1751 2324 innocentio
1776 2269 1847 2322 eret
1865 2242 2069 2336 propnfitut.

335 2352 452 2440 ⁸ruinis
470 2370 620 2421 naturam
640 2347 859 2429 contaminatt
883 2349 1018 2419 intirim
1039 2374 1103 2421 nec
1120 2372 1200 2419 τοῦ·
1222 2352 1371 2429 Adducit
1400 2349 1450 2447 t.)
1471 2350 1573 2424 verbe
1587 2347 1795 2424 Abinteleclti
1815 2350 2018 2418 tSam.XXl.
2030 2369 2069 2440 4.

333 2449 490 2618 lippiam
509 2442 625 2517 definit
640 2442 703 2517 else
725 2439 832 2516 santia
849 2447 913 2517 Dei
930 2449 1113 2528 ordinatio,
1137 2469 1199 2517 nec
1224 2451 1374 2543 rogaretis
1401 2451 1595 2521 Davidem:
1626 2443 1688 2520 An
1710 2447 1805 2542 pueri
1818 2445 1890 2543 fiat
1911 2441 2027 2516 mundi
2045 2464 2071 2514 a

356 2573 378 2634 p
413 2548 448 2616 us
465 2543 647 2633 conjugalis
667 2546 897 2632 proptereain
916 2538 949 2615 sc
969 2570 1007 2616 ec
1027 2569 1088 2633 per
1105 2541 1137 2616 lt
1153 2543 1200 2615 cst
1225 2544 1429 2622 mulieribus.
1471 2541 1572 2633 Resp.
1607 2550 1754 2618 nondum
1784 2543 1963 2633 probitum
1992 2537 2069 2631 est,

357 2643 582 2734 turpitudo&
598 2641 843 2725 immundities,
864 2665 940 2720 cum
963 2668 1003 2713 er
1027 2643 1093 2715 Dei
1110 2643 1201 2712 inui—
1224 2643 1319 2721 usum
1343 2645 1485 2739 legitimi
1505 2647 1652 2737 conjugii
1673 2646 1760 2716 inter
1779 2642 2002 2714 immunditiei
2021 2640 2072 2711 lc·

245 2777 248 2782 ·
358 2743 488 2815 tutione
513 2741 708 2829 conjugium
742 2739 814 2829 post
834 2725 962 2828 lapsum
996 2737 1033 2811 srt
1056 2740 1200 2812 libidinis
1225 2749 1332 2820 vitice
1352 2741 1476 2834 species
1492 2740 1556 2815 effe
1572 2744 1823 2815 numerandum.
1862 2743 1953 2813 Cum
1975 2741 2071 2811 enim

233 2843 238 2902 '-
359 2841 572 2916 temedium
596 2859 696 2925 atquc
716 2840 806 2909 odius
825 2833 882 2910 ille
907 2838 1089 2931 conjugalis
1109 2862 1201 2931 tega-
1226 2847 1323 2919 uatiae
1354 2846 1497 2915 canones
1516 2842 1800 2915 contaminationis
1825 2866 1844 2912 a
1871 2836 2071 2912 molientur

361 2955 419 3011 tur
438 2935 606 3008 honestate
619 2935 835 3038 nuptiarum,
862 2959 905 3008 ne
921 2961 1032 3009 coram
1042 2941 1108 3010 Dei
1123 2961 1199 3009 ocu·
1226 2946 1261 3017 in
1279 2941 1355 3034 lage
1376 2936 1513 3014 mosaice
1535 2944 1732 3020 mudantur,
1757 2963 1796 3010 ut
1810 2940 1845 3010 in
1858 2941 2071 3027 puerperio,

362 3035 403 3108 tis
418 3033 456 3106 stt
472 3034 694 3121 coinquinatio
713 3041 748 3106 &
773 3033 1009 3109 immundities.
1059 3043 1097 3107 ln
1124 3060 1203 3107 con·
1227 3045 1262 3114 in
1284 3042 1485 3119 mentiruie,
1515 3041 1549 3110 in
1574 3037 1665 3109 fluxu
1687 3035 1880 3131 sanguinitt
1918 3032 2074 3124 nuspiam

363 3135 459 3228 jugia
474 3133 577 3224 igitar
599 3141 634 3206 dt
657 3133 830 3202 moderato
851 3135 1000 3226 conjugii
1031 3132 1091 3204 usu
1115 3132 1204 3204 nulii
1230 3163 1340 3212 tannen
1363 3140 1413 3224 lex
1430 3139 1531 3217 dicit,
1555 3133 1648 3209 osum
1662 3139 1810 3228 conjugii
1825 3130 1994 3207 reddidiss't
2010 3136 2076 3205 ho·

364 3230 639 3319 coinquinationis
674 3227 764 3301 labes
790 3226 961 3301 hominem
986 3257 1098 3302 coram
1130 3237 1206 3303 Deo
1230 3242 1355 3310 minent
1371 3238 1591 3307 immundum.
1643 3238 1694 3306 Ac
1716 3234 1740 3306 st
1761 3235 1812 3305 vel
1830 3233 1972 3305 maxime
1993 3239 2079 3306 Mo·

344 3330 803 3415 ··cotitiminin8(t¹12rtniit
823 3320 877 3399 sed
899 3330 934 3399 in
953 3336 1066 3400 coacta
1091 3341 1126 3402 &
1143 3331 1207 3401 im·
1231 3334 1279 3408 les
1303 3335 1448 3413 diriss'et,
1471 3329 1535 3405 else
1559 3331 1700 3425 legalem
1730 3330 1797 3404 sive
1818 3332 2079 3405 ceremonialesn

364 3451 454 3519 puro
474 3424 632 3499 celibatu
651 3419 931 3507 sacrificulorum,
954 3452 993 3497 ex
1020 3427 1140 3514 quibus
1165 3450 1208 3497 πο
1234 3434 1567 3511 contaminationem,
1588 3456 1655 3502 non
1676 3456 1785 3503 tamen
1803 3424 1993 3515 sequeretur
2010 3427 2080 3504 effe

290 3611 293 3616 ¹
362 3521 561 3628 centeiimus
578 3523 712 3610 quidem
738 3525 946 3594 continentie
978 3527 1070 3596 lanu
1091 3526 1211 3597 instru-
1235 3530 1396 3603 moralem
1418 3531 1688 3611 immunditiem,
1710 3525 1765 3603 scd
1782 3526 1807 3600 st
1827 3526 1900 3602 talis
1918 3532 2081 3603 constitu·

274 3715 279 3722 Ι
367 3627 441 3699 &us
458 3623 521 3706 est,
547 3619 788 3709 turpitudinem
806 3622 1104 3695 &immunditiem
1125 3621 1213 3694 mol·
1236 3632 1305 3712 tio,
1330 3629 1420 3716 quod
1445 3631 1676 3701 manducaturi
1694 3631 1737 3702 dc
1761 3627 1841 3700 cibis
1863 3622 1960 3700 sacris
1980 3628 2083 3702 abui.

364 3720 517 3812 'tiplicent
533 3719 681 3791 inveniet
697 3716 941 3800 Bellarrninut,
979 3727 1020 3792 de
1050 3745 1118 3809 quo
1144 3729 1212 3811 jam
1236 3753 1317 3802 nere
1337 3726 1479 3801 debcant
1493 3729 1533 3798 ad
1550 3752 1682 3818 tempus
1707 3753 1729 3799 a
1755 3724 1923 3826 conjugali
1942 3722 2081 3800 conlue-

266 3827 273 3852 ’“
368 3821 450 3894 olim
464 3818 659 3926 conquestus
672 3814 928 3901 Bernharducjn
944 3811 1040 3890 serm.
1054 3827 1096 3890 de
1112 3844 1210 3890 conv.
1237 3829 1352 3899 tudine
1375 3820 1485 3897 fuiliet
1508 3823 1615 3904 tana,
1636 3823 1843 3916 pertinuillet
1859 3809 2016 3899 dunssxat
2035 3828 2081 3898 ad

256 3927 262 3940 '
368 3921 411 4018 ed
434 3917 545 3989 cleric.
571 3938 646 4005 cap.
673 3932 732 4002 29.
805 3908 848 3987 Si
873 3914 982 4009 juxta
1015 3912 1213 3990 Ezechielis
1236 3947 1406 4000 externam
1422 3926 1680 4017 pedagogum,
1705 3951 1770 4014 qua
1791 3925 1942 3997 homines
1964 3930 2081 4000 admo·

368 4012 581 4130 prophetiam
593 4013 745 4125 linquit)
762 4014 928 4183 parietem
943 4011 1123 4108 fodiamus
1136 4069 1155 4104 ,.
1175 4025 1213 4090 ut
1237 4043 1413 4106 necentur,
1436 4026 1690 4113 conceptionem
1719 4033 1754 4097 tc
1774 4024 1991 4100 nativitatem·
2004 4024 2081 4116 poli

305 4195 313 4208 f
366 4127 409 4188 ‘sn
431 4112 530 4185 domo
563 4106 736 4183 videamur
786 4109 970 4185 arcendum.
1038 4112 1212 4212 Siquidem
1235 4118 1363 4209 lapsum
1389 4116 1453 4192 elie
1486 4144 1626 4208 peccato
1650 4122 1917 4198 contaminatam.
1984 4126 2079 4199 Sicut

366 4215 442 4314 past
452 4207 724 4307 fornicationes,
745 4211 819 4323 post
839 4209 1035 4298 adulteria,
1063 4215 1138 4314 post
1161 4214 1214 4286 in·
1236 4241 1313 4291 ante
1336 4215 1516 4291 solemnem
1532 4220 1839 4312 promulgationem
1868 4221 1952 4315 legis
1973 4224 2082 4296 Exod-

316 4357 322 4366 -
373 4313 488 4413 cestus,
511 4332 569 4382 mc
594 4303 674 4404 ipsa
696 4308 827 4402 quidem
848 4308 939 4406 opud
962 4310 1094 4408 aliquos
1115 4313 1213 4409 igno·
1236 4324 1330 4390 xlx.
1361 4338 1415 4402 ts.
1441 4317 1644 4405 jubebantur
1670 4314 1822 4394 isnelirae
1857 4324 1899 4394 ab
1923 4318 2082 4394 uxoribus

371 4411 486 4485 mimice
500 4404 661 4506 pafflomc
679 4401 720 4481 &l
735 4408 957 4505 turpitudinis
971 4432 1071 4506 ariera
1085 4409 1212 4508 desunt.
1237 4440 1299 4506 per
1322 4415 1460 4488 biduum
1481 4417 1669 4502 abstinere,
1701 4443 1739 4494 ot
1760 4422 1802 4494 de
1826 4421 1955 4496 interna
1978 4419 2084 4493 animi

380 4503 536 4588 Utinam·
554 4525 621 4579 non
642 4505 784 4603 fierent,
820 4528 891 4603 qttae
917 4531 1015 4604 usque
1039 4509 1122 4583 adeo
1148 4533 1215 4582 non
1239 4517 1404 4587 munditie
1430 4516 1709 4599 admonerentur,
1731 4529 1767 4595 tr
1788 4524 1906 4609 majori
1927 4546 2005 4592 cum
2025 4544 2086 4592 re·

371 4608 590 4685 conueniunt,
616 4614 654 4676 ut
677 4629 735 4676 ner
752 4604 934 4707 apostolum
957 4606 1217 4779 hacsrilcere,
1242 4618 1389 4686 verentia
1422 4617 1533 4688 Deum
1563 4610 1657 4690 suurn
1686 4616 1877 4706 loquentem
1909 4622 2083 4704 audirent,

373 4729 432 4783 nec
454 4727 514 4779 nor
531 4699 637 4777 dicere
656 4714 843 4801 oporteret,
878 4713 918 4779 ut
944 4731 1001 4778 nee
1057 4707 1219 4783 icentiius
1241 4737 1281 4784 ac
1306 4715 1491 4786 cenavit.
1505 4740 1534 4806 5.
1552 4714 1751 4808 conjugibus
1769 4723 1935 4810 permittit
1950 4719 2084 4810 apollo·

374 4801 583 4889 crederetur,
606 4803 694 4895 quad
712 4803 892 4876 lemanum
917 4805 1102 4902 aliquando
1125 4832 1218 4882 occu·
1241 4808 1310 4896 lus,
1338 4807 1649 4903 utacongreliuad
1671 4838 1802 4907 tempus
1816 4818 2018 4900 abstineant,
2044 4837 2083 4892 ut

370 4897 510 5005 paverit
544 4902 691 4975 oninium
721 4912 791 4974 tam
825 4902 1054 4982 attaminando
1084 4906 1215 5002 cupida.
1242 4903 1493 4982 solemnioribus
1509 4912 1665 5001 precibus
1681 4915 1996 5006 tamrepoffinnde
2013 4939 2086 4991 tote

381 4997 464 5090 Va,
488 5019 559 5089 aa,
585 5000 741 5074 inimicus
756 5000 926 5075 donsiuum
935 5001 1113 5102 fislplurei
1126 5005 1218 5081 iliius
1241 5004 1304 5078 lsac
1320 5034 1357 5080 re
1378 5005 1518 5098 inferius
1535 5010 1652 5100 ptura·
1667 5020 1714 5096 2.)
1735 5021 1842 5108 Apoc.
1859 5025 1951 5092 xtv.
1976 5044 2011 5113 4.
2028 5014 2084 5091 Hi

374 5089 522 5178 inimdii
538 5097 700 5196 reliquiar
714 5099 1001 5196 infelicerrirmm
1016 5127 1143 5205 quaque
1163 5102 1218 5182 di·
1232 5101 1336 5207 sunt.
1373 5107 1432 5207 qui
1457 5131 1530 5183 cum
1559 5107 1754 5193 mulieribus
1783 5118 2015 5320 coinquinatis
2016 5141 2087 5193 non

480 5273 483 5278 .
2006 5228 2088 5305 unt,
