4884 5984
713 514 785 603 llll
832 516 902 603 ξπ
955 525 1228 602 otvonrtvu
1280 526 1332 599 uu
1376 522 1514 601 nott·
1542 522 1665 604 turn
1930 538 1948 591 1
1956 535 2000 613 ³⁷

383 720 475 812 Deo,
500 722 539 801 Θ
556 721 894 823 chrceeonciliotcte
907 719 1013 799 nobis.
1032 727 1169 795 eMocc.
1194 725 1363 810 monium,
1395 725 1510 814 otique
1531 721 1640 797 soemo
1658 715 1862 794 matrimonii
1886 715 1996 791 inin·

365 832 456 901 1ίᾶ
474 832 545 896 Vll.
596 822 700 912 Rcsp.
724 850 790 897 non
814 823 866 893 hic
884 826 1042 910 queritur
1061 828 1102 893 de
1118 846 1170 894 te·
1193 816 1382 896 dividuo&
1401 821 1613 895 indiliolobili
1636 820 1868 894 coniuolitione
1887 815 1993 889 consi·
2025 812 2042 833 “

367 925 615 995 conciliationis
631 920 722 1006 offo,
748 923 854 1011 qui&
869 921 1100 994 offendenti&
1118 917 1169 993 os·
1193 918 1356 1009 stenoipsr
1375 928 1561 1011 competet,
1593 945 1635 997 cx
1655 941 1815 1008 quocum
1837 917 1992 989 domino'r

369 1018 473 1093 fens:
494 1023 580 1109 parti
600 1024 784 1092 communic
804 1021 867 1102 cll,
893 1021 947 1091 sed
964 1026 1004 1093 de
1022 1021 1169 1092 reconci-
1191 1022 1351 1099 dedocot,
1377 1022 1446 1092 oon
1461 1017 1526 1093 esse
1538 1020 1666 1093 licitum
1679 1019 1861 1091 divortium
1874 1011 1932 1085 nis
1946 1012 1991 1085 ob'

368 1116 516 1190 lintionis
533 1119 729 1215 principior
764 1142 783 1190 a
803 1140 946 1205 qoontm
968 1118 1087 1190 debent
1107 1120 1169 1190 ini·
1191 1115 1293 1191 solem
1313 1114 1587 1199 fornicationem
1618 1117 1793 1205 quomodo
1807 1116 1850 1185 de
1873 1110 1990 1184 inside-

368 1218 458 1288 fiom
473 1217 745 1289 reconciliationis
762 1213 851 1299 lieri,
874 1214 930 1287 ubi
945 1213 1094 1289 clarinus
1108 1220 1167 1289 do-
1189 1214 1271 1289 liom
1292 1218 1506 1289 mutrimonio
1526 1214 1609 1289 nihil
1627 1206 1816 1305 precepisse
1831 1212 1990 1284 dicendus
2117 1249 2122 1258 ·

366 1338 426 1386 cet
446 1315 568 1386 Mouh.
584 1322 626 1389 v,
644 1340 701 1403 24.
724 1316 813 1403 quod
834 1313 877 1384 ab
899 1318 1018 1387 eodem
1044 1317 1165 1388 iterum
1188 1312 1284 1388 erit?
1331 1320 1416 1387 Tam
1432 1312 1616 1388 infidelium
1637 1336 1736 1401 quom
1753 1307 1900 1383 fidelium
1918 1332 1990 1381 ma-

367 1410 446 1486 ficri
462 1413 579 1485 debeor
599 1415 730 1486 initium
746 1410 1042 1496 reconciliationis,
1066 1436 1165 1502 cqoo
1187 1415 1382 1486 mimoniom
1395 1413 1557 1489 ‚curuos
1580 1410 1780 1503 pronunciat
1809 1403 1876 1481 elie
1901 1402 1989 1477 inso-

363 1508 527 1601 processit
544 1508 699 1596 offensio,
725 1528 798 1601 quc
817 1528 884 1581 non
899 1512 951 1585 eli.
966 1512 1083 1591 iniuste
1100 1510 1163 1583 laesr
1187 1509 1311 1592 lubile,
1333 1532 1473 1600 excepto
1493 1531 1603 1584 tomen
1625 1507 1849 1584 fornicationis
1874 1498 1988 1587 censor

363 1605 426 1681 sed
451 1609 569 1680 iniullc
592 1609 755 1682 lodentie:
813 1611 907 1682 Cum
924 1632 1009 1701 crgo
1031 1608 1163 1682 mulieri
1186 1607 1245 1681 nifi
1269 1631 1354 1700 ergo
1373 1609 1513 1683 velimus
1530 1608 1715 1699 apostolum
1735 1626 1813 1678 cum
1833 1600 1986 1689 Christo,

363 1704 533 1815 opollolup
553 1704 764 1796 prescribit,
801 1710 890 1794 quod
916 1708 1034 1779 debent
1051 1728 1162 1779 recorr-
1185 1703 1318 1781 setvnm
1337 1732 1415 1795 cum
1431 1711 1584 1792 domino,
1607 1703 1804 1794 discipulum
1820 1725 1897 1773 com
1915 1724 1988 1773 me·

362 1802 548 1879 conciliari
568 1805 660 1889 viro,
690 1808 725 1876 id
746 1806 812 1883 etl,
838 1808 926 1891 qnod
946 1803 989 1876 eb
1009 1800 1078 1894 ipsa
1095 1809 1160 1876 ini.
1184 1807 1305 1897 gistco,
1334 1808 1560 1885 committere,
1587 1806 1793 1878 sternendum
1819 1801 1901 1882 crit,
1928 1822 1986 1869 co·

361 1905 451 1974 tium
473 1900 746 1977 reconciliationis
772 1898 936 1991 proficisci
959 1903 1096 1983 debent,
1121 1928 1160 1975 ex
1184 1909 1262 1975 dem
1282 1908 1384 1975 modo
1400 1929 1439 1975 ac
1453 1899 1544 1977 sensu
1566 1901 1714 1976 fidelium
1736 1899 1984 1973 matrimonium

361 2023 409 2073 eo
425 2004 515 2073 redte
533 1999 725 2091 colligitur,
746 2000 836 2089 quod
855 2023 922 2072 non
939 2004 1070 2091 agorde
1088 2026 1161 2073 mu·
1184 1997 1358 2072 insolubile
1374 2001 1416 2073 ob
1431 1999 1581 2088 apostolo
1596 1995 1689 2071 fuisse
1705 1998 1982 2085 pronunciatum,
2093 2042 2097 2051 ·

359 2098 450 2171 lierc
478 2095 522 2169 ob
554 2095 805 2169 fornicationem
832 2122 851 2168 a
874 2099 947 2169 viro
971 2093 1161 2173 discedente
1183 2096 1251 2186 qao
1270 2100 1372 2169 modo
1387 2123 1426 2170 oc
1442 2092 1533 2172 sensu
1548 2098 1698 2171 Cbrillor
1712 2094 1795 2167 illud
1807 2091 1983 2165 insolubile

361 2194 459 2282 (hcc
477 2197 567 2285 enim
581 2217 648 2266 non
663 2195 710 2267 esl
724 2219 800 2285 pero
814 2194 952 2278 ladem,
982 2191 1038 2268 sed
1051 2199 1160 2287 potius
1182 2191 1247 2269 esse
1273 2199 1567 2284 pronuntientur,
1594 2192 1749 2267 videlicet
1767 2210 1907 2280 excepto
1927 2214 1982 2261 cc-

357 2288 476 2381 talc)
498 2289 551 2366 sed
576 2317 649 2379 quc
667 2291 713 2365 ob
736 2294 800 2364 riri
823 2291 1067 2373 morositatem,
1092 2319 1160 2366 me
1183 2288 1218 2363 su
1244 2290 1480 2366 fornicationis.
1530 2299 1584 2365 De
1607 2314 1679 2363 toto
1696 2289 1760 2361 hoc
1780 2313 1816 2360 re
1843 2282 1991 2359 inferint.

356 2390 430 2463 lom
454 2387 734 2464 tonvmsotionem
761 2389 814 2462 vel
834 2387 943 2462 causor
960 2392 1037 2461 olias
1050 2395 1090 2462 ad
1110 2387 1290 2480 diplom.
1354 2395 1409 2463 Ad
1431 2413 1606 2479 quartem:
1639 2398 1754 2485 potres
1775 2407 1981 2481 conponere

356 2491 512 2563 cornum
541 2512 608 2559 non
636 2486 831 2561 sufficientes
860 2483 1023 2574 discedit,
1059 2497 1093 2562 ta
1115 2487 1159 2561 fic
1182 2488 1405 2583 exceptionem
1429 2490 1467 2561 in
1489 2488 1549 2562 isto
1563 2486 1752 2581 sententia:
1778 2485 1812 2559 si
1831 2478 1979 2557 discesse-

356 2586 740 2678 pctc‘ulctdenticvicem
753 2582 895 2675 suscipit.
945 2588 1046 2678 Quod
1055 2593 1157 2671 Deus,
1181 2588 1245 2668 tit,
1267 2584 1331 2682 sed
1353 2587 1388 2659 iet
1412 2586 1489 2672 islo,
1523 2590 1681 2678 precipio
1692 2572 1772 2656 ‘non
1793 2577 1977 2667 discedere,

356 2706 445 2757 com-
467 2681 568 2757 foerit
592 2707 668 2774 pore
691 2678 786 2763 lese,
825 2686 987 2754 mondum
1013 2681 1072 2755 sbi
1096 2682 1156 2773 ioli
1181 2685 1372 2780 acproinde
1385 2708 1459 2758 com
1469 2684 1658 2783 pontificiis
1671 2681 1861 2777 consentire.
1887 2674 1978 2774 Eos-

356 2782 649 2867 reconciliauit,
687 2779 770 2852 iilud
794 2776 920 2851 sottum
947 2783 995 2853 cll
1015 2802 1156 2873 propter
1181 2781 1254 2855 dem
1277 2795 1386 2856 ortem
1409 2794 1523 2879 potres
1544 2784 1579 2856 in
1600 2783 1659 2855 illu
1670 2779 1858 2877 smtentio,
1883 2776 1976 2849 fidi·

356 2876 620 2952 iotetccffionem
639 2877 731 2959 Filii,
762 2880 819 2966 qui
836 2879 937 2949 nostri
959 2877 1035 2951 loco
1052 2882 1156 2960 stetit,
1180 2875 1341 2963 sortierit,
1370 2904 1493 2979 pectere
1510 2880 1625 2978 potius
1647 2880 1855 2978 inclustonem
1874 2897 1975 2972 quam

356 2974 609 3051 &numm
637 2977 820 3067 meomim
837 2973 1010 3066 promiti,
1047 2975 1155 3067 ficone
1179 2980 1402 3076 exceptionem
1415 2980 1671 3074 fornicationis.
1721 2972 1821 3067 Resp.
1838 2971 1860 3047 fi
1879 2999 1974 3049 exce·

356 3077 494 3149 mimum
520 3075 795 3148 reconciliationis
819 3076 930 3146 nostro
955 3073 1030 3148 loco
1056 3072 1153 3157 secitt
1176 3078 1249 3167 otio
1275 3082 1427 3167 ponendo
1449 3082 1484 3151 in
1512 3077 1567 3151 illo
1590 3068 1773 3151 sententio:
1809 3073 1915 3172 preci
1939 3072 1973 3148 io

356 3176 446 3248 uode
464 3193 618 3247 notanter
637 3170 897 3262 dicitopollolus
921 3175 1030 3245 ocor.
1043 3181 1082 3245 V.
1099 3201 1150 3259 ¹9·
1177 3199 1243 3247 non
1257 3175 1435 3273 discedere,
1456 3179 1571 3250 eodem
1590 3178 1745 3266 ponendo
1761 3176 1826 3247 erit
1846 3174 1882 3244 io
1894 3096 1969 3251 ilio:

356 3268 457 3344 Deos
483 3280 557 3344 erut
579 3271 615 3341 in
647 3266 778 3370 Christo
803 3268 959 3343 mundum
982 3271 1155 3344 reconcili·
1169 3272 1410 3371 fidisceſjerit5
1425 3277 1735 3353 retioellevidens,
1760 3271 1970 3361 quicdeune

356 3394 419 3444 ans
453 3365 502 3441 rte·
520 3369 600 3465 ipſs,
620 3370 736 3452 idest,
757 3392 819 3458 per
832 3367 1001 3440 Christum
1019 3379 1054 3442 dt
1073 3394 1154 3458 oro-
1175 3376 1356 3461 ecdemque
1391 3367 1580 3446 discessione
1609 3368 1772 3465 ,poncius
1807 3364 1968 3453 loquitor.

356 3491 431 3559 poet
446 3467 616 3543 Cluilium
631 3489 738 3560 geom
754 3464 936 3538 homonum
950 3468 995 3537 cll
1011 3471 1086 3539 Deo
1097 3490 1147 3540 re-
1175 3470 1262 3560 Que
1283 3467 1387 3543 suerit
1409 3490 1710 3543 commentotoront
1733 3466 1871 3536 istorum
1898 3456 1970 3535 sco·

357 3564 577 3640 conciliatum.
666 3569 756 3655 Ergo
788 3562 854 3635 hoc
885 3562 1075 3652 exemplum
1103 3567 1150 3637 eli
1174 3568 1275 3639 tentio
1291 3591 1331 3639 ex
1352 3566 1428 3657 infit
1446 3590 1564 3640 eorum
1581 3566 1689 3640 verbis
1706 3566 1819 3652 liquet.
1859 3558 1969 3645 Chry·

357 3655 628 3761 scrpocico‘cucm.
643 3664 853 3733 Adtertiem:
865 3660 1149 3760 apostolomloqoi
1171 3657 1330 3736 sollemne
1348 3664 1464 3737 homil.
1480 3670 1571 3737 xlx.
1586 3668 1620 3735 in
1648 3667 1837 3737 iconum.
1875 3652 1967 3755 Quo·
2105 3700 2109 3713 ·

357 3764 390 3835 le
416 3760 575 3855 coniugio
595 3758 763 3832 concretio
788 3759 875 3831 inter
900 3758 1071 3857 infideles,
1107 3760 1146 3833 de
1170 3762 1262 3833 niam
1285 3759 1327 3835 ft*
1347 3773 1484 3858 propter
1511 3763 1749 3835 continentium
1771 3754 1812 3831 st
1830 3768 1967 3855 propter

357 3881 412 3933 uro
427 3856 597 3929 Dominus
612 3856 701 3929 nitet
712 3868 930 3953 praeceperat,
953 3861 1052 3948 idque
1067 3884 1146 3949 pro·
1169 3858 1261 3933 olins
1278 3858 1412 3956 cousus,
1437 3854 1606 3953 ὃῑὸλλας
1616 3853 1821 3957 crpooc'ocec,
1850 3854 1891 3930 ft'
1899 3881 1964 3952 pat·

357 3979 405 4031 rot
422 3980 468 4030 cx
476 3956 597 4049 soemo
614 3953 790 4050 loquendi:
816 3958 952 4029 caercris
966 3980 1035 4046 ego
1052 3959 1143 4041 dico,
1162 3956 1365 4053 fisli‘onimi
1380 3955 1559 4054 scrupulos
1580 3954 1794 4051 contingebat
1805 3954 1887 4050 fieri
1910 3954 1964 4028 dt'·

357 4082 414 4130 ton
429 4058 602 4127 Dominus.
651 4050 849 4146 Atquondo
866 4052 1142 4127 iubctrcxoremo
1168 4057 1333 4152 uc'ſsooer,
1371 4057 1489 4129 metius
1521 4058 1676 4152 quidem,
1716 4055 1851 4149 inquit,
1888 4063 1962 4125 erot

358 4156 421 4229 iro
445 4176 511 4223 non
531 4149 708 4246 discedere,
738 4149 778 4223 st
794 4154 826 4249 st
847 4146 1044 4247 desccfferit,
1072 4176 1142 4226 mo·
1166 4156 1301 4227 omnino
1324 4177 1391 4227 ooo
1403 4155 1503 4254 fieri,
1528 4151 1592 4250 sed
1606 4156 1639 4253 st
1647 4150 1779 4247 sotium
1795 4153 1860 4250 stt,
1890 4172 1961 4224 mo·

358 4276 419 4329 ere
450 4251 649 4346 innuptam,
687 4251 834 4344 loquitur
861 4250 901 4321 de
926 4250 1142 4324 nrotrimonio
1164 4263 1243 4324 neat
1258 4276 1349 4326 uxor
1369 4277 1441 4326 crem
1461 4256 1604 4336 marito,
1630 4253 1686 4351 etst
1704 4275 1769 4326 oon
1786 4252 1831 4343 cii
1848 4251 1960 4343 μίξει,

357 4348 515 4425 onerato
536 4350 622 4421 iuter
635 4347 778 4446 fideles,
811 4347 898 4442 quoti
921 4345 1071 4449 Christus
1090 4352 1140 4423 in·
1164 4373 1200 4421 eo
1222 4361 1349 4436 tamen,
1383 4351 1470 4446 quod
1490 4351 1613 4425 nullum
1635 4351 1742 4423 olium
1764 4349 1875 4422 uirum
1896 4350 1959 4422 ud.-

357 4443 815 4543 osttbileeffepronumiouit.
866 4442 965 4535 Resp.
984 4471 1050 4518 non
1068 4470 1138 4520 ten.
1164 4448 1275 4522 docnt.
1354 4455 1393 4520 Et
1420 4451 1554 4537 polleo:
1598 4445 1691 4545 Quid
1710 4450 1817 4522 dicis:
1858 4448 1898 4521 Si
1911 4451 1959 4539 fit

357 4573 412 4623 rm
435 4544 602 4631 fidelium,
618 4542 682 4616 -sed
703 4546 802 4616 etiam
822 4541 1004 4615 infidelium
1027 4549 1140 4618 matri·
1162 4549 1291 4640 quidem
1307 4546 1468 4641 infidelis,
1496 4560 1628 4622 moneat
1647 4571 1719 4619 cum
1734 4568 1847 4621 uxore.
1892 4542 1956 4618 Sic

357 4644 494 4722 ionium
511 4646 558 4714 cll
576 4644 795 4717 ioditiduodc
815 4637 1041 4712 indissolubilis
1057 4667 1122 4716 con
1161 4657 1270 4717 nutem
1293 4646 1509 4738 ‘fornicatum
1549 4643 1787 4743 nequaquam?
1843 4641 1957 4739 Atqui
2074 4660 2077 4667 '

357 4744 468 4819 inuio
496 4744 591 4811 unius
620 4740 772 4811 moris&
800 4741 895 4809 unius
926 4738 1070 4810 soeminae
1097 4767 1136 4814 ex
1153 4742 1346 4837 fornicatio
1366 4746 1475 4817 minuc
1492 4749 1536 4844 est
1554 4758 1739 4842 peccatum,
1764 4744 1956 4840 quaminfi·

357 4842 544 4917 istitutione
564 4833 904 4941 divino'clescendens3
934 4834 1050 4909 falsum
1072 4841 1135 4931 igi·
1158 4841 1293 4916 delitus.
1366 4841 1489 4917 Minus
1518 4845 1647 4940 quidem
1675 4847 1717 4925 eti,
1738 4845 1953 4938 fornicatio,

357 4966 390 5016 rt
412 4939 483 5017 esl,
515 4938 696 5007 Dominum
718 4940 760 5008 de
780 4937 934 5047 coniugio
955 4939 1041 5008 inter
1061 4936 1133 5011 infi·
1150 4940 1214 5037 sed
1234 4938 1328 5014 Dm
1341 4939 1411 5033 fuir
1434 4942 1534 5015 vaide
1549 4943 1661 5039 parcit
1680 4940 1748 5016 &c
1808 4940 1954 5040 ernrno·

358 5036 429 5115 elce
448 5038 619 5105 controtlo
639 5031 721 5105 nihil
742 5026 941 5124 precepisse.
966 5088 968 5095 .
992 5037 1133 5137 Si-enim
1158 5038 1202 5111 do
1225 5035 1399 5135 permifficr
1417 5045 1462 5140 cst
1490 5066 1562 5114 crem
1589 5041 1721 5139 infideli
1746 5044 1952 5129 concutitur,

358 5129 523 5211 ,lidcliom
552 5133 800 5209 matrimonium
819 5135 865 5206 ell
885 5154 1003 5206 verum
1019 5139 1135 5209 metri·
1160 5139 1197 5213 ἐκ
1217 5138 1353 5214 muliere
1376 5151 1486 5213 ouum
1505 5142 1702 5238 fornicante
1721 5165 1788 5217 noo
1813 5139 1954 5240 adcusa-

388 5228 486 5311 Tom.
510 5225 625 5309 XVI.
1208 5240 1230 5310 s
1585 5352 1587 5356 Ι
1902 5253 1958 5316 tor
