4884 5984
801 506 862 577 oa
912 503 1113 576 tratetis
1164 501 1404 593 coqucn.
1827 467 1908 597 aar

344 697 404 776 sier
425 696 554 797 servire
583 697 732 798 a'ebaissi.
797 697 876 794 ΙΙΙ.)
902 704 947 770 Ex
964 698 1078 771 uariis
1101 698 1238 768 tinentia
1265 699 1365 770 vitain
1392 687 1645 784 transegerunr3
1672 716 1783 766 tamen
1810 697 1901 785 quoi

345 798 457 896 inpiis.
508 794 608 887 Resp.
629 799 686 869 illo
709 794 781 868 sunt
802 793 993 876 dissimilia,
1017 821 1077 867 nec
1103 794 1318 866 Bellermlnus
1334 798 1367 865 in
1384 791 1448 882 seq.
1463 820 1536 884 cap.
1551 792 1727 883 respondet
1737 797 1778 866 ad
1788 813 1899 865 exem·

344 902 486 971 ,lliruunt
495 896 686 987 generalem
697 894 868 987 regulam,
891 919 989 981 quarn
1005 895 1077 965 abs·
1101 891 1321 981 oscillorum,
1340 896 1397 981 qui
1415 895 1517 964 invita
1536 917 1635 964 uxore
1651 894 1898 980 matrimonium

344 999 542 1068 evocatione
563 1003 598 1067 tc
619 993 779 1088 peculiari
795 997 860 1065 Dei
880 994 986 1084 gratio
1005 994 1077 1079 qni·
1101 986 1265 1063 solventes
1293 993 1485 1064 monasteria
1515 986 1587 1061 sunt
1614 987 1777 1083 ingressi,
1807 993 1898 1061 idem

344 1115 366 1164 tt
383 1101 559 1182 conjuges,
585 1096 686 1162 modo
704 1087 832 1171 uelint,
863 1086 951 1177 sequi
972 1090 1076 1159 statim
1102 1090 1200 1159 etiam
1221 1091 1286 1160 illia
1303 1087 1462 1175 exemplis
1481 1087 1611 1160 obverti
1629 1092 1760 1176 potest,
1784 1088 1899 1160 videliss

344 1189 414 1263 tint.
467 1192 545 1290 Qua
566 1192 672 1280 gratia
692 1186 853 1280 Josephns
874 1199 907 1259 &
930 1192 1035 1258 Maria
1059 1211 1077 1257 a
1102 1209 1155 1257 cet
1176 1181 1239 1256 else
1258 1186 1313 1257 illa
1327 1183 1610 1257 inanimatorum
1626 1186 1816 1259 admiranda
1830 1207 1899 1258 non

347 1284 457 1380 gressu
474 1289 615 1359 maritali
635 1287 977 1370 abstinuerunt,‚com
1005 1287 1077 1356 abc·
1102 1286 1282 1363 inritando,
1306 1308 1344 1354 ac
1362 1281 1641 1356 credendumelse
1658 1282 1899 1372 peculiariSpi·

344 1415 349 1457 t
380 1388 552 1457 vocatione
586 1385 642 1455 alii
674 1393 833 1474 conjuges
855 1405 981 1456 temere
1020 1379 1079 1452 sibi
1102 1384 1184 1452 ritus
1199 1377 1299 1453 sancti
1318 1384 1488 1453 admonitu
1510 1385 1544 1453 id
1559 1378 1683 1452 facturn
1698 1380 1763 1452 else
1777 1401 1900 1467 oraret

344 1486 478 1566 mittere
494 1507 562 1554 non
584 1483 717 1555 debent.
770 1480 937 1575 Cassianus
967 1479 1075 1552 collat.
1102 1503 1313 1551 communem
1341 1482 1491 1550 ordinem
1513 1503 1551 1551 ac
1579 1480 1701 1570 legem.
1734 1476 1829 1574 lv.)
1856 1485 1901 1550 Ex

344 1582 383 1653 V.
405 1605 479 1668 cap.
497 1578 579 1653 Vll.
606 1585 777 1671 postquam
802 1577 985 1657 narrasset,
1012 1577 1078 1650 lai·
1101 1580 1242 1651 ratione.
1300 1566 1386 1660 Tota
1406 1574 1530 1672 caasa,
1562 1600 1621 1648 cur
1642 1599 1712 1648 non
1729 1574 1829 1649 liceat
1850 1578 1902 1649 ai·

344 1703 357 1749 r
389 1677 562 1774 quemdam
588 1691 767 1776 parentant
798 1679 832 1751 ui
869 1671 912 1748 fis·
939 1675 1077 1772 imperio
1102 1699 1140 1750 ro
1168 1675 1321 1772 profiteri
1343 1677 1603 1757 continentiam,
1627 1678 1694 1774 est,
1724 1677 1803 1771 qnia
1834 1697 1900 1747 non

344 1773 491 1874 rpulsttm
506 1800 643 1850 uxorem
661 1774 808 1873 duxisti,
832 1771 873 1848 Θ
885 1795 957 1845 eam
975 1785 1012 1847 ut
1022 1771 1080 1870 so·
1102 1771 1202 1847 habet
1225 1776 1417 1872 potestatem
1442 1773 1503 1870 fiai
1529 1775 1704 1869 corporis,
1744 1771 1784 1846 8
1805 1798 1900 1846 nemo
1926 1831 1938 1852 .,

344 1899 392 1947 ern
406 1871 572 1972 sabaiffer
599 1872 790 1965 subjungit,
816 1872 924 1946 molta
945 1870 1080 1947 retieab
1100 1876 1205 1972 potest
1225 1896 1292 1946 rent
1314 1872 1460 1946 alienam
1479 1873 1604 1946 donare
1621 1871 1730 1945 invito
1752 1872 1902 1963 domino,

344 1975 369 2045 is
389 1978 479 2074 gesto
496 1997 654 2070 magnam
678 1974 761 2046 aliis
786 1970 1000 2045 imitantibus
1019 1971 1080 2042 ad·
1105 1968 1161 2042 At
1184 1973 1247 2071 ista
1267 1969 1367 2067 caasa
1387 1968 1503 2069 crſjat,
1528 1994 1601 2044 cam
1625 1996 1674 2044 ex.
1689 1967 1843 2067 consensa
1852 1972 1901 2069 fit

344 2065 395 2167 iffe
408 2073 600 2168 perniciem.
650 2079 739 2164 Ergo
762 2073 796 2141 in
823 2073 954 2160 pietatis
976 2072 1081 2141 audio
1104 2081 1229 2143 vatam.
1279 2067 1379 2157 Resp.
1404 2095 1440 2143 ut
1465 2097 1548 2143 unus
1568 2079 1749 2161 conjugum
1775 2070 1903 2150 alteri,

344 2197 353 2241 t
379 2191 448 2241 tam
469 2175 510 2244 ad
538 2166 690 2260 specialia
718 2169 904 2241 sanctorum
928 2166 1081 2255 exenrpla
1104 2171 1149 2241 ita
1167 2192 1306 2256 uterquc
1323 2193 1384 2260 per
1403 2169 1493 2260 leges
1515 2171 1660 2259 conjugii
1686 2171 1761 2240 Deo
1784 2167 1903 2239 oblini.

344 2293 385 2339 tm
403 2271 445 2341 ad
470 2262 701 2358 prescriptum
727 2268 821 2338 verbi
853 2277 888 2340 δι
921 2275 1080 2354 cujusque
1104 2271 1175 2339 tior
1197 2265 1369 2350 ell‚·alias
1391 2272 1490 2339 etiam
1508 2266 1676 2340 vinculum
1700 2264 1903 2337 matrimonii

344 2366 495 2439 ationem
509 2359 776 2454 respiciendum,
801 2366 835 2435 it
851 2365 941 2452 quod
959 2362 994 2434 b.
1018 2389 1081 2433 no-
1107 2361 1280 2435 dilsolvere
1305 2361 1363 2434 suo
1388 2364 1526 2437 arbitrio
1559 2374 1592 2438 δι
1619 2359 1757 2438 dili'ensu
1785 2385 1902 2435 murno

344 2461 532 2557 lutherus
558 2488 598 2534 ex
631 2462 709 2553 Joh.
726 2459 819 2533 XXI.
839 2485 895 2538 22.
922 2463 957 2531 in
978 2459 1084 2549 expli·
1107 2458 1247 2552 pollent.
1296 2455 1478 2534 Consensus
1507 2460 1669 2533 humanus
1703 2486 1771 2542 non
1797 2463 1905 2552 potest
2007 2495 2009 2504 ·

344 2561 488 2649 ‚pollill
498 2562 669 2653 eleganter
682 2560 822 2650 colligit.
871 2561 978 2639 Adde,
994 2562 1084 2646 quod
1108 2557 1226 2632 tollere
1243 2561 1482 2632 ordinationem
1497 2561 1654 2630 divinam.
1686 2556 1810 2639 Causa,
1824 2571 1908 2650 pr'o-

344 2661 442 2744 riqoe
467 2662 510 2730 in
528 2660 645 2731 iisdem
667 2657 791 2729 aedibus
815 2657 983 2736 vixerint,
1006 2681 1083 2727 cum
1107 2659 1520 2744 pterquamternerarium
1544 2678 1712 2745 perpetuae
1733 2660 1905 2728 contineo·-
1960 2695 1965 2706 ·
2008 2677 2010 2682 ·

344 2754 450 2827 ntificii
470 2764 627 2846 coniuges
645 2779 707 2845 per
728 2778 844 2826 votum
864 2751 1028 2843 separatos
1049 2755 1083 2824 in
1108 2756 1162 2824 tia
1189 2776 1303 2834 votum
1332 2756 1528 2844 conjugibus
1554 2754 1802 2841 improbamus,
1834 2754 1906 2826 hac

344 2848 417 2942 'ersa
442 2855 637 2926 monasteria
661 2856 871 2931 detrudant,
901 2856 989 2939 quod
1012 2854 1084 2937 qui·
1108 2852 1172 2935 est,
1194 2855 1283 2938 quod
1302 2876 1467 2941 exponant
1484 2848 1515 2924 se
1533 2852 1764 2923 tentationibus
1789 2845 1907 2923 satana

344 2975 369 3021 n
403 2973 446 3023 ex
480 2951 617 3023 illorum
650 2975 790 3021 numero
824 2953 864 3020 ad
893 2948 1084 3039 conjugium
1109 2958 1145 3021 δι
1164 2947 1315 3036 periculo
1334 2952 1576 3021 incontinentia
1599 2972 1716 3038 parum
1741 2954 1907 3021 memoret

344 3057 411 3124 etei
463 3045 670 3121 voluntatem
716 3046 840 3119 fuerint
889 3044 1049 3134 compulsi
1074 3093 1085 3125 ,
1109 3045 1196 3118 illios
1211 3043 1399 3135 apostolici:
1428 3045 1650 3120 Reuertimini
1668 3048 1710 3120 in·
1725 3046 1764 3120 id
1781 3044 1905 3145 ipsam,

344 3147 380 3217 td
431 3141 556 3217 suerint
615 3154 683 3233 jam
743 3153 862 3216 aetate'
897 3139 1084 3236 provecti,
1106 3151 1150 3217 'ne
1168 3154 1270 3217 tentet
1284 3167 1343 3240 uos
1351 3143 1507 3239 satanin.
1792 3156 1794 3160 '
1907 3197 1930 3240 g

344 3244 380 3313 >d
456 3244 650 3336 conjugium
718 3240 865 3331 ipsorum
935 3244 1085 3313 nondum
1196 3247 1223 3330 ς.
1262 3244 1528 3315 ccccxttu'
1559 3248 1650 3317 Con·
1704 3264 1883 3348 conceptio,

344 3341 391 3409 rit
413 3336 687 3414 consummatum.
738 3341 892 3427 Denique
916 3337 1006 3410 nulla
1027 3361 1084 3409 ne·
1107 3336 1233 3432 gressus
1261 3341 1418 3411 maritalia
1450 3341 1650 3430 consequens
1721 3345 1758 3407 rte
1778 3364 1838 3426 qua

344 3433 446 3509 Eratis
467 3436 543 3528 lege
573 3438 856 3528 constringimur,
885 3457 922 3505 ot
946 3436 1086 3505 historiis
1108 3440 1167 3509 eli.
1181 3439 1366 3533 conceptio,
1398 3463 1470 3526 qua:
1499 3465 1579 3514 vere
1603 3444 1651 3512 ett

344 3533 528 3606 tennitas
554 3533 655 3607 fidem
678 3534 867 3607 habeamus.
904 3535 1085 3624 Gregorius
1109 3556 1235 3606 naturae
1256 3535 1474 3617 miraculum,
1499 3531 1562 3610 nec
1585 3536 1722 3611 inferius
1745 3540 1906 3631 dignitate

344 3634 478 3706 ronicur
496 3637 537 3704 de
560 3633 669 3725 gloria
691 3631 823 3704 consess.
846 3656 917 3720 cap.
940 3627 1085 3705 xxxlt.
1111 3628 1281 3721 opificium
1297 3636 1406 3720 prima
1422 3635 1523 3722 primi
1544 3634 1685 3708 hominis
1706 3633 1906 3713 formatione

344 3727 413 3809 ert,
439 3729 534 3826 qaod⁴
549 3754 621 3803 cam
649 3754 695 3802 ex
719 3727 846 3802 duobus
866 3725 1085 3821 conjugibus,
1111 3755 1150 3800 ex
1168 3729 1249 3800 limo
1269 3751 1364 3801 terre
1377 3727 1472 3803 satta.
1493 3731 1609 3807 Genes.
1623 3731 1682 3806 lV.
1706 3762 1734 3805 ι.
1784 3734 1904 3810 Adam

344 3824 488 3925 'semper
501 3852 545 3900 ex
561 3824 715 3924 consensa
737 3831 821 3923 caste
835 3827 1011 3914 vixerant,
1033 3823 1087 3897 at·
1111 3828 1270 3922 cognouit
1287 3850 1425 3900 uxorem
1445 3826 1565 3925 suam,
1597 3852 1669 3928 qaae
1692 3838 1840 3932 concepit
1866 3834 1908 3910 8

344 3935 513 4002 amorraei
525 3922 618 4023 effet,
650 3925 738 3999 oster
753 3929 789 3999 in
806 3925 876 3998 ltaet
889 3922 990 3999 verba
1008 3947 1087 4020 pro·
1106 3925 1238 4022 peperit
1245 3952 1258 4004 ,·
1287 3929 1321 3996 in
1338 3951 1410 4013 qnae
1430 3931 1530 4001 verba
1550 3954 1788 4005 commentatos
1800 3936 1911 4007 bau·-

344 4023 435 4110 rerit:
461 4021 688 4098 Gratiartibi
705 4046 772 4119 ago
789 4024 1087 4118 omnipotentem·
1112 4023 1226 4096 therua
1252 4021 1364 4095 scribit
1391 4022 1450 4099 fot.
1480 4048 1534 4115 55.
1609 4023 1708 4125 Quod
1737 4031 1878 4104 additor
1894 4083 1912 4115 ,
1998 4044 2008 4062 ·

344 4145 402 4208 er,
424 4123 512 4219 quoii
531 4122 795 4217 lantpertum,
817 4125 904 4219 ficut
921 4145 994 4193 eam
1017 4132 1088 4193 tro·
1112 4125 1243 4194 Hevam
1259 4118 1468 4213 cognovisse,
1486 4124 1614 4223 figuram
1630 4126 1833 4221 ejimelioris
1847 4151 1908 4201 na-

344 4221 408 4320 lifli
432 4221 666 4317 impollutam,
696 4217 736 4293 ὅ
758 4219 801 4293 ab
821 4220 914 4292 omni
932 4219 1086 4317 volunta
1113 4229 1214 4303 tarn,
1238 4229 1336 4314 niam
1352 4217 1448 4293 nodie
1462 4213 1526 4320 est,
1551 4248 1616 4298 non
1631 4228 1718 4298 enim
1736 4227 1835 4320 sacre
1856 4240 1908 4301 tot

356 4322 514 4416 contagio
530 4343 675 4416 puram,
701 4320 753 4390 ita
775 4316 841 4391 tibi
859 4319 1010 4415 restituo:
1038 4315 1089 4389 It·
1113 4318 1210 4390 irriti
1223 4314 1427 4414 congreffies,
1439 4321 1527 4419 strat
1541 4323 1577 4394 in
1593 4323 1659 4396 troc
1676 4326 1792 4398 mandi
1800 4324 1910 4423 senia,

344 4439 423 4492 aera
438 4420 567 4516 etiamst
586 4428 718 4490 mortua
734 4412 824 4512 mser,
840 4413 1019 4511 subridens
1036 4416 1089 4488 ai·
1106 4413 1169 4511 sed
1178 4413 1283 4512 semel
1298 4413 1436 4511 cognita
1454 4416 1537 4491 Eua
1556 4420 1599 4496 ab
1613 4419 1752 4495 Adana
1761 4421 1826 4520 sao
1834 4428 1910 4526 sta·
2022 4412 2024 4416 ¹

344 4515 409 4589 tit:
433 4516 508 4592 Sile
534 4518 589 4590 vir
611 4513 700 4596 Dei,
722 4517 888 4609 quianon
914 4509 1090 4614 eflireceffe
1114 4514 1176 4587 tim
1196 4514 1432 4611 impregnata.
1483 4523 1535 4591 Ut
1554 4541 1664 4592 autern
1680 4526 1721 4597 de
1738 4523 1906 4618 conjugali
1992 4542 1994 4547 ·

344 4614 447 4712 tloqai
469 4615 627 4716 nostram'
641 4616 769 4688 nemine
792 4614 1020 4709 interrogante
1036 4610 1090 4707 se·
1113 4610 1317 4703 congresso,
1343 4615 1387 4685 ita
1405 4638 1537 4703 qnoque
1555 4620 1596 4688 de
1615 4616 1728 4692 fructu
1744 4632 1780 4696 δι
1796 4619 1908 4697 ιοιιίιέ

344 4724 424 4789 tam.
477 4716 563 4808 Quis
582 4713 658 4784 huic
675 4710 804 4785 sabellae
820 4710 919 4783 sidem
935 4709 1088 4784 habebit?
1113 4731 1235 4796 querite
1256 4713 1421 4800 ejusdem,
1453 4712 1606 4788 videlicet
1627 4718 1669 4789 rie
1691 4722 1909 4811 conceptione

344 4813 466 4906 tidqoid
493 4812 531 4884 lit
544 4810 613 4902 ,s
644 4810 698 4883 vel
725 4811 866 4881 maxime
898 4806 1090 4881 adserantur
1115 4805 1297 4884 honorifice
1318 4834 1356 4880 ac
1380 4834 1573 4886 reverenter
1594 4817 1732 4903 Spiritus
1759 4815 1909 4906 santius,

344 4909 584 5001 tmpla-taliunt
609 4908 815 5005 conjugunt,
841 4909 898 4995 qui
914 4932 953 4978 ex
975 4930 1091 4980 mutuo
1115 4910 1172 4994 qui
1199 4908 1247 4977 est
1277 4909 1416 4996 Spiritus
1441 4912 1592 4982 castitatis
1618 4922 1652 4985 tr
1674 4917 1914 5012 σωφροσύνης,

344 5005 448 5083 rscnsu
478 5030 676 5098 perpetuam
723 5008 959 5079 continentiam
991 5029 1093 5078 vove·
1115 5003 1288 5091 loquitur,
1323 5029 1361 5077 ut
1386 5009 1428 5077 ad
1452 5009 1570 5080 divina
1592 5014 1832 5096 oronaenriae,
1863 5011 1910 5085 sn
1956 5085 1959 5092 ,
2066 5085 2069 5096 ,

344 5128 388 5194 tr,
407 5131 446 5184 ae
464 5110 522 5203 pie
541 5115 577 5183 tr
592 5107 715 5201 pudice
728 5100 788 5181 sab
805 5102 866 5186 hac
883 5106 996 5185 votiva
1011 5128 1091 5182 con·
1113 5104 1266 5195 pientia,
1292 5105 1449 5195 potentie
1466 5130 1506 5203 ac
1520 5102 1769 5210 beneficentia,
1791 5112 1827 5184 in
1846 5108 1913 5183 hoc
2038 5139 2048 5148 ·

1162 5200 1265 5295 lli3
1787 5230 1918 5293 necre
