4884 5984
298 539 301 544 ·
371 449 450 609 „2
504 487 507 492 ’
723 513 876 590 noers
900 516 1028 588 xxm.
1079 511 1180 589 cer.
1205 516 1249 589 n.
1299 512 1447 588 utun
1474 518 1501 586 1.
1550 500 1662 612 ent.
1683 508 1716 586 r.

279 763 283 775 ·
386 711 533 804 traciam
554 718 586 789 te
607 711 738 812 religit
760 692 1009 794 municionem,
1032 733 1072 787 ne
1093 706 1212 811 amrffa
1237 723 1331 789 retur
1352 710 1388 786 in
1409 710 1478 787 illis
1498 707 1667 810 Christus,
1701 703 1745 783 il
1766 703 1972 804 calefaciens
1988 714 2030 780 ta

387 816 466 889 uiro
484 813 615 902 nubae,
654 824 876 914 quantumque
908 836 975 888 nan
1004 809 1213 911 deputareris
1237 835 1336 911 paam
1351 814 1472 888 natrix
1482 810 1648 911 parvulos
1657 805 2030 911 fiaeidaceneiaquaecla

384 914 544 990 adultera
554 912 655 1011 salia
666 969 676 1002 ‚
689 913 793 990 alteri
806 916 881 989 uiro
894 917 968 1017 posi
986 925 1125 989 mortem
1139 934 1214 1014 upa·
1234 937 1297 1012 per
1310 915 1462 1024 vniam,
1482 936 1550 986 nan
1563 936 1625 1008 per
1642 910 1843 1007 impetimur
1859 908 1960 982 aliud
1973 907 2030 981 eei

382 1015 452 1090 eui
463 1018 520 1117 ,st
538 1013 647 1088 adleue
663 1018 699 1089 in
724 1014 796 1111 lege
817 1037 917 1111 regere
938 1010 1093 1099 deberes,
1117 1021 1213 1087 tanta
1237 1016 1281 1116 efl
1302 1012 1495 1111 indulgere,
1531 1009 1630 1084 aliua
1650 1008 1789 1107 jubere,
1812 1007 1956 1107 proinde
1982 1017 2030 1084 ten

385 1136 432 1188 ea
452 1117 643 1217 diuersttate
658 1114 865 1189 conditionis
885 1110 1051 1189 adulterii
1073 1124 1105 1185 te
1124 1133 1214 1210 pra·
1234 1109 1389 1213 paralern
1409 1113 1580 1187 licentiam
1598 1108 1928 1208 permittens-denua.
1940 1104 2030 1182 nubet

378 1212 518 1313 judicat
533 1218 607 1317 post
628 1225 765 1289 martem
785 1213 905 1289 mariti
926 1212 996 1288 alii
1014 1210 1186 1289 nubentem
1203 1214 1276 1299 ,ui
1294 1224 1435 1312 propter
1464 1212 1698 1312 infirmitatem
1729 1211 1874 1297 carnis,
1908 1228 2030 1306 querna

408 1314 465 1387 uia
476 1318 553 1411 jam
569 1316 777 1416 mortificata
796 1311 938 1410 relegi,
957 1335 1024 1392 noa
1047 1313 1151 1414 potest
1171 1311 1215 1385 ti·
1238 1314 1373 1387 maclum
1389 1309 1512 1408 Mases
1532 1303 1735 1409 repudiandi
1751 1319 1892 1408 propter
1903 1307 2030 1384 duritie

294 1487 299 1494 ,
383 1337 546 1498 illicere,
563 1412 792 1515 cumreceffisti
810 1410 917 1494 alea,
930 1413 1022 1513 apud
1040 1409 1216 1511 quamtibi
1237 1411 1365 1489 cardin
1427 1410 1550 1487 Similia
1573 1431 1754 1484 occurrunt
1782 1412 1873 1501 epod
1896 1411 2029 1484 Hieron

385 1510 523 1589 licebat.
573 1508 678 1606 Resp.
703 1515 739 1586 in
759 1512 822 1590 hec
838 1514 1035 1604 exceptione
1059 1514 1215 1585 commit·
1238 1538 1332 1587 mune
1346 1510 1424 1586 libr.
1444 1512 1469 1586 l.
1487 1533 1602 1584 contre
1615 1509 1871 1604 joviniumpeg.
1887 1535 1942 1599 ις.
1962 1507 2030 1679 Rp

383 1613 468 1685 titur
497 1636 570 1686 tum
592 1613 717 1711 petitia
740 1612 932 1712 principii,
958 1616 1034 1703 quie
1061 1613 1211 1685 nondum
1236 1637 1423 1705 negemur,
1460 1609 1646 1702 apostolom
1669 1606 1824 1682 edversus
1850 1608 1977 1703 regule
2013 1634 2030 1682 u

239 1707 242 1712 ’
382 1710 566 1818 probatum
583 1714 649 1796 eli,
677 1715 809 1785 iteretur
830 1716 963 1804 nuptias
982 1715 1018 1784 in
1035 1706 1212 1802 evengelio
1236 1708 1381 1785 formem
1399 1736 1462 1802 pro
1487 1711 1676 1785 cotrditione
1702 1731 1894 1798 temporum
1914 1706 2030 1786 nobem

228 1825 231 1832 '
381 1811 590 1900 prohibitae,
615 1836 688 1901 quae
705 1812 782 1905 lege
797 1813 1018 1886 tinnuerunt
1033 1807 1212 1889 conceffae,
1237 1810 1405 1884 licentiam
1431 1807 1578 1885 foeminis
1608 1804 1756 1888 dediffe‚
1797 1834 1873 1880 cum
1904 1803 2030 1901 expeti]

384 1929 457 1982 tum
525 1899 863 2010 aleppreeletextur.
882 1912 961 2000 quir
980 1936 1047 1982 non
1063 1905 1214 1987 obedien·
1238 1910 1349 1984 verbis
1366 1912 1470 1983 dicat:
1493 1908 1662 2003 βέλομαι
1686 1901 1844 2005 rearipae
1865 1906 2030 2007 χιὶραςγι

382 2008 462 2089 tice,
498 2012 543 2106 erl
556 2006 803 2082 malediRianr's
822 2004 975 2100 respectu
990 2009 1057 2108 legi
1070 2011 1214 2082 dicimur
1237 2010 1333 2105 perir.
1366 2036 1376 2079 ι
1393 2011 1482 2081 Tim.
1502 2009 1548 2082 V.
1568 2034 1621 2102 ¹4·
1648 2030 1727 2079 cum
1746 2006 1921 2079 mulierem
1942 2032 1962 2079 e
1983 2006 2030 2099 lep

273 2179 276 2184 ,
378 2110 535 2200 mortui‘,
561 2133 599 2184 ec
628 2132 691 2199 per
718 2132 838 2207 carpas
861 2107 1009 2190 christi,
1041 2132 1104 2199 per
1123 2110 1212 2197 quod
1236 2106 1471 2184 mercimonieli
1493 2131 1554 2197 per
1569 2127 1713 2179 mortem
1730 2110 1841 2178 meriti
1862 2104 2030 2178 libereriel

379 2207 527 2280 dicimur
540 2206 610 2301 legi
620 2207 832 2294 mortificati,
849 2206 1213 2301 nonintelligiturcor·
1236 2230 1308 2291 cet,
1323 2230 1361 2281 ut
1373 2208 1428 2282 cui
1443 2205 1545 2291 uelit,
1561 2206 1688 2279 nubere
1703 2201 1822 2296 polilt,
1852 2231 1864 2282 ι
1882 2201 2027 2278 Cor.Vl

381 2329 447 2397 pur
463 2308 634 2408 mysticum
649 2329 690 2378 ac
698 2304 907 2405 spirituale,
934 2310 1026 2394 quod
1041 2308 1088 2379 est
1104 2306 1211 2379 eccle·
1241 2330 1295 2397 39.
1347 2309 1433 2402 Quae
1448 2306 1654 2394 probetionis
1671 2303 1747 2378 loco
1761 2302 1988 2377 Tertullianus
2001 2329 2030 2375 et

288 2445 291 2450 ·
380 2402 451 2490 fia,
478 2399 534 2481 sea
548 2406 725 2503 proprium
746 2431 784 2479 ec
800 2402 977 2504 personale
998 2402 1124 2480 Christi
1138 2429 1211 2476 cor·
1235 2410 1345 2494 ducit,
1372 2404 1485 2477 inillis
1505 2407 1647 2477 menime
1673 2404 1949 2476 animaduertitur
1970 2400 2030 2484 dit]

380 2521 465 2594 pus,
495 2527 533 2578 ut
551 2502 590 2577 lit
611 2500 738 2579 sensus:
764 2508 842 2593 quie
858 2502 983 2576 Christi
998 2527 1212 2593 corpuspro-
1237 2506 1402 2577 militudo.
1452 2501 1672 2579 circumcisio
1688 2512 1724 2577 ἀ
1742 2505 1824 2574 ritus
1845 2500 2030 2576 nafiraeortu

381 2621 462 2691 pter
480 2627 540 2676 nos
556 2602 793 2677 mortificatum
813 2603 879 2675 seve
894 2606 927 2674 in
948 2624 1094 2675 mortem
1110 2603 1212 2674 tredi-
1236 2607 1406 2694 pertinent
1426 2604 1467 2675 ad
1483 2603 1593 2694 legem
1615 2601 1890 2685 cerimonielem,
1918 2628 1994 2692 que
2016 2602 2030 2674 l

382 2720 477 2784 tum,
501 2724 543 2774 ee
565 2699 635 2792 ipso
660 2700 815 2776 Christus
833 2698 931 2774 nobis
958 2701 1147 2791 promeruit
1170 2696 1212 2769 li·
1227 2724 1290 2775 cet
1306 2706 1342 2775 in
1360 2728 1439 2775 nov.
1458 2704 1527 2774 teli.
1549 2701 1627 2775 effer
1646 2696 1988 2797 penitut'ebrogete,
2011 2724 2030 2774 o

381 2794 591 2874 hermonem
620 2826 641 2874 e
667 2798 751 2895 legis
772 2798 1031 2889 meledioiione,
1057 2820 1212 2890 peretto·
1235 2826 1313 2874 men
1335 2805 1525 2893 ingratiem
1540 2804 1732 2892 Judeorum
1743 2852 1757 2888 ,
1781 2803 2030 2876 ceremoniisili

381 2921 461 2971 ram
480 2900 757 2973 condonationem
774 2910 808 2973 δι
830 2901 971 2990 Spiritus
994 2894 1095 2971 sanni
1110 2901 1212 2970 dona·
1235 2904 1326 2973 erote
1352 2900 1617 2981 adherentium,
1646 2904 1790 2972 necdum
1818 2904 1861 2973 de
1883 2900 2030 2976 christine

382 2998 531 3080 tionem.
557 3022 619 3088 per
654 3023 754 3087 quem
781 3000 881 3071 etiem
904 3022 1038 3071 curnem
1063 2999 1206 3069 nostrum
1234 2999 1388 3071 libertate
1419 3000 1519 3090 plene
1552 2996 1809 3072 informatorum
1835 3002 2030 3090 apostolati

380 3092 639 3176 mortificemus,
667 3120 705 3167 ut
730 3095 791 3170 huc
810 3100 939 3171 tutione
959 3099 994 3167 in
1016 3120 1095 3176 nos,
1118 3092 1206 3183 quest
1231 3102 1400 3189 principio
1425 3128 1503 3172 nov.
1532 3094 1717 3172 tellementi
1746 3099 1970 3187 quosdemex
1990 3098 2030 3171 ill

376 3218 554 3273 mortuos,
577 3193 630 3269 lex
647 3219 714 3266 non
734 3193 834 3285 poffit
852 3199 919 3268 vim
938 3195 1027 3265 luem
1040 3218 1205 3267 exercere.
1231 3196 1351 3268 ritibus
1368 3194 1546 3270 observare
1569 3197 1694 3279 voluit,
1718 3200 1750 3269 in
1776 3223 1842 3287 quo
1861 3196 2030 3270 secutuse

235 3358 241 3370 ,
381 3295 562 3383 Conjunge
587 3295 746 3367 rl'etr.ll.
764 3318 799 3388 4.
849 3291 974 3383 Scaptis
991 3292 1206 3382 epuiiolinun
1230 3296 1422 3386 exemplum
1456 3296 1660 3384 reliquorum
1693 3296 1946 3384 apostolorum
1979 3300 2030 3371 A&

235 3460 240 3469 ,
381 3392 430 3463 eti
448 3394 588 3474 docere,
613 3395 702 3478 quod
722 3416 779 3472 eo,
806 3416 879 3478 quc
902 3396 941 3462 ad
964 3390 1075 3483 legem
1096 3414 1206 3461 more·
1231 3396 1314 3466 XV.
1331 3421 1388 3485 29.
1417 3392 1471 3465 led
1496 3399 1619 3467 iteretae
1640 3400 1764 3487 nuptiae
1792 3422 1858 3469 non
1885 3401 2030 3484 pertinet

249 3557 252 3563 .
379 3486 447 3563 lem
460 3488 650 3580 pertinent,
673 3492 708 3561 in
726 3514 815 3561 novo
831 3493 1025 3562 testamento
1044 3487 1106 3561 sint
1123 3486 1202 3561 ebo-
1227 3496 1268 3565 ed
1284 3491 1393 3586 legem
1408 3489 1584 3574 forensem,
1599 3494 1651 3568 vel
1667 3494 1913 3567 cerimonielem
1927 3500 1961 3567 in
1976 3521 2030 3569 not

378 3588 460 3675 lita,
486 3584 542 3661 sed
563 3590 652 3677 quod
668 3592 839 3661 credentes
860 3591 894 3660 in
915 3588 1086 3663 Christum
1108 3615 1127 3660 e
1147 3591 1204 3660 de·
1228 3595 1423 3665 testamento
1437 3594 1649 3685 abrogetem,
1676 3620 1792 3666 verum
1809 3591 1881 3665 sunt
1899 3597 1984 3687 juris
1997 3622 2030 3668 nr

378 3690 549 3762 mnetione
566 3687 649 3777 legis
665 3683 726 3758 lint
743 3682 888 3767 liberati,
903 3709 939 3758 ut
957 3686 1032 3778 ipsu
1049 3709 1203 3780 tanquam
1230 3690 1355 3764 tutelis.
1408 3695 1510 3764 Addit
1523 3698 1657 3780 quidem
1677 3692 1924 3776 Tertullianus,
1974 3717 2030 3769 are

379 3788 521 3861 mortuis
535 3785 700 3858 dominici
717 3782 860 3875 emplius
876 3811 943 3858 non
958 3782 1077 3877 potiit,
1102 3808 1140 3857 ut
1156 3806 1206 3858 to-
1230 3788 1350 3863 cletunt
1364 3787 1547 3891 sustuliffc,
1572 3791 1662 3889 quad
1681 3790 1814 3872 Paulus
1838 3793 1920 3866 indu
1952 3803 2028 3868 erat

379 3906 433 3957 tue
449 3903 621 3956 contextus
634 3880 805 3957 menifesse
819 3885 970 3958 ostendit
1020 3888 1205 3958 ViditTer-
1231 3887 1411 3963 seeundum
1431 3886 1554 3964 scilicet
1574 3894 1939 3987 matrimonium,ficut
1950 3890 2030 3970 Cleri

380 3980 537 4054 tollianus
551 3979 650 4070 hujus
666 3984 868 4071 exceptionis
882 3982 1204 4066 infirmitatemideo
1222 3992 1296 4090 stus
1317 3987 1480 4090 frustulit,
1506 3991 1594 4087 quad
1623 3987 1738 4087 Mases
1761 3992 1975 4089 permiserat,
2002 4017 2030 4069 te

338 4075 343 4086 ’
378 4080 476 4155 elitec
497 4082 621 4173 exeipit
648 4103 720 4172 cup.
750 4074 850 4153 XlV.
877 4085 911 4151 in
935 4085 1129 4171 principio:
1161 4077 1205 4155 Si
1230 4093 1369 4172 merarii
1404 4086 1527 4163 scilicet
1559 4094 1712 4163 divortit.
1781 4090 1956 4188 Regnavit
1980 4096 2030 4187 (io

378 4177 529 4279 absolute
549 4177 714 4281 apostolus
731 4176 924 4281 perme‘stffit
946 4182 982 4252 in
993 4182 1066 4280 fide
1086 4177 1203 4278 amiffa
1228 4190 1317 4275 quit)
1347 4188 1478 4261 duritia
1505 4191 1616 4262 corais
1647 4215 1746 4287 usque
1771 4192 1818 4265 ad
1856 4190 2026 4293 Cluilium

377 4281 597 4356 matrimonio
617 4277 754 4367 nubere,
772 4280 911 4379 perinde
905 4280 994 4452 seri
1020 4291 1065 4361 et,
1094 4304 1204 4377 quem·
1228 4289 1384 4382 regnauit
1406 4285 1447 4363 85
1462 4289 1496 4359 in
1525 4292 1646 4363 renitac
1672 4292 1786 4365 carnis
1808 4292 1970 4389 usquead
1985 4313 2030 4390 pe

340 4381 346 4395 '
377 4379 560 4454 canotum
580 4373 621 4453 i!
636 4389 775 4466 cetera,
798 4402 904 4477 quaa
931 4404 988 4453 uer
1003 4378 1201 4475 urforrnam
1227 4386 1397 4460 raclctum.
1502 4414 1567 4461 ava
1595 4389 1654 4463 lex
1679 4389 1817 4493 abstulit
1846 4391 2021 4490 repudium

359 4479 505 4577 <regula
515 4476 590 4577 sua
605 4498 669 4576 pra
695 4476 885 4552 conditione
908 4489 1090 4577 temporum
1108 4477 1203 4580 geffit
1226 4485 1367 4572 hahuit,
1393 4489 1481 4583 quad
1502 4490 1661 4584 arcserret.
1733 4488 1837 4565 Noua
1868 4492 2030 4590 praplreti

378 4578 616 4655 circumcidens
654 4566 860 4652 limatlteum
886 4592 1025 4676 propter
1044 4578 1202 4676 superin·
1218 4583 1397 4681 secundum
1420 4591 1690 4670 matrimonium.
1722 4615 1787 4663 nan
1816 4617 1926 4667 mrnur
1949 4618 2030 4689 repe

377 4676 537 4755 nunccios
553 4674 669 4774 salsas
690 4678 835 4773 fratres,
860 4675 901 4753 &
920 4676 1016 4776 rasos
1040 4677 1200 4774 quosdam
1225 4682 1318 4757 dium
1337 4687 1492 4781 prioric.¹
1526 4694 1588 4762 Sed
1610 4683 1754 4777 quilibet
1774 4692 1866 4768 videt
1891 4719 1931 4766 ex
1951 4689 2030 4786 spiri

376 4771 586 4855 innocencie
606 4777 765 4873 ternplum
779 4789 918 4875 propter
939 4778 1199 4876 obseruationem
1224 4805 1260 4856 tu
1278 4788 1518 4858 Montenillico
1533 4812 1572 4858 ee
1592 4785 1747 4877 proferri.

377 4868 605 5051 Venetorum,
632 4875 712 4957 tte,
742 4880 800 4975 eui
829 4867 981 4953 Galatae
997 4882 1032 4953 iu
1052 4877 1126 4977 lege
1140 4904 1200 4953 uo·
1301 4894 1329 4977 ς.
1356 4889 1571 4958 CLXXXIV.
1635 4888 1699 4977 V.)
1732 4887 1786 4959 Ab
1835 4934 1896 5013 v)
1921 4938 1975 5001 Ab
1997 4942 2030 5006 ἢ

393 4990 481 5053 entes
498 4995 599 5076 agere
612 4977 766 5074 castigat.
817 4972 889 5066 rieul
912 4979 968 5053 e'ta
999 4999 1052 5055 rec
1081 4975 1197 5077 exige·
1220 4978 1392 5057 interditie'
1419 4983 1610 5081 conjugalis
1639 4988 1779 5059 ratione.
1834 4987 1954 5083 pipp-33·
1975 5040 2030 5084 ω,

374 5071 483 5162 lant.
513 5088 551 5151 ut
566 5071 722 5151 annuae
738 5078 853 5154 aucuia
867 5078 984 5177 fieret,
1009 5100 1195 5178 quaomnes
1219 5081 1423 5154 Antichristo
1445 5085 1602 5159 tribuitur
1618 5090 1704 5161 Dan.
1722 5084 1783 5161 Xl.
1829 5098 1949 5181 jugatis
1987 5120 2030 5168 ea

370 5174 911 5286 nemorumnemorum,
936 5173 1038 5263 clame
1052 5179 1191 5277 sarna·
1216 5203 1273 5279 37.
1297 5186 1387 5275 quod
1408 5206 1578 5275 amarem.
1604 5184 1675 5263 uve
1702 5185 1784 5361 dgit-
1891 5178 1980 5251 trane.

566 5339 605 5355 .,
1749 5310 1784 5362 e·
1831 5313 1832 5317 ¹

351 5381 386 5430 re
