4884 5984
561 552 631 628 nn
667 631 670 640 ¹
800 535 1329 616 monstruosorum
1364 525 1968 612 summonitionem.

554 729 624 803 lrm
655 725 718 801 tll'e
747 726 1014 804 indissolubilem.
1088 732 1260 828 Coniuges
1289 726 1494 807 spurcum,
1532 725 1587 800 cni
1609 725 1843 825 multipliciter
1866 707 2101 821 respondetur,
2138 709 2187 788 itt

559 851 627 900 nna
646 849 736 898 caro.
798 831 889 921 Ergo
915 853 1080 918 potsunt
1101 851 1169 902 nott
1188 829 1289 902 debet
1311 829 1361 898 di·
1386 848 1452 898 non
1461 821 1566 919 sentei
1580 824 1658 898 bene
1675 821 1899 921 respondetur.
1958 815 2074 894 Verbo
2086 811 2186 886 Mat·

561 930 696 1000 mittete
718 924 869 997 elterrm.
896 955 927 998 r.
949 953 982 1020 4.
1006 950 1038 1015 5.
1059 937 1092 1003 6.
1143 923 1293 999 Phorisaei
1314 920 1362 1002 ir·
1386 922 1482 998 tiraer':
1496 920 1717 1026 (inquit)nifi
1724 920 1765 994 ob
1769 916 2048 1015 fornicationem,
2055 905 2189 1024 poffunt

561 1051 663 1108 corte
692 1026 894 1114 depromunt
922 1048 963 1097 er
991 1026 1069 1118 lege
1093 1021 1231 1096 mosaica
1259 1028 1359 1095 Deut.
1385 1022 1494 1116 accipi
1518 1021 1570 1093 oei
1589 1021 1757 1116 exceptive
1780 1018 1834 1093 uei
1855 1016 2022 1110 negative.
2079 1001 2181 1098 1.)Sr

564 1119 697 1192 XXIV.
721 1146 751 1196 ι.
783 1117 900 1216 Moser
921 1123 1099 1195 mandauit
1116 1121 1196 1195 dare
1214 1119 1362 1194 libellum
1387 1119 1598 1214 accipiantur
1619 1142 1696 1190 exce
1719 1118 1805 1197 tine,
1840 1107 2100 1210 respondendum
2124 1107 2182 1204 esi,

561 1217 716 1315 repudiis
753 1243 784 1291 v.
808 1245 841 1300 7.
868 1215 1045 1310 respondet
1068 1219 1247 1300 Christus,
1284 1243 1364 1307 pro·
1392 1214 1557 1315 Christum
1591 1240 1657 1287 non
1685 1143 1777 1310 (iqui
1804 1211 1842 1286 de
1870 1206 2055 1308 dimiffrane
2077 1199 2183 1300 pond

564 1341 641 1407 pter
660 1309 932 1418 ounneonapdiar
953 1322 1061 1392 cordis
1080 1318 1208 1409 populo
1232 1318 1364 1389 luorico
1388 1314 1578 1396 uinculum,
1588 1310 1774 1409 sedsoinm
1788 1308 1898 1406 quood
1910 1307 2043 1381 iliorum
2057 1351 2068 1383 s
2083 1318 2183 1398 qm}
2216 1365 2217 1372 ,

565 1441 585 1487 e
603 1412 698 1486 Mose
713 1419 747 1485 il
766 1414 858 1486 liritl'e
877 1415 1080 1496 conceffum,
1105 1441 1171 1487 nott
1189 1437 1299 1487 eutem
1321 1436 1363 1483 et
1389 1415 1431 1485 do
1452 1412 1601 1485 concedit
1619 1410 1834 1510 dimiffonem
1859 1408 1895 1479 in
1915 1401 2019 1502 conso
2031 1400 2182 1498 sontes·

568 1513 678 1601 prime
692 1512 838 1603 coniugii
854 1513 1054 1587 institutione
1069 1517 1270 1592 dedoiium,
1291 1519 1363 1592 ns.
1390 1513 1504 1585 tionis.
1556 1507 1656 1602 Resp.
1688 1518 1728 1597 ι.)
1746 1501 1900 1579 Dimillio
1921 1505 2032 1592 quoad
2053 1497 2182 1572 tltonm

439 1659 444 1666 -
570 1633 609 1682 sc
629 1609 761 1680 tondent
783 1636 814 1680 v.
834 1637 867 1695 9.
886 1609 1002 1699 plene,
1030 1616 1160 1705 integre
1181 1637 1218 1682 ac
1240 1604 1375 1700 perspi·
1390 1632 1518 1682 tuntum
1536 1609 1660 1680 nonest
1673 1629 1791 1677 verum
1806 1603 2007 1685 divortium,
2034 1593 2090 1670 sed
2107 1599 2185 1668 duo·

566 1729 630 1779 coe
657 1708 698 1775 td
727 1709 937 1794 questionem
965 1736 984 1781 e
1010 1707 1173 1799 phariseis
1203 1708 1262 1779 irbi
1289 1728 1366 1794 pro·
1391 1731 1478 1780 ttxut
1500 1707 1634 1777 divortii
1655 1699 1822 1791 spectrum
1844 1723 1884 1772 tc
1906 1697 2091 1770 divortium
2113 1695 2186 1764 imu-

569 1803 709 1893 potitam
738 1801 934 1893 fesi²⁰ssdets
969 1812 1061 1895 quod
1084 1833 1151 1880 uon
1176 1807 1271 1877 liceot
1289 1825 1368 1874 uuo·
1391 1805 1567 1898 ginurium.
1617 1800 1766 1874 Erasmus
1780 1801 1940 1870 intdnot.
1956 1792 2083 1890 Mtttlt,
2096 1787 2181 1862 xlx.

569 1925 642 1974 rem
664 1903 832 1976 dimittere
853 1902 910 1973 nist
934 1903 977 1975 ob
1000 1904 1263 1975 iornicstionem.
1317 1901 1369 1970 Sic
1392 1929 1425 1991 p.
1445 1909 1500 1975 62.
1549 1898 1755 1996 Ambroſsos
1768 1916 1936 1991 exponens
1954 1883 2182 1991 epistolantod

570 2021 655 2088 ergo
674 1997 823 2086 pharisoei
839 2004 873 2071 in
895 1996 949 2072 sun
968 2004 1140 2088 quastione
1164 2020 1294 2091 ponunt
1313 1997 1368 2067 de·
1398 1998 1593 2072 Corinthios
1603 1997 1771 2094 priorem,
1798 1993 1919 2066 tribuit
1935 1989 2062 2061 marito
2077 1987 2129 2061 ius
2141 2005 2184 2059 rt·

565 2096 727 2193 finitum,
757 2096 906 2168 Christus
924 2101 958 2169 in
978 2096 1185 2189 responsione
1202 2094 1369 2185 subiungit
1391 2095 1558 2195 perdiandi
1573 2150 1582 2178 ,
1623 2116 1722 2189 neque
1744 2089 1841 2188 secur
1862 2087 1971 2185 sentit
2004 2081 2184 2184 origene.

571 2193 799 2289 definitionem
825 2197 980 2277 diuortii,
1020 2199 1109 2284 quod
1137 2195 1174 2268 or
1201 2193 1369 2266 dimittere
1392 2195 1477 2269 unde
1496 2190 1601 2265 contii
1614 2189 1752 2287 sumus,
1776 2189 1874 2261 aliud
1892 2183 2062 2284 quoddam
2079 2183 2209 2258 diam·

575 2312 715 2363 uxorem
739 2287 780 2363 8
796 2291 904 2363 oliam
922 2293 1047 2364 ducere.
1094 2298 1140 2364 Er
1163 2291 1281 2381 quibus
1299 2313 1369 2361 om·
1393 2294 1437 2367 tii
1458 2316 1561 2388 genus
1582 2290 1750 2374 inducere,
1774 2287 1861 2382 quod
1881 2286 1932 2358 ito
1952 2283 2101 2356 dirimat
2115 2303 2185 2353 con·

379 2493 383 2500 Ι
438 2450 441 2454 .
573 2391 671 2459 nibus
693 2385 735 2458 stc
763 2387 967 2479 colligimus:
993 2392 1106 2482 Quom
1127 2386 1253 2461 causam
1271 2388 1370 2460 Chri·
1386 2390 1592 2489 suetudinem
1619 2389 1851 2485 domesticam,
1897 2393 1936 2456 ut
1954 2371 2188 2478 nihilosecius

572 2488 639 2558 llus
666 2480 735 2574 ipse
757 2506 911 2573 tanquam
932 2490 1058 2575 primus
1081 2510 1176 2558 tutor
1195 2488 1368 2558 institutio·
1395 2500 1528 2562 „canent
1552 2487 1703 2583 coniugii
1726 2481 1919 2567 vinculum,
1951 2480 2042 2577 qnod
2064 2467 2187 2576 quiden

448 2667 453 2676 ι
574 2584 625 2654 rtis
647 2585 793 2672 coniugii
816 2608 855 2654 oc
874 2586 1019 2669 optimos
1038 2586 1184 2657 eiusdem
1208 2586 1371 2670 interpres
1396 2587 1539 2660 diuortii
1565 2608 1668 2680 genus
1702 2607 1818 2654 nomen
1845 2580 2019 2652 duntaxat
2048 2573 2187 2652 divortii

571 2705 594 2754 r
619 2676 768 2771 generali
799 2680 1023 2766 prohibitione
1055 2684 1187 2754 diuortii
1220 2681 1371 2767 excepit,
1396 2685 1513 2770 habet,
1540 2707 1612 2754 cum
1633 2705 1654 2752 a
1676 2681 1773 2754 nobis
1787 2683 1835 2778 stt
1857 2688 2045 2774 repertum,
2077 2673 2119 2749 de
2134 2671 2188 2746 iac

575 2797 716 2866 propter
734 2801 807 2850 erm
821 2780 1001 2849 divortium
1016 2781 1153 2870 proprie
1170 2779 1295 2849 ditium
1310 2772 1371 2848 effe
1397 2808 1461 2857 720„
1476 2791 1686 2880 percontator
1699 2775 1832 2852 Iudaeas
1851 2774 1953 2873 perse
1971 2773 2078 2872 liquet
2086 2825 2104 2876 ,Ι
2123 2771 2188 2870 qui·

576 2874 731 2952 licitum,
766 2877 886 2945 merito
914 2878 1087 2947 iudicatur.
1153 2879 1215 2948 Sed
1245 2872 1371 2946 mulum
1396 2881 1456 2956 bos
1480 2877 1617 2976 prorsus
1643 2888 1716 2950 erat
1747 2875 1966 2970 incognitum.
2042 2871 2188 2950 tdtnin

576 2971 728 3043 adulterii
756 2971 904 3042 Christus
932 2969 999 3062 ipse
1019 2971 1147 3044 duobus
1175 2975 1209 3044 in
1235 2970 1314 3070 locis
1337 2979 1372 3044 &
1403 3007 1412 3055 ι
1434 2984 1515 3052 Cor.
1532 2983 1606 3048 Vll.
1628 3001 1663 3064 p,
1681 2996 1760 3066 329.
1830 2969 1930 3070 Quod
1952 2993 2014 3045 nos
2035 2971 2188 3066 interpre-

575 3069 711 3154 quidem
729 3067 861 3140 diversis
871 3068 1088 3159 temporibus,
1097 3073 1229 3156 quando
1242 3091 1372 3157 expro-
1398 3087 1509 3149 tamur
1529 3073 1731 3155 diuortium,
1759 3094 1830 3143 cnm
1851 3071 2029 3143 dirimitur
2044 3065 2188 3166 dometii·

577 3160 657 3236 fello
671 3168 840 3236 materiem
855 3163 938 3238 hooc
953 3171 985 3238 in
998 3168 1210 3239 concionibus
1229 3162 1288 3235 suis
1307 3190 1371 3237 tro·
1398 3198 1436 3247 en
1460 3170 1655 3268 consuetudo
1684 3182 1834 3241 manente
1858 3167 2011 3264 coniugii
2043 3163 2185 3248 uinculo,

578 3263 699 3342 osric,
725 3264 904 3353 igenertli
921 3265 1145 3356 prohibitione
1166 3266 1300 3334 divortii
1318 3288 1371 3335 ti·
1397 3274 1470 3368 quir
1489 3295 1630 3365 nnqnom
1653 3279 1795 3339 ueterum
1822 3265 1873 3337 orl
1893 3265 2125 3360 theologorum
2139 3257 2186 3333 orl

574 3363 686 3449 cepit,
720 3382 755 3429 iit
778 3362 953 3434 l‘luttbaeus
978 3357 1161 3459 cristino&
1187 3364 1274 3435 tellis
1295 3386 1373 3432 ton·
1398 3367 1705 3465 iurisconsultorum
1719 3357 2129 3459 adpellauitdivortiunr?
2146 3364 2188 3444 t.)

577 3456 700 3530 firmat.
771 3466 860 3548 Ergo
889 3482 1029 3547 propter
1063 3458 1189 3530 coul‘om
1220 3459 1373 3531 adulterii
1399 3466 1550 3541 Dimillto
1577 3468 1682 3552 quoad
1705 3460 1834 3534 litorum
1861 3473 2010 3542 tanetum,
2042 3476 2188 3531 monente

578 3556 758 3625 divortium
784 3560 922 3643 proprie
945 3560 1069 3626 ditium
1095 3559 1212 3628 merito
1238 3558 1373 3627 iudicari
1398 3571 1530 3655 integro
1557 3558 1724 3651 coniugali
1750 3559 1883 3630 viuculo
1913 3560 2028 3630 ludoeis
2055 3555 2119 3628 fuit
2139 3577 2189 3643 pt·

577 3650 677 3721 debet
693 3653 828 3723 licitum.
880 3650 1084 3747 Adscrnmnr
1103 3653 1320 3725 confirmatur
1334 3677 1373 3724 eu
1398 3666 1483 3734 nitus
1500 3665 1629 3754 ignom,
1649 3661 1735 3728 unde
1750 3656 1963 3728 Belltrminus
1976 3655 2046 3744 ipsc
2061 3659 2093 3724 io
2111 3647 2165 3723 rei
2179 3703 2186 3722 .

577 3745 654 3833 ipsis
678 3747 800 3819 Christi
822 3751 930 3821 verbis
959 3750 1080 3823 lllattlt.
1097 3759 1136 3823 V.
1157 3776 1210 3841 32.
1235 3758 1324 3823 xlx.
1340 3777 1371 3834 9.
1398 3768 1438 3830 od
1459 3760 1580 3831 obiret.
1608 3778 1658 3839 14.
1684 3751 1808 3840 septem
1834 3755 2040 3844 argumentis
2061 3751 2187 3840 probat,

587 3841 657 3941 Qui
675 3845 841 3942 dimiserit
859 3873 995 3920 cenarem
1006 3847 1122 3941 suain,
1150 3860 1287 3942 excepta
1296 3849 1374 3943 sor·
1397 3882 1455 3953 pcc
1472 3854 1615 3946 libellum
1640 3851 1772 3947 repudii
1791 3849 1896 3946 ipson
1914 3851 2070 3944 conringii
2085 3849 2187 3920 vincu-

577 3947 766 4019 nicatiouir
788 3944 907 4034 consa,
935 3945 974 4019 ii
986 3946 1124 4019 duxerit
1143 3946 1268 4033 aliam,
1299 3931 1374 4019 cia·
1400 3956 1468 4026 lunt
1491 3954 1581 4049 opud
1606 3949 1737 4022 ludaos
1757 3946 2051 4044 scitissimum,
2086 3948 2136 4018 ito
2158 3951 2191 4017 rt

577 4043 706 4113 citatnr.
776 4051 865 4133 Ergo
892 4047 949 4132 qui
981 4068 1122 4132 propter
1152 4042 1375 4132 fornicationis
1398 4057 1468 4152 post
1503 4049 1675 4147 repudium
1709 4044 1898 4145 pcrntiffnm
1932 4047 2048 4139 suerit
2075 4063 2187 4121 noum

579 4137 711 4210 csusom'
732 4166 870 4210 uxorem
899 4145 1054 4221 dimittit,
1088 4152 1123 4215 &
1146 4142 1242 4213 alium
1270 4146 1375 4224 ducit,
1401 4150 1674 4226 cernit-imonium,
1714 4169 1779 4216 nan
1807 4146 1912 4227 solum
1933 4157 1972 4217 ut
1994 4142 2105 4216 minus
2125 4161 2187 4213 mo·

578 4260 646 4307 iiiiii
668 4237 864 4309 moetiiitilr·
1401 4249 1486 4333 inin,
1514 4247 1695 4342 sedetiam
1719 4254 1756 4314 ut
1782 4244 1923 4316 licitum.
1970 4243 2009 4313 ln
2032 4239 2139 4313 forme
2157 4237 2188 4308 li·

1400 4347 1480 4419 belli
1502 4347 1650 4433 repudii,
1677 4367 1748 4426 ottae
1763 4340 1870 4412 adhuc
1885 4342 1983 4412 hodie
2005 4341 2123 4411 iudeis
2137 4333 2189 4406 uli·

624 4521 627 4528 ,
715 4493 721 4504 -
915 4443 943 4528 §·
960 4439 1094 4506 DlXV·
1113 4437 1290 4507 Videamus
1306 4428 1376 4501 Bel·
1402 4467 1465 4513 tnta
1493 4446 1562 4520 eli,
1600 4439 1746 4526 enprell'e
1774 4437 1909 4528 ponitur
1934 4437 2004 4508 haec
2035 4431 2186 4508 clousulo:

580 4489 789 4633 iiiiiiiiili
837 4529 1377 4619 liminis⁰lii¹islici⁵dei⁰sfi⁰⁰0⁵t
1407 4539 1561 4613 Concedo
1590 4538 1620 4608 ei
1646 4536 1816 4608 licentiam
1841 4534 1881 4609 ti
1901 4537 2121 4632 potestatem,
2158 4537 2189 4602 nt

580 4657 683 4709 contro
697 4650 787 4708 tot-run
835 4630 1037 4715 quibuilow
1053 4625 1378 4704 huiccitriffiflwsst·
1401 4664 1462 4735 pro
1486 4638 1586 4709 litim
1600 4633 1664 4729 suo
1685 4635 1807 4719 variat,
1833 4660 1895 4730 quo
1915 4633 2082 4718 uoluerit,
2105 4628 2190 4703 duci·

597 4726 711 4789 ltiatti.
732 4727 769 4787 l'·
838 4726 930 4796 bulos
950 4724 1076 4799 inferre
1093 4748 1246 4801 curtatur:
1275 4723 1331 4794 lib.
1352 4724 1377 4796 l.
1402 4763 1460 4833 qne
1482 4735 1574 4832 proffit
1594 4731 1636 4804 ab
1659 4734 1750 4802 onnu'
1772 4736 1869 4813 viro,
1895 4753 2044 4804 neceam
2068 4730 2192 4828 quisque

663 4822 710 4881 ¹⁹·
838 4828 880 4894 de
900 4825 1044 4895 mittini·
1068 4851 1140 4914 cau·
1162 4821 1279 4896 XVll·
1302 4844 1380 4909 1³¹⁰·
1400 4832 1574 4932 proieiirere
1599 4827 1792 4926 prasumat.
1868 4831 1987 4917 Ecquis
2011 4832 2116 4920 igitur
2142 4827 2193 4900 fibi

838 4919 903 4993 fert
926 4925 1029 4996 iiiiii
1052 4927 1282 5018 exceptiones,
1308 4942 1379 5005 11⁰²
1404 4928 1599 5021 persuadere
1622 4932 1762 5018 poterit,
1793 4925 1964 5002 Chrillutu
1990 4932 2034 4999 de
2060 4927 2193 5000 divortio

578 5015 770 5098 stutentiom
787 5027 884 5117 ipius
903 5027 1006 5117 magis
1023 5019 1201 5113 suspestnm
1220 5024 1380 5107 reddunt,
1404 5055 1479 5101 cum
1507 5029 1622 5098 ludaeis
1646 5024 1855 5113 loquentem,
1883 5024 1972 5095 aliud
1992 5025 2131 5097 diuortii
2144 5045 2191 5116 ge·

579 5143 679 5211 quom
698 5125 894 5216 imbutam,
921 5148 958 5196 iit
979 5128 1068 5198 enim
1092 5120 1313 5197 iurisconsulti
1332 5122 1381 5191 di·
1405 5153 1464 5200 nus
1486 5121 1696 5205 insolentie,
1720 5148 1818 5214 quom
1840 5126 1930 5211 opud
1954 5121 2030 5195 illos
2053 5144 2121 5197 erut
2141 5117 2192 5287 ”fii

604 5245 607 5250 '
2078 5241 2172 5295 istium
2204 5293 2206 5298 .
