4884 5984
255 559 260 568 ι
334 625 346 644 ,
430 516 480 596 at
845 517 996 594 tocvs
1025 510 1151 588 xxvi.
1200 512 1355 587 cnrvr
1385 513 1430 582 rc
1482 460 1605 586 sees.
1627 517 1656 588 1.

380 717 385 724 '
431 712 523 804 quod
540 703 796 792 fondamentum
816 705 922 794 abiit,
948 734 987 785 ot
1008 712 1097 786 tim
1118 705 1172 782 sua
1190 708 1241 800 pii
1264 703 1403 794 impuris
1421 705 1486 777 illis
1506 705 1689 792 hereticis,
1708 707 1743 777 in
1759 702 1948 780 extollendo
1963 705 2074 799 virgi-

432 831 562 883 veteres
583 809 727 901 intelligi
743 807 858 883 velint.
915 809 972 910 2.)
992 813 1098 906 Quod
1115 812 1148 881 in
1165 813 1239 896 qoi-
1263 804 1365 888 nitate
1380 805 1513 894 longius
1533 827 1661 892 veteres
1683 803 1743 876 tint
1761 801 1956 896 progreffl?
1988 808 2073 878 Hie·

433 907 575 982 busdam
589 904 670 980 locis
683 927 831 981 mentem
848 903 937 982 suam
950 913 1043 984 redte
1058 905 1239 997 explicent,
1262 924 1420 986 ronymos
1441 902 1499 974 lib.
1527 901 1552 973 Ι.
1569 905 1648 976 edo.
1670 899 1897 993 Vigiltntium‘
1907 903 1991 974 dicit
2000 955 2011 987 ,
2011 898 2072 1072 se

424 1031 542 1101 ¹oeque
562 1030 643 1078 conr
660 1008 808 1098 coniugii
828 1007 1029 1082 contumelia
1045 1007 1239 1088 eoelibatutn
1264 999 1447 1073 incitatior
1462 998 1510 1072 ad
1530 1000 1764 1100 adstruendam
1781 999 2001 1096 virginitatis
2036 999 2069 1074 i·

432 1103 490 1180 vel
507 1105 710 1178 laudandum
723 1103 779 1186 vel
799 1104 993 1198 eligendum
1010 1102 1238 1183 eil'edoceaut,
1261 1099 1427 1192 gnitatem
1436 1097 1647 1196 sermonibus
1674 1097 1894 1194 isigilunst‘i»
1915 1099 1980 1193 'qut'
1991 1120 2070 1171 Μ·

431 1225 550 1294 utpote
575 1205 709 1290 quando
724 1206 869 1286 docent,
893 1204 1087 1280 coelibatum
1107 1200 1238 1276 absolo-
1262 1198 1439 1270 tinentiam
1464 1195 1596 1270 dicebat
1615 1195 1768 1296 saresta,
1791 1195 2001 1293 pudicitiam
2021 1195 2069 1270 tr·-

431 1321 465 1376 te
483 1311 517 1376 δι
539 1302 573 1372 in
591 1298 766 1376 sebonum
782 1325 867 1392 opus
895 1328 964 1375 non
985 1300 1073 1382 esse,
1097 1297 1153 1376 sed
1175 1303 1236 1373 tla-
1260 1294 1389 1369 hidinis
1413 1293 1655 1392 seminarium,
1694 1295 1932 1391 virginitatem
1957 1296 2070 1392 impu·

429 1417 504 1472 tum
526 1398 608 1472 boni
623 1402 735 1490 operis
759 1409 986 1476 &eteorum
1003 1423 1146 1493 gente,
1163 1423 1241 1490 qne¹
1259 1394 1408 1490 gnabdt,
1432 1394 1516 1469 nulii
1528 1395 1733 1491 pudicitiam
1751 1394 1915 1469 arsetas.
1941 1392 2068 1468 stellar-

238 1457 245 1496 ,
309 1558 317 1576 ,
428 1500 472 1570 ed
495 1495 583 1570 eliud
611 1493 832 1581 referuntur,
858 1525 898 1572 ac
920 1501 1062 1588 preinde
1082 1499 1237 1575 encomio
1260 1496 1368 1566 minus
1387 1491 1446 1565 lib.
1464 1492 1493 1566 l.
1511 1498 1554 1567 de
1574 1492 1687 1567 cleric.
1706 1518 1782 1584 cap.
1799 1492 1895 1568 th'.
1956 1490 2070 1568 Errat·

428 1593 487 1667 illc
507 1619 576 1669 oon
588 1615 656 1669 tam
680 1601 722 1669 de
741 1594 813 1686 ipso
830 1595 1003 1670 eoelibatos
1016 1603 1235 1687 dono,quam
1259 1590 1342 1664 oiim
1365 1587 1560 1667 Graecorum
1574 1601 1667 1675 eron
1683 1602 1834 1689 oportere
1848 1589 1990 1666 ederim:
2003 1614 2070 1666 titt·

428 1697 473 1768 ele
497 1717 579 1769 vero
595 1703 632 1768 δι
647 1693 801 1787 legitimo
816 1697 887 1769 eius
903 1690 962 1768 usu
978 1699 1014 1767 in
1032 1698 1165 1787 pietatis
1177 1718 1237 1767 ex·
1259 1712 1332 1763 oses
1347 1691 1480 1777 ducere,
1503 1701 1680 1787 antequam
1703 1691 1836 1764 ordines
1847 1687 2066 1788 suscipiant,

427 1791 783 1885 ercinirintethgentr
802 1816 913 1867 erunt.
938 1799 1020 1868 Haec
1043 1796 1234 1867 ‹ttora-mo-
1259 1791 1339 1884 quia
1361 1792 1434 1887 posi
1451 1790 1583 1863 ordines
1601 1813 1668 1862 non
1692 1787 1809 1874 licuit,
1833 1787 1889 1860 iric
1904 1789 2011 1882 suit,
2029 1799 2067 1862 at

427 1911 556 1965 metata
583 1887 658 1964 sunt
687 1888 836 1980 superius
866 1888 1003 1985 propos.
1034 1889 1081 1967 11.
1103 1893 1236 1979 quondo
1261 1886 1328 1959 osii
1345 1884 1490 1992 volans,
1509 1911 1603 1963 error
1618 1885 2067 1962 Nicolaitaromhaesrtito·

428 1992 552 2064 docent
566 2039 580 2074 ,
612 1993 648 2062 in
673 1989 830 2080 coniugio
850 2014 918 2061 non
944 1991 1053 2062 minus
1075 2013 1174 2077 quam
1200 1988 1236 2060 in
1259 2009 1363 2069 suns,
1389 2011 1482 2081 quem
1503 1987 1630 2086 confiat
1658 1985 1895 2081 Vigilantiam
1920 1981 2065 2158 expulsu

428 2085 589 2160 eoelibatu
601 2083 665 2159 esse
677 2088 881 2169 castitatem,
905 2091 1120 2177 pudicitiam,
1139 2107 1236 2157 mun·
1258 2081 1409 2182 docuise.
1434 2087 1592 2158 Collerus
1606 2087 1640 2155 in
1655 2085 1783 2159 enchir.
1798 2108 1871 2174 cap.
1885 2083 1972 2159 XV.
2038 2107 2065 2160 x

430 2184 547 2256 ditiem
565 2181 911 2258 &sordidationem
933 2191 1009 2258 Deo
1028 2185 1234 2271 placentem,
1258 2178 1469 2276 Hieronymo
1493 2185 1643 2282 constat,
1676 2181 1913 2278 Vigilantiam
1931 2181 2063 2256 stareti-

428 2283 600 2368 quatior
615 2303 810 2354 enumerata
823 2280 897 2355 sunt
908 2279 1233 2373 proposiV.quro·
1257 2300 1330 2352 eom
1348 2275 1511 2375 docuise,
1535 2304 1602 2353 non
1619 2275 1678 2376 effe
1694 2281 1854 2353 diaconos
1876 2281 1921 2354 ab
1937 2281 2061 2377 episco-

428 2381 473 2449 do
486 2381 627 2457 docent,
654 2379 848 2469 coniugium
871 2383 906 2449 in
929 2377 962 2452 se
977 2405 1015 2452 ae
1036 2376 1145 2469 perse
1164 2402 1232 2449 non
1252 2378 1311 2475 pis
1330 2378 1558 2463 ordinandos,
1584 2379 1649 2477 nist
1664 2380 1764 2472 prius
1782 2377 1956 2478 doxisent
1981 2401 2061 2454 uxo·

426 2469 494 2547 effe
520 2476 799 2562 impedimentum
833 2481 963 2566 pietatis
990 2502 1029 2549 ac
1060 2477 1231 2547 ministerii
1255 2500 1317 2548 sss.
1368 2478 1546 2568 Joviniano
1579 2474 1775 2549 Ambrosius
1805 2477 1864 2550 lib.
1898 2477 2057 2574 Xsepill,

425 2571 657 2662 etelefiuiliti,
683 2597 756 2661 quet
778 2576 865 2646 didru
886 2576 1010 2647 ibidem
1028 2577 1062 2645 in
1078 2570 1230 2644 antithesi
1255 2577 1427 2648 Lxxxu
1454 2575 1595 2658 tribuit,
1631 2578 1724 2662 quod
1751 2578 1930 2656 decuerit,
1954 2575 2060 2674 virgi·

425 2665 501 2744 sunt
521 2685 724 2744 enumerata.
777 2670 829 2768 3.)
855 2675 959 2766 Quod
983 2694 1019 2742 or
1039 2671 1229 2744 admiratio·
1254 2695 1311 2746 ner
1328 2682 1474 2767 oportere
1497 2669 1631 2756 nubere,
1672 2668 1811 2745 imiliter
1843 2670 1886 2746 δ’
1912 2675 2056 2764 viduos,

425 2771 462 2841 ni
474 2769 650 2842 coelibatus
665 2767 870 2844 ocoefionent
884 2773 977 2844 dedit
989 2765 1129 2868 ethnice
1142 2763 1230 2840 scot·
1253 2770 1384 2869 etiamst
1403 2770 1569 2842 continere
1587 2672 1726 2867 profit,
1752 2795 1865 2843 errore
1886 2795 1969 2859 eas,
1991 2793 2058 2870 μ

424 2865 557 2950 tadonis
571 2865 796 2959 familiaritas,
822 2865 1090 2958 persecutionum
1107 2865 1228 2939 atroci·
1253 2866 1366 2940 nolint
1378 2869 1501 2940 iterare
1513 2868 1688 2964 comdant,
1706 2869 1922 2966 virginitatis
1935 2871 2055 2944 offlam

425 2987 475 3037 tus
495 2975 529 3038 tc
557 2968 795 3056 coniugiorum
818 2969 1007 3054 imparitas,
1032 2989 1095 3053 qut
1121 2967 1164 3035 de
1189 2985 1228 3034 re
1252 2961 1311 3062 ese
1325 2966 1498 3060 gratiam,
1528 2968 1608 3061 pori
1630 2990 1741 3039 omnes
1757 2970 1919 3136 aestimari
1930 2970 2053 3066 pretio,

425 3064 568 3134 diximus
590 3060 739 3150 superios
764 3087 862 3152 prop.
884 3072 911 3136 t.
937 3066 982 3133 ita
1005 3061 1228 3150 hyperbolicis
1252 3088 1291 3135 ca
1320 3065 1481 3137 insoniam
1497 3065 1621 3136 nullior
1638 3063 1697 3158 ese
1718 3067 1771 3137 oti
1786 3068 1904 3154 itatis,
1932 3068 2051 3142 nullum

422 3157 488 3233 illis
507 3162 667 3232 encomiis
688 3158 891 3232 occasionem
910 3159 1062 3233 dederint
1082 3156 1228 3247 disputa·
1251 3189 1267 3233 r
1294 3163 1497 3258 epraemium
1520 3164 1748 3257 virginitatis,
1765 3153 2047 3259 sitanstetin

285 3319 292 3332 ,
424 3260 531 3330 tiones
541 3283 617 3342 cum
633 3257 795 3330 hereticis
808 3258 1227 3329 coelibetumcontemntn·
1250 3259 1571 3344 viduitatis‚nnitom
1586 3262 1741 3332 honorem
1762 3266 1941 3361 castitatis,
1958 3266 2049 3362 quin·

423 3355 512 3428 tibus
529 3358 805 3445 &impuritatem
824 3360 899 3427 vitae
921 3353 1226 3433 introducentibust
1250 3360 1341 3444 ipro,
1365 3360 1548 3454 quicunqne
1565 3362 1599 3431 in
1628 3356 1760 3457 Christo
1777 3361 2047 3462 baptizatores,

423 3454 489 3526 illis
513 3457 604 3526 enim
636 3479 712 3526 cum
735 3457 815 3525 totis
841 3455 965 3525 viribus
988 3449 1054 3523 sese
1075 3475 1226 3543 oppone·
1249 3458 1487 3554 qualiscunque
1506 3459 1578 3530 eins
1599 3459 1672 3530 vito
1683 3462 1747 3556 fit,
1773 3486 1844 3533 eom
1870 3460 1945 3534 Deo
1965 3486 2049 3535 arco.

422 3573 517 3633 rent,
539 3554 683 3641 contigit
701 3554 772 3631 eis,
807 3556 896 3640 quod
916 3551 1123 3623 inmunibus
1146 3574 1225 3620 coa-
1245 3568 1342 3653 ptom
1363 3552 1431 3650 effe.
1486 3559 1688 3647 Augustinus
1705 3559 1763 3630 lib.
1785 3557 1825 3632 il.
1843 3565 1886 3636 de
1900 3557 2049 3652 sent]-

421 3650 589 3723 troversris
605 3647 678 3720 fieri
699 3645 780 3720 solet
788 3697 801 3730 ,
826 3671 865 3720 ut
885 3651 923 3722 in
940 3672 1071 3738 partem
1085 3648 1223 3720 ultertm
1249 3654 1323 3728 cab.
1345 3658 1384 3725 ad
1412 3656 1607 3738 Hieronym.
1634 3680 1707 3741 cap.
1734 3654 1794 3728 ill.
1817 3661 1860 3729 de
1882 3683 1925 3733 eo
1950 3662 2047 3744 dicit,

422 3749 564 3820 nimium
599 3743 824 3819 defletlerent.
892 3745 1049 3819 Clemens
1075 3744 1133 3817 lib.
1158 3744 1221 3815 Ill.
1247 3755 1336 3843 quod
1349 3753 1384 3824 in
1397 3752 1573 3849 statuendo
1592 3764 1801 3848 peccatorum
1815 3757 1967 3850 paritate
1975 3757 2048 3851 soe·

422 3848 537 3919 llrom.
554 3854 589 3918 tc
615 3844 820 3933 Epiphanius
839 3866 922 3917 tom.
944 3842 989 3916 ll.
1009 3842 1067 3915 lib.
1090 3842 1115 3916 l·
1142 3842 1220 3915 her·
1247 3852 1296 3923 sit
1315 3846 1467 3933 Stoicos,
1493 3851 1755 3948 inaoropandis
1773 3850 1814 3925 is
1833 3854 2045 3951 defensandis

423 3965 482 4036 25.
506 3939 658 4018 referunt
676 3945 719 4014 de
741 3942 883 4015 Nicolao
904 3945 1068 4030 quedam,
1092 3943 1222 4032 apollo-
1247 3947 1478 4046 voluptatibus
1498 3945 1708 4042 Epicureos.
1759 3951 1857 4026 Hisce
1876 3955 2045 4050 Vigihntii

420 4040 733 4129 lorumdiscipolo,
757 4039 845 4136 qood
855 4036 922 4137 sub
945 4042 1157 4114 continentia
1180 4036 1221 4113 Ei
1247 4055 1282 4122 dc
1314 4049 1482 4136 Joriniani
1510 4049 1724 4134 opinionibus
1762 4053 1986 4136 Hieronymus
2012 4063 2045 4126 te

421 4139 555 4234 confisis
569 4136 745 4235 apostolici
761 4148 929 4235 pretextu
941 4140 1120 4237 propriant
1143 4160 1222 4210 con·
1247 4144 1459 4223 Ambrosius,
1484 4149 1539 4232 qui
1565 4168 1644 4216 runc
1658 4150 1863 4236 eruditione,
1889 4149 2045 4241 eloquen-

415 4244 535 4338 jugem
555 4232 740 4333 dimiserit,
763 4259 846 4310 mox
876 4260 953 4310 vesu
984 4237 1142 4312 libidinis
1164 4259 1222 4308 os·
1245 4244 1291 4314 tie
1306 4252 1340 4317 δι
1365 4246 1563 4315 austeritate
1582 4245 1618 4314 in
1642 4246 1757 4315 latina
1784 4245 1922 4321 ecclesia
1946 4253 2045 4325 mari·

420 4338 503 4413 dore
521 4334 626 4410 vitius
651 4336 761 4407 omnis
783 4336 915 4432 generis
930 4334 1155 4432 scortationes
1180 4331 1221 4408 si
1245 4365 1300 4413 me
1312 4338 1455 4413 illustres
1467 4362 1573 4420 erant,
1589 4343 1750 4415 acerrime
1765 4340 1794 4414 se
1807 4343 2041 4435 opposuerunt,

406 4459 532 4534 ,uagas
555 4434 714 4528 libidines
735 4435 987 4523 introduxerit,
1019 4440 1169 4513 docens,
1193 4433 1224 4510 n’
1244 4463 1282 4510 ac
1298 4441 1334 4510 in
1350 4460 1480 4531 partem
1501 4439 1640 4512 alteram
1657 4440 1796 4512 nimium
1813 4442 2042 4526 deflexerunt,

418 4537 474 4634 pasl
493 4565 544 4626 ose
562 4533 652 4612 καθ’
669 4530 797 4635 inipso
818 4529 997 4633 hoytioo,
1022 4528 1109 4640 ζωιῖς
1128 4524 1220 4609 dit·
1243 4541 1346 4618 adeo,
1370 4558 1407 4605 ut
1426 4539 1627 4626 Augustinus
1644 4543 1792 4625 quedam
1814 4545 1931 4615 durius
1944 4555 1977 4618 dc
1996 4547 2042 4616 in·

421 4661 521 4720 sanat
544 4626 705 4728 μετέχειν
728 4630 869 4717 oloris,
899 4660 918 4706 u
943 4657 1010 4725 quo
1035 4627 1219 4721 turpiffima
1242 4636 1448 4708 commodius
1469 4633 1598 4722 prolata
1617 4633 1748 4709 mollire
1769 4634 1872 4711 fuerit
1892 4646 2042 4723 coruus,

419 4732 663 4807 Nicolaitarum
680 4726 764 4803 setta
775 4735 821 4803 eil
837 4756 962 4807 exorto.
1014 4729 1218 4820 Epiphanius
1243 4757 1280 4805 ut
1299 4734 1447 4820 superius
1460 4734 1658 4804 monuimus.
1709 4737 1766 4829 4.)
1780 4738 1907 4831 Quod,
1927 4765 2041 4831 quam·

417 4830 499 4903 har.
522 4840 581 4905 26.
595 4831 637 4900 de
653 4831 814 4902 Gnosticis
838 4827 971 4909 refert,
996 4834 1089 4917 quod
1110 4829 1218 4899 conti·
1242 4834 1292 4902 vis
1314 4827 1491 4901 Elseorum
1511 4819 1780 4917 superstitiones,
1806 4846 1841 4909 δι
1861 4842 2041 4911 Marcioni.

419 4939 531 5004 neoto
549 4924 726 5002 hamerint
745 4925 913 5014 ludibrio,
941 4949 983 5000 ac
1000 4949 1124 5000 vanum
1144 4926 1217 4999 ilio-
1243 4950 1372 5013 tarum,
1405 4930 1644 5012 Tatianorom,
1674 4934 1939 5017 Encratitarum,
1961 4936 2042 5010 alio.

418 5052 495 5104 mm
514 5028 551 5100 in
571 5024 728 5101 cottboto
740 5028 890 5128 studium
904 5026 1039 5123 fuerint
1060 5025 1219 5124 asperna-
1240 5051 1361 5100 rumve
1382 5026 1615 5098 hereticorum
1633 5027 1809 5101 manifeste
1826 5055 1943 5106 contra
1962 5037 2042 5109 tou-

417 5130 461 5216 te'.
509 5128 605 5228 Quid
622 5151 707 5224 ergo
722 5130 845 5208 othum
855 5181 867 5217 ‚
889 5124 914 5202 ti
932 5130 968 5204 io
984 5126 1219 5223 oppugnandis
1240 5127 1372 5221 jogium
1391 5121 1603 5218 blesphemiae
1620 5127 1684 5218 (de
1704 5126 1825 5217 quibus
1840 5123 1899 5205 suo
1916 5131 1996 5205 loco
2009 5159 2043 5216 e·

1919 5233 2046 5325 pimus)
