4884 5984
409 545 417 556 .
489 503 959 618 „on--neetevls
1012 507 1286 618 otvonrtt
1336 510 1578 592 caussis.
1741 542 1747 590 .·
1830 541 1902 614 ιιι

350 708 438 763 etum
455 688 615 761 eeclesiae.
665 686 762 784 Ergo
780 686 966 782 agnoscit,
1006 691 1060 761 di·
1093 695 1190 788 dicit.
1216 695 1303 787 quod
1322 698 1418 784 Deus
1441 698 1634 776 coniunxit,
1658 696 1752 771 homo
1772 727 1837 774 non
1846 707 1902 801 se.

350 781 476 861 ionem
494 787 596 859 iilam
623 808 689 856 nec
721 808 767 855 ex
795 783 1057 878 scripturisttec
1086 803 1195 884 paret.
1244 790 1306 885 4.)
1339 792 1644 890 Distinguendum
1666 798 1760 870 inter
1783 809 1902 877 conci·
2037 822 2043 833 ·
2074 779 2078 786 ’

350 887 688 982 tntialiquatatione
706 881 938 956 demonstrari
950 883 1056 980 posse.
1095 889 1143 959 lia
1163 887 1335 982 vetustiora
1361 890 1623 966 &recentiora
1670 893 1898 992 vetustiora,

1093 1006 1217 1082 utpote
1233 985 1458 1076 ¹Toletanum
1474 999 1507 1063 dt
1521 991 1824 1086 chalcedonense,
1838 1023 1900 1074 ne·

552 1076 763 1163 §.DCXLV.
785 1077 984 1155 Videamus
995 1081 1057 1153 du·
1094 1106 1279 1180 quaquam
1299 1086 1599 1181 illudlstatuunu
1640 1096 1737 1187 quod
1764 1094 1899 1170 Bellat-

350 1198 447 1277 Μαι
521 1180 610 1275 plere
630 1176 840 1250 Bellarmini
863 1179 1057 1273 argumen-
1091 1183 1214 1258 minus
1231 1186 1269 1256 in
1285 1185 1340 1257 eia
1358 1185 1461 1258 statui
1472 1185 1619 1276 adserit,
1645 1211 1686 1263 ut
1706 1190 1800 1265 dido
1816 1196 1896 1268 loco

350 1281 411 1377 funt
428 1259 469 1337 1·)
519 1298 609 1349 tum.
659 1278 763 1353 Prius
786 1273 987 1349 desumtum
1008 1275 1056 1349 est
1091 1276 1332 1370 ostendimus,
1358 1281 1897 1378 sedpoenitentiamtantumnu·

350 1361 467 1406 'mu‘
522 1398 567 1447 ex
588 1379 769 1447 autoritate
787 1373 927 1466 tripiici,
952 1377 1053 1446 corci-
1088 1373 1358 1475 bentibus'post
1382 1382 1752 1480 votuminiungunt3'
1773 1380 1896 1463 reeen-

350 1498 384 1563 r,
407 1472 596 1569 pontificum
623 1473 670 1550 85*
687 1486 848 1569 potrum,
879 1474 1054 1567 adquam
1088 1475 1206 1565 tiore,
1234 1483 1274 1550 itt
1291 1488 1325 1552 δι
1348 1478 1560 1574 pontificum
1582 1483 1723 1556 decreta
1736 1508 1896 1561 nonme-

350 1598 426 1644 rere
454 1572 746 1669 respondemus,
793 1571 848 1662 1.)
876 1573 1051 1658 concilia,
1088 1593 1224 1646 ramur.
1277 1574 1475 1672 Cyprianus
1497 1577 1651 1651 nostram
1671 1584 1791 1676 potius
1811 1608 1907 1658 con-¹

350 1668 434 1744 sices
464 1680 497 1745 δι
513 1691 631 1766 patres
662 1695 735 1743 non
753 1664 893 1766 possunt
914 1692 1053 1743 novum
1087 1668 1206 1745 firmat
1227 1673 1456 1760 sententiam,
1493 1676 1549 1747 uti
1574 1678 1700 1750 itidem
1723 1678 1818 1754 disto
1842 1684 1896 1757 lo·

350 1793 408 1842 em
440 1768 525 1842 fidei
556 1772 749 1843 articulum
771 1786 872 1838 extra
897 1766 1052 1839 verbum
1087 1790 1127 1840 eo
1144 1769 1477 1845 demonstravimus.
1515 1774 1894 1871 Acperquamabsur·

349 1891 421 1954 ere,
449 1891 515 1940 nee
534 1866 596 1940 sub
612 1869 780 1965 opinione
797 1864 1053 1938 necessitatis&
1086 1867 1175 1939 dum
1194 1868 1267 1957 est,
1307 1871 1405 1965 quod
1440 1869 1679 1966 Bellarminus
1715 1877 1783 1947 hoc
1812 1881 1891 1951 loco

349 1967 516 2059 saliquid
537 1963 729 2039 instituere.
781 1965 835 2034 Ex
849 1961 960 2034 verbo
982 1964 1050 2059 igi·
1085 1962 1228 2038 scribit:
1265 1969 1426 2063 Quamuis
1448 1971 1520 2048 iiii,
1553 1992 1624 2039 cum
1651 1967 1895 2076 quidussacrue

352 2061 559 2135 emonstrari
585 2064 703 2158 primo
724 2062 1049 2153 omniumoporte-
1083 2064 1226 2160 uirgines
1244 2070 1468 2154 dormierant,
1491 2066 1600 2161 norst
1621 2073 1758 2142 maritos
1777 2097 1894 2146 rorum

351 2163 435 2234 talia
452 2163 622 2258 coniugia
635 2157 701 2246 esse
723 2161 837 2232 irrita.
889 2158 946 2251 2.)
969 2157 1051 2234 Nee
1084 2163 1243 2246 dicerent,
1268 2167 1479 2236 ramiridem
1508 2163 1662 2239 iudicium
1686 2172 1723 2239 dr
1746 2169 1807 2242 iilis
1827 2172 1895 2267 Cy·

349 2261 483 2333 liorum
515 2262 656 2332 decreta
683 2281 750 2330 nec
785 2277 930 2353 patrum
955 2252 1050 2329 ditia
1078 2262 1219 2351 priores
1228 2260 1376 2360 fectffit,
1398 2262 1476 2357 fise
1500 2267 1640 2350 meritos·
1660 2290 1772 2338 rorum
1786 2268 1893 2363 prosi·
2008 2297 2012 2302 ·
2109 2247 2117 2257 ’

358 2356 541 2454 pontificis,
564 2358 719 2429 Romani
750 2356 980 2427 autoritatem
1001 2355 1047 2425 ad
1082 2354 1326 2457 teriuosuiffrnt.
1375 2361 1570 2434 Numvero
1579 2359 1677 2435 ide‘m
1687 2362 1890 2463 flagitium,

348 2451 590 2542 telesffistifflm
618 2454 922 2526 introducendum
951 2451 1047 2546 apud
1082 2454 1226 2552 stvirgo
1254 2457 1351 2531 sacra
1378 2457 1574 2547 scortum,
1602 2468 1635 2532 ὃ(
1656 2461 1679 2532 st
1703 2465 1891 2536 matrimo-

348 2553 446 2627 ficios
475 2555 677 2648 quidquam
692 2552 832 2636 valent,
858 2570 899 2629 ut
914 2547 974 2622 suo
997 2549 1047 2619 lo·
1084 2553 1189 2626 nium
1208 2552 1324 2628 ineat?
1352 2552 1401 2648 Cy
1427 2557 1549 2627 rianus
1573 2556 1708 2629 ibidem
1725 2561 1816 2633 iliud
1839 2563 1892 2633 di·
1976 2610 1980 2617 ‚

349 2647 646 2742 monstravimus3
670 2642 1048 2744 potuisseti'gitanel-
1082 2649 1170 2722 serte
1181 2672 1301 2748 negat.
1345 2579 1483 2737 bassii,
1512 2651 1787 2748 chrysostomi&
1802 2659 1889 2729 Am·

348 2774 419 2824 ,nus
453 2751 604 2820 concilia
633 2755 666 2819 δι
694 2767 812 2841 patres
851 2745 1046 2832 omittere,
1081 2745 1544 2846 brodi-didanitunturilla
1561 2752 1762 2846 hypothes,
1787 2756 1890 2849 ‘quod

348 2869 420 2920 erte
438 2846 651 2943 pontificum
673 2849 813 2918 decreta
835 2841 1044 2937 primoloco
1081 2867 1147 2939 per
1172 2846 1356 2918 coelibatus
1410 2844 1633 2924 tofetsionem
1670 2849 1887 2945 desponsatio

348 2968 429 3020 are.
463 2967 513 3028 ,3.
571 2946 741 3032 Quaedam
759 2958 824 3035 pro
841 2937 957 3011 nostra
973 2943 1046 3009 sen·
1081 2940 1174 3015 fasta
1198 2944 1237 3018 stt
1259 2947 1352 3017 inter
1378 2870 1556 3016 &hristum
1571 2952 1605 3018 δι
1622 2943 1806 3048 virginem
1822 2971 1887 3020 vo·

348 3104 352 3115 .
369 3068 414 3116 ex
431 3044 524 3140 patri
549 3051 636 3124 us&
653 3040 813 3114 conciliis
828 3038 1045 3111 adduximus
1081 3041 1219 3128 tivam,
1243 3042 1300 3115 sed
1320 3040 1526 3136 hypothefin
1542 3043 1643 3114 islam
1658 3044 1701 3114 ab
1718 3044 1890 3143 Augusti·

348 3145 403 3214 ius
421 3145 458 3215 in
479 3138 668 3235 questione
693 3139 773 3211 issa:
799 3134 1045 3229 Anootumso·
1080 3159 1127 3210 no
1155 3140 1334 3214 confutari
1359 3136 1576 3212 ostendimus
1597 3139 1658 3213 suo
1678 3143 1771 3214 loco.
1840 3140 1842 3144 ’

348 3242 501 3335 impediat
513 3241 754 3309 matrimonium
765 3229 1044 3308 contradendam?
1242 3304 1244 3308 ,
1340 3313 1343 3322 ,
1699 3280 1703 3290 .

347 3341 398 3411 im
410 3360 482 3409 non
499 3337 650 3432 impedit
672 3333 946 3408 matrimonium
961 3351 1045 3401 eon·
1129 3328 1613 3428 §.DCLXV1.Posteriusde.

347 3438 483 3524 ndum,
509 3435 616 3533 longe
637 3436 758 3506 minus
777 3426 1047 3522 dissolverepot-
1082 3429 1244 3505 dudum·
1260 3430 1308 3504 est
1342 3454 1388 3503 ex
1414 3431 1539 3501 ratione
1554 3433 1616 3501 du·
1664 3426 1734 3512 IL)
1762 3427 1811 3527 ξκ
1825 3448 1875 3491 ra·

347 3532 545 3610 tntradium.
594 3529 818 3629 Augustinus
843 3526 968 3599 diserte
983 3524 1047 3598 sta-
1075 3532 1178 3623 piiri,
1193 3529 1616 3625 quarumpriordemon-
1744 3525 1833 3599 ΜΨ·
1871 3583 1874 3588 ,

373 3658 425 3704 ros
442 3634 593 3730 grauiter
609 3630 773 3724 peccare,
807 3628 863 3723 qui
894 3626 1047 3696 nubentes
1081 3626 1188 3700 strare
1207 3626 1338 3713 debet,
1379 3626 1533 3723 ecclefiam
1554 3649 1616 3719 po.

347 3732 570 3803 otumittoirem
580 3731 736 3800 dirimunt
748 3774 764 3817 ,
794 3726 896 3798 cuius
911 3722 1045 3795 senten·
1080 3722 1171 3821 tuss‘r
1196 3722 1450 3819 uotum-fidenae
1479 3722 1665 3820 constituere,
1686 3721 1907 3818 impedimeu·'

347 3828 522 3905 [taturin
552 3825 828 3898 iurecanoni'co
856 3843 932 3919 cap.
965 3822 1047 3915 Qui·
1082 3837 1151 3894 tum
1161 3815 1573 3894 matrimoniumdirimrus.
1623 3816 1796 3893 Posterior
1805 3844 1888 3916 pro·

347 3929 418 4004 &a
453 3923 527 3999 dist:
549 3941 609 4015 27.
637 3947 713 4018 cap.
740 3924 946 4017 Nuptiarum
969 3918 1044 3992 &a
1081 3920 1166 3993 bare
1201 3918 1331 4007 debet,
1369 3921 1521 4019 etcsestum
1548 3912 1685 4016 bubuiffr
1698 3940 1818 4012 graues
1840 3917 1889 3993 89'

347 4026 387 4099 ss.
413 4046 492 4120 q.1.
519 4023 578 4096 cui
587 4045 657 4093 non
673 4023 791 4117 potuit
804 4017 1045 4091 bellarminus
1081 4017 1179 4118 iustos
1201 4015 1236 4088 id
1260 4018 1364 4111 ipsum
1395 4017 1600 4115 constituendi
1626 4015 1747 4110 tuuscu.
1807 4013 1886 4091 Nos

360 4124 592 4220 respondere,
618 4142 730 4215 quent
755 4119 853 4214 quod
866 4117 981 4187 notitia
995 4116 1048 4184 iu·
1082 4138 1279 4210 utrumque
1308 4139 1520 4213 negamus,
1558 4115 1748 4188 audiamus
1774 4114 1889 4209 igitur

346 4227 395 4295 ius
412 4220 599 4319 rccipiujiici
612 4221 657 4289 ad
669 4215 963 4315 Augustiuumuon
970 4236 1048 4308 per·
1081 4214 1292 4287 Bellarmini
1314 4214 1556 4309 probationes.
1606 4214 1658 4309 Ι.)
1690 4213 1829 4307 Etrirfio
1847 4211 1888 4281 ub

346 4327 375 4395 it.
426 4319 572 4392 Utinam
596 4339 684 4388 vero
711 4314 963 4403 notitia-illius
994 4314 1047 4383 iu·
1081 4312 1300 4410 uotiquiffimis
1345 4315 1539 4407 temporibus
1570 4326 1640 4385 tum
1681 4315 1716 4384 in
1752 4308 1891 4383 conciliis

350 4440 513 4516 unquam
538 4418 582 4488 ad
609 4405 1046 4508 ecclefiampervenisset,
1081 4425 1152 4483 tum
1182 4435 1245 4506 per
1269 4411 1421 4506 summor
1461 4410 1632 4509 pontifites
1674 4409 1730 4481 stoc
1756 4408 1891 4507 statuit.

357 4520 537 4592 divino&
558 4514 712 4586 naturali
727 4513 800 4584 iuri
817 4507 1045 4594 adversetur,
1081 4508 1236 4604 Fortasse
1274 4512 1371 4581 etium
1404 4507 1461 4581 suot
1499 4513 1538 4580 dr
1574 4505 1751 4605 ,apostoiitu
1784 4506 1889 4577 trudi·

346 4616 422 4689 siea
446 4614 682 4687 ostendemus.
735 4609 933 4704 Gregorius
949 4604 1045 4699 epist.
1081 4611 1166 4680 tiour
1194 4606 1357 4700 descendit.
1423 4607 1514 4680 Num
1543 4607 1760 4705 Cyprianus,
1795 4601 1891 4691 Bast-

346 4713 403 4788 sX.
435 4719 469 4786 δι
496 4707 652 4785 habetur.
680 4731 756 4806 cap.
790 4710 871 4777 Sunt
895 4706 950 4799 qui
975 4702 1048 4777 &u
1069 4705 1206 4781 iius&
1225 4705 1442 4804 Amorofias,
1480 4710 1536 4801 qui
1558 4709 1616 4777 stot
1633 4706 1889 4798 impedimentum

346 4815 386 4885 sl.
410 4836 445 4907 q.
461 4829 495 4904 2.
520 4816 625 4887 Suet,
650 4811 705 4903 qui
729 4810 865 4889 dicuat,
883 4803 1047 4901 religionis
1081 4805 1277 4903 agnoseuut,
1297 4816 1374 4875 onte
1397 4806 1579 4878 reconcilio
1597 4824 1711 4898 eosque
1724 4797 1890 4897 pontifices

346 4940 353 4985 r
378 4912 527 5009 coniugia
543 4909 649 4978 debere
668 4904 809 5004 diffoloi,
834 4902 1046 4996 uerumseiru·
1082 4906 1255 4988 vixerunt,
1279 4905 1432 4999 aquibus
1444 4903 1500 4973 boc
1518 4908 1679 4974 decretum
1688 4898 1822 4995 sotium
1841 4898 1890 4967 oi·

346 5012 400 5108 st,
413 5010 506 5108 filex
522 5008 576 5079 stoc
590 5006 733 5077 bumana
749 5002 908 5095 toutrffit,
934 5002 985 5070 sex
997 5013 1047 5071 ta·
1080 5008 1200 5088 detur,
1221 4999 1270 5085 t&
1283 5005 1351 5073 ideo
1367 5002 1495 5082 concisio
1510 5001 1557 5077 85
1571 4996 1738 5094 pontifices
1750 5004 1891 5069 nontam
1928 5027 1930 5032 ·

346 5111 450 5187 (tainu
462 5107 639 5210 probibuit.
687 5109 755 5185 Per
775 5102 909 5199 saraim
930 5101 1051 5173 veritus
1083 5103 1161 5178 noui
1179 5095 1481 5202 adpaidstututffr,
1510 5124 1607 5200 quum
1620 5111 1714 5171 uetus
1731 5100 1892 5265 derrgpoop
1972 5211 1976 5216 η
