4884 5984
348 454 351 458 ’
433 423 515 580 ’με
562 478 861 572 ιοοιιιικιι
911 481 1013 559 cto
1026 487 1098 586 vt·
1121 477 1360 588 minoen.
1390 480 1518 590 ¹itur,
1532 482 1577 555 ιι.
1625 453 2001 598 inest-,iecra
2058 435 2060 440 ’

446 674 663 778 eslgrodut,
686 677 723 751 itt
749 698 814 776 quo
842 675 1035 774 conjugium
1056 676 1109 748 ito
1120 675 1170 775 stt
1192 673 1245 747 in·
1268 676 1364 765 quit,
1389 673 1671 765 prohibitionem,
1694 684 1823 768 nequis
1839 686 1937 755 ducet
1953 679 2069 754 uxorio

444 772 583 870 irinstce
617 772 772 864 mosum,
804 786 843 851 ul
868 773 1027 874 repignei
1057 774 1142 848 iliud
1158 772 1246 889 fieri
1267 769 1433 876 sororem,
1454 800 1491 848 ee
1507 775 1616 850 odhuc
1636 779 1880 870 vivente,·non
1896 775 1962 852 else
1983 779 2068 866 iuris

445 872 548 955 bere,
567 873 717 970 quod-rx
735 883 902 974 copulet,
928 874 1016 972 quin.
1033 872 1142 949 nodos
1160 895 1244 970 gro·
1267 871 1435 944 naturalis.
1468 872 1518 973 c.)
1530 876 1754 968 Polygomiom
1768 880 1803 950 in
1815 875 1946 970 populo
1965 872 2069 951 tinea

419 1045 424 1058 ,
448 969 512 1046 dor
521 971 611 1046 tollit
613 975 720 1088 finem
736 974 947 1048 matrimonii
957 969 1172 1071 primarium,
1188 970 1244 1066 vel
1265 967 1358 1044 litieo
1375 974 1468 1044 Deus
1484 971 1538 1047 vel
1554 976 1735 1074 permisti„
1746 974 1800 1048 vel
1815 973 1994 1059 toleravit,
2008 989 2066 1050 de·

437 1068 695 1168 stmndonom,
720 1070 798 1147 litet
814 1073 930 1169 aliquo
948 1067 1048 1156 modo
1066 1070 1240 1168 impediat,
1265 1092 1323 1141 mo
1343 1092 1454 1142 tumen
1470 1073 1609 1159 dixerit,
1637 1073 1833 1167 polygnoti:
1846 1071 2062 1166 prohibitio-

444 1192 525 1246 nont
539 1194 583 1244 tx
595 1173 694 1268 conju
719 1171 753 1244 io
767 1172 870 1244 etiam
882 1171 959 1270 filii
972 1195 1045 1244 cum
1056 1180 1165 1245 ¹matre
1178 1191 1241 1244 tto·
1265 1191 1343 1238 oem
1356 1162 1508 1256 respettu
1527 1173 1606 1242 novi
1621 1173 1803 1245 testamenti
1820 1198 1887 1245 non
1904 1167 1969 1247 eise
1981 1171 2062 1259 jurit'

437 1267 495 1369 sci
513 1259 647 1366 poffitit
661 1196 769 1344 'libert‘
799 1266 841 1345 {i
862 1271 1006 1343 educari.
1059 1278 1098 1341 ln
1120 1272 1239 1343 eodem
1264 1266 1430 1338 diviniec
1444 1267 1612 1342 naturalis.
1647 1269 1704 1361 d.)
1728 1273 1895 1362 Conjugie
1918 1269 2060 1345 scutrum

444 1391 519 1459 cop.
539 1371 575 1439 in
594 1365 805 1458 responsione
821 1372 862 1443 ed
886 1370 1034 1458 primum
1060 1391 1239 1460 argumen·
1262 1359 1301 1436 dc
1318 1357 1469 1436 sororum
1491 1367 1526 1437 in
1555 1369 1664 1455 prime
1689 1371 1806 1441 mundi
1832 1371 2002 1454 creatione
2025 1375 2059 1444 dt

260 1515 263 1524 .
396 1547 399 1552 Ι
446 1487 546 1538 tum:
582 1463 678 1539 Fieri
702 1463 832 1565 potest,
860 1476 900 1541 oi
930 1462 1025 1540 Deus
1052 1489 1124 1538 cum
1145 1463 1240 1564 filiis
1263 1461 1423 1550 primave
1446 1462 1735 1554 generishumtni
1755 1470 2000 1560 propagatione
2015 1461 2057 1537 ob

447 1559 540 1637 Adae
560 1561 831 1662 dispensaverit,
858 1575 897 1638 ut
914 1561 1091 1662 sororibus
1118 1565 1239 1660 junge·
1264 1556 1468 1647 peculiarem
1488 1559 1588 1634 finem
1611 1567 1703 1636 Deus
1723 1563 1875 1644 indulstt
1899 1560 2067 1654 multipli-

444 1673 570 1738 trono.
621 1663 739 1736 Nihilo
760 1686 871 1735 tomen
893 1667 1000 1736 minus
1019 1666 1054 1734 in
1073 1663 1241 1752 principio
1264 1678 1339 1730 coto
1355 1679 1465 1730 eutem
1484 1683 1609 1752 genere
1627 1660 1773 1735 humono
1789 1661 1976 1751 prohibitio
1991 1686 2057 1733 ote·

443 1760 533 1833 illiue
555 1763 671 1851 cupitis
701 1759 823 1834 sormot
845 1759 931 1833 hone
958 1759 1239 1852 propositionem:
1265 1756 1412 1830 onnonii
1439 1757 1526 1834 intet
1542 1739 1660 1831 huores
1684 1771 1718 1835 ἕ(
1742 1756 1868 1860 sutores
1891 1758 2057 1838 nihilomi-

445 1851 544 1959 ὄντι
575 1873 705 1933 notorae
730 1856 908 1936 interdiiio
921 1857 1005 1954 sont
1025 1859 1186 1954 conjugio
1203 1858 1240 1930 itt
1264 1876 1326 1923 nus
1345 1855 1391 1927 eli
1412 1856 1494 1943 ioris
1513 1856 1680 1928 naturalis.
1820 1843 1837 1874 ⁰
1905 1867 1907 1876 '
2089 1857 2095 1876 '

443 1960 557 2059 primo
572 1955 684 2054 gradu
697 1955 1006 2054 consanguinitatis
1018 1968 1088 2030 tam
1105 1958 1140 2029 in
1152 1954 1241 2030 rtiio
1354 1962 1383 2043 ς.
1405 1956 1595 2027 CCCXXI.
1642 1956 1782 2049 degerit
1817 1955 2055 2048 bellarminus:¹
2093 2011 2096 2046 ·,

443 2057 561 2139 lineo,
588 2078 689 2153 quom
705 2056 742 2129 io
765 2053 978 2152 transverso,
1007 2050 1049 2128 Θ
1069 2055 1106 2152 itt
1128 2055 1242 2151 ptimo
1266 2050 1309 2135 l.)
1327 2053 1582 2141 „interceptio
1600 2052 1665 2126 five
1689 2052 1740 2125 lex
1759 2056 1930 2144 exception
1951 2059 1986 2128 er
2002 2056 2056 2126 de·'
2095 2071 2096 2140 ξ

445 2155 559 2254 gradu
585 2153 779 2255 adfinitatis
799 2157 836 2229 in
860 2154 951 2229 lineo
981 2152 1069 2229 retia
1098 2163 1240 2228 mnium.
1265 2146 1450 2231 „clarnrivn
1464 2148 1598 2222 alterius
1617 2149 1699 2243 legis
1716 2176 1830 2242 operte
1845 2153 2057 2231 demonstret,
2081 2177 2096 2242 ·3

442 2258 492 2328 Ex
510 2253 577 2327 illis
598 2251 642 2326 fic
667 2252 815 2346 colliget
845 2256 879 2325 si
906 2254 1020 2326 divino
1047 2247 1242 2340 dispensatio
1265 2246 1406 2340 „legem
1430 2245 1522 2318 illem
1548 2251 1689 2326 Levitici
1709 2275 1775 2320 nun
1807 2247 1903 2334 fuisse
1926 2247 2055 2322 notoni
2094 2261 2096 2270 ’

443 2351 557 2426 locum
575 2348 701 2427 hebere
716 2351 823 2443 potest
849 2353 885 2424 iu
907 2349 1067 2445 gradibus
1083 2349 1160 2447 jure
1181 2377 1240 2422 nu·
1264 2341 1455 2432 „lem‚,sed
1472 2348 1672 2434 judicialem.
1710 2351 1811 2419 'Nom
1830 2347 1957 2421 letitie
1971 2353 2058 2420 Deu-
2085 2367 2096 2392 ³

444 2472 527 2523 ture
541 2447 739 2544 prohibitio,
761 2453 876 2540 utique
894 2474 934 2522 cx
955 2447 1086 2537 speciali
1111 2450 1167 2520 illo
1194 2447 1240 2520 ie·
1263 2445 1488 2527 „terooomii,
1515 2470 1587 2534 quae
1607 2449 1654 2516 est
1672 2445 1755 2536 legit
1774 2448 1929 2518 Leviticae
1949 2444 2055 2526 derle-

444 2571 489 2641 ge
504 2552 546 2621 de
562 2550 713 2620 ducendo
729 2571 831 2619 uxore
845 2545 955 2621 fretcio
973 2544 1040 2618 stne
1055 2545 1167 2618 liberis
1181 2551 1238 2619 de-
1263 2595 1284 2626 „
1297 2544 1383 2612 rotio
1402 2539 1466 2612 stve
1487 2546 1650 2632 exceptio,
1679 2546 1731 2613 vel
1752 2549 1797 2615 est
1817 2542 1987 2628 normulis,
2002 2539 2054 2616 vel

446 2645 554 2719 suomi
578 2670 645 2717 uon
667 2645 775 2735 potest
794 2642 940 2738 colligi,
977 2641 1238 2738 prohibitionem
1263 2637 1462 2725 „iudiciolie
1497 2645 1576 2712 Non
1590 2646 1696 2729 potest
1709 2644 1774 2712 dici
1791 2639 1968 2722 noturrlis,
1983 2641 2056 2730 quie

445 2748 488 2817 de
506 2768 574 2817 nou
596 2745 746 2816 ducendo
765 2740 882 2815 fretcio
899 2767 966 2814 oon
991 2735 1057 2813 else
1079 2743 1162 2828 juris
1181 2769 1239 2814 nu·
1262 2739 1390 2824 „ctiam
1409 2736 1472 2809 hoc
1491 2760 1643 2827 tempore
1665 2736 1951 2834 serrendo-esset,
1968 2739 2054 2830 quod

445 2841 578 2925 torolist
603 2843 688 2912 totio
703 2841 767 2920 eli,
794 2843 871 2929 quio
886 2836 1034 2929 speciali·
1047 2837 1106 2911 illo
1121 2840 1172 2913 lex
1188 2844 1238 2912 ni·
1262 2857 1403 2922 „tomen
1421 2837 1534 2907 omnes
1554 2860 1688 2930 negent.
1742 2839 1785 2910 Si·
1802 2862 1883 2909 vero
1905 2839 1953 2908 est
1972 2837 2056 2925 judio

445 2938 493 3012 hil
513 2939 602 3013 aliud
616 2939 681 3025 est,
703 2963 802 3026 quom
824 2940 973 3010 incerto
999 2941 1143 3023 quodem
1162 2935 1237 3010 casu
1260 2934 1400 3021 „oblim
1425 2958 1508 3025 ergo
1530 2937 1566 3009 &
1589 2934 1665 3016 lex,
1692 2961 1709 3007 ι
1731 2933 1796 3023 qui
1821 2932 1857 3006 fit
1878 2937 2054 3029 exeeptioi

445 3040 557 3110 divina
574 3033 779 3125 dispensatio.
807 3039 870 3108 Sed
884 3035 977 3125 prius
991 3037 1049 3114 est,
1063 3038 1238 3107 utconstnt
1260 3032 1469 3119 „judiciam
1491 3036 1643 3121 exceptio
1662 3037 1750 3106 enim
1774 3031 1811 3104 fit
1832 3034 1874 3106 ab
1893 3035 1959 3113 iit,
1983 3035 2055 3121 φὶ
2093 3043 2096 3084 ³

446 3161 486 3209 ex
503 3135 713 3209 bellarmino.
766 3133 1095 3225 Ergo&posteriuo‚
1120 3159 1158 3205 ec
1175 3127 1238 3221 per
1260 3126 1363 3218 „sunt
1385 3133 1530 3216 ejmdem
1553 3152 1676 3203 naturae
1693 3143 1728 3206 dc
1752 3133 1887 3206 ordinis.
1938 3127 2081 3210 velli,

416 3229 646 3322 ¹consequens
678 3228 756 3303 felso
786 3233 833 3302 est
856 3230 1044 3322 argumenti
1068 3228 1239 3302 Bellormi·
1260 3225 1341 3309 „lex
1371 3229 1426 3297 illa
1448 3227 1604 3298 naturalis
1631 3251 1727 3309 erat,
1767 3232 1865 3300 etiam
1899 3229 2053 3318 exceptio

442 3333 531 3404 nuni
552 3326 755 3419 hypothesis,
782 3331 870 3416 quod
886 3328 942 3397 ubi
963 3330 1137 3401 intercedit
1152 3332 1237 3398 divi·
1259 3327 1354 3406 „erit
1374 3323 1558 3402 naturalis,
1597 3329 1701 3414 qualis
1726 3328 1772 3398 esi
1798 3326 1880 3407 illa,
1905 3330 1996 3415 quod
2018 3330 2053 3400 in

442 3455 483 3502 no
503 3422 721 3518 dispensatio,
753 3424 800 3498 ibi
821 3420 890 3513 ipse
908 3422 1091 3513 prohibitio
1111 3449 1176 3495 non
1196 3425 1234 3497 stt
1259 3424 1407 3507 „ultimo
1439 3421 1623 3495 necessitate
1653 3424 1749 3498 liceat
1782 3422 1877 3497 fratri
1905 3424 2052 3499 sororem

442 3529 523 3617 jurio
539 3525 707 3597 noturolis.
760 3526 815 3610 2.)
827 3521 1048 3620 Exstmilihos
1062 3523 1232 3619 extorpsit.
1258 3523 1436 3602 „ducere,
1460 3519 1512 3591 let
1531 3525 1619 3592 enirn
1639 3522 1796 3595 naturalis
1820 3526 1946 3613 potitur
1968 3524 2053 3596 bene

438 3629 494 3718 a.)
511 3624 804 3718 Quemadmodum
820 3625 928 3705 Deru,
954 3620 1011 3708 qui
1026 3624 1072 3692 est
1090 3618 1234 3694 summus
1259 3615 1496 3706 „becelinum
1511 3626 1785 3707 exceptionem„
1807 3651 1811 3656 ·
1837 3619 1938 3717 Hesp.
1952 3645 2054 3714 negti

440 3721 634 3795 nomotheto
654 3720 790 3808 relegis
807 3713 869 3788 suot
889 3722 1061 3806 dominus,
1085 3716 1234 3789 israelitis
1259 3742 1330 3787 mus
1353 3718 1435 3808 legis
1455 3718 1618 3807 generalis
1640 3729 1674 3792 dr
1689 3721 1891 3808 exceptionis
1900 3715 2055 3809 specieiio

440 3823 475 3890 in
495 3826 638 3907 AEgypto
656 3812 871 3887 servientibus
885 3811 1083 3904 potestatem
1097 3816 1176 3887 fecit
1191 3817 1233 3889 nb
1257 3812 1320 3888 esse
1336 3819 1488 3886 eamdem
1508 3819 1687 3906 rationem,
1710 3823 1797 3906 quod
1811 3845 1849 3888 ex
1867 3818 1967 3907 ipsius
1983 3817 2055 3890 Bel·

439 3916 604 4004 AEgyptiis
624 3909 697 3985 vaso
711 3936 809 3984 aureo
833 3923 867 3985 δι
892 3937 1067 4004 argenteo,
1092 3918 1233 4004 aliosque
1257 3912 1685 3999 lorminihypothestbusstc
1705 3918 1979 3989 demonstremus.
2000 3913 2051 4010 ι.)

439 4037 493 4085 reo
520 4006 677 4100 pretiosos
704 4012 914 4082 commodato
937 4012 1139 4098 accipiendi,
1162 4019 1231 4084 'eos-
1256 4010 1346 4082 Libr.
1363 4017 1405 4082 de
1420 4015 1564 4083 ntutrirn.
1582 4039 1654 4101 cap.
1670 4012 1729 4085 Xl.
1746 4011 1906 4102 disputet,
1929 4013 2053 4088 diuina

437 4137 501 4200 que
522 4106 630 4181 secum
656 4105 855 4190 auferendi,
876 4111 976 4180 Exod.
993 4105 1070 4179 Xll.
1089 4133 1144 4196 35.
1171 4136 1233 4182 nec
1256 4107 1517 4203 dispensatione,
1540 4134 1693 4206 quesiti
1716 4113 1882 4184 internam
1903 4110 2052 4209 inspira·

437 4234 549 4282 tomen
567 4211 658 4280 reete
671 4217 710 4277 t'r
727 4232 767 4277 eo
788 4205 983 4295 colligitur,
1007 4203 1135 4278 furtum
1164 4234 1231 4280 non
1256 4207 1377 4280 tionem
1395 4207 1552 4305 patribus
1568 4210 1681 4302 suerit
1702 4223 1805 4295 tiolo,
1830 4208 1956 4309 liouiffe
1973 4212 2053 4309 pito·

437 4307 500 4382 eise
527 4328 641 4380 noturu
663 4302 896 4395 prohibitum:
922 4302 963 4374 iic
986 4329 1025 4375 ex
1051 4330 1115 4387 eo,
1142 4309 1230 4393 quod
1255 4330 1306 4381 m
1322 4307 1425 4405 fimus
1446 4330 1568 4380 uxores
1588 4309 1713 4381 ducere.
1763 4315 1898 4381 Secutus
1925 4310 2080 4383 Bellon·

425 4411 473 4482 in
494 4429 586 4480 certo
606 4408 752 4491 quodem
781 4397 859 4470 cnsu
877 4423 1016 4490 propter
1042 4406 1231 4475 evidentem
1255 4407 1336 4476 mini
1363 4404 1455 4475 filum
1480 4431 1518 4477 oc
1534 4407 1650 4489 stylum
1675 4409 1716 4477 lic
1731 4404 1886 4495 disputo:
1920 4409 1981 4479 llio
2001 4412 2053 4479 di-

435 4508 611 4592 quemdum
627 4504 787 4571 tutionem
806 4503 895 4568 Deus
912 4496 1087 4586 disposuit,
1111 4526 1146 4572 ut
1164 4501 1230 4573 fro·
1254 4497 1413 4589 spensutio
1433 4527 1503 4574 erut
1518 4531 1575 4575 out
1600 4504 1767 4582 naturalis,
1792 4528 1848 4575 aut
1875 4506 2049 4593 judicialis.

437 4627 489 4672 ter
511 4607 646 4670 duceret
672 4621 808 4667 uxorem
836 4596 946 4666 fratris
973 4596 1096 4684 ubsque
1116 4598 1230 4671 liberis
1253 4604 1286 4673 Si
1301 4599 1475 4685 naturalis,
1499 4627 1582 4693 ergo
1598 4602 1705 4673 adhuc
1725 4604 1823 4676 hodie
1838 4598 1962 4676 servari
1976 4627 2052 4695 pot·

431 4696 600 4775 defundii,
625 4707 692 4764 hon
723 4696 772 4764 est
801 4691 1026 4785 colligendum
1041 4747 1052 4778 ,
1067 4697 1230 4785 prohibi·
1252 4701 1309 4770 eii.
1360 4702 1392 4771 Si
1412 4705 1564 4788 exceptio
1581 4702 1625 4771 est
1643 4701 1822 4786 judicialis,
1851 4727 1937 4793 ergo
1950 4705 2050 4776 etiem

435 4799 561 4868 tionem
584 4797 625 4864 de
644 4795 712 4863 utin
727 4793 875 4876 docendo
893 4789 1006 4863 fratria
1024 4819 1089 4865 non
1102 4793 1228 4882 ell'eju.
1252 4793 1306 4866 lex
1329 4796 1550 4885 polygamiom
1580 4797 1758 4886 prohibens
1788 4801 2049 4886 eritjudiciolis.

431 4899 477 4966 rio
496 4892 661 4963 mturulis.
712 4887 765 4976 b.)
783 4894 828 4959 Ex
843 4885 1079 4976 dispensatione
1093 4894 1127 4962 in
1147 4917 1226 4963 con·
1252 4895 1425 4985 Quidquid
1441 4897 1495 4967 hic
1511 4896 1724 4968 bellarminus
1739 4893 1939 4984 respondere
1957 4900 2047 4988 velit,

292 5007 298 5014 ’
430 4995 523 5084 jugio
543 4989 752 5081 Jacobicum
770 4988 897 5060 duobus
922 4982 1088 5059 sororibus
1108 4995 1227 5081 (qinom
1252 4989 1309 5062 suo
1342 4997 1440 5063 etium
1475 5017 1674 5085 argumento
1703 4993 1892 5083 responsum
1922 5000 2051 5075 llutuet.

428 5095 562 5184 quidem
588 5085 816 5181 probtbtlirer.
836 5089 997 5177 statuunt)
1027 5087 1145 5165 inserri
1171 5116 1228 5167 ne·
1253 5092 1309 5190 ι.)
1326 5095 1402 5164 Hoc
1417 5090 1488 5184 ipio
1502 5097 1537 5166 iu
1557 5094 1632 5168 loco
1652 5091 1867 5168 bellarminus
1883 5093 1928 5168 stc
1949 5101 2052 5212 retio-

1965 5220 2055 5279 ‘lm‘
