4884 5984
461 459 529 587 ur
577 407 806 570 eruptura
855 463 1117 541 nanninus
1166 462 1223 539 ut
1266 464 1381 557 June
1431 464 1718 543 umrcnrrt.
1830 464 1903 552 an

348 680 365 734 s
396 655 436 731 de
467 662 667 748 carraria,
701 669 771 733 tene
802 658 888 749 stoc,
923 664 1078 758 quamuis
1100 675 1354 738 truncatorum
1376 662 1553 737 ordinario
1573 662 1687 758 judice
1710 658 1765 735 uel
1789 657 1902 758 magi·
1957 680 1963 705 ‘

363 767 497 834 teneant
523 762 730 835 centrarium
759 757 828 834 &a
1091 768 1207 865 stratu
1229 760 1264 832 in
1272 762 1393 860 filiurn
1409 763 1604 860 adoptatur.
1656 764 1837 853 Anogatio
1855 760 1900 862 ιβ

436 932 441 943 ,
600 862 891 953 §.ccccxxtu
908 861 1076 951 Ategua·
1099 863 1192 940 udus
1217 856 1411 955 legitimus,
1438 885 1501 958 quo
1525 864 1573 949 is,
1643 863 1657 936 i
1669 859 1730 957 sui
1745 861 1835 958 juris
1855 860 1899 959 esi

350 948 390 1044 ss
429 949 494 1074 Μ]
553 956 1076 1056 tionespiritualifiveecclesa·
1099 988 1173 1037 cunr
1194 960 1380 1035 autoritate
1397 962 1565 1057 principis
1595 887 1639 1035 sl
1657 958 1763 1055 causo
1780 959 1899 1055 'cogni-

348 1024 390 1071 Η
412 1028 503 1091 '⁸⁶¹'
548 1057 637 1158 stica
665 1056 842 1131 tranfitutu
865 1054 1005 1128 facirssus
1032 1060 1073 1128 ad
1099 1065 1189 1137 tione
1210 1060 1246 1136 in
1258 1061 1376 1159 fitium
1397 1062 1568 1159 recipitur.
1625 1057 1770 1156 Objettis
1792 1062 1898 1153 igitur

348 1155 419 1229 stem
445 1155 512 1230 stre
538 1154 697 1242 ciuilem,
735 1182 807 1244 quae
828 1182 868 1230 ex
895 1158 1073 1246 adoptione
1097 1161 1149 1238 he
1176 1165 1249 1233 duae
1277 1158 1466 1251 adoptionis
1492 1156 1618 1248 species
1645 1157 1829 1244 differunt,
1858 1182 1899 1230 ee

348 1260 429 1330 itur.
477 1253 646 1328 Definitur
657 1252 776 1347 legalis
789 1257 963 1346 cognatio,
983 1258 1073 1342 quod
1097 1261 1345 1349 quodammodo
1365 1274 1400 1333 dt
1420 1258 1521 1355 causa
1542 1259 1697 1355 efficiente
1715 1268 1748 1332 at
1763 1255 1896 1351 sarona.

348 1354 574 1452 tropinquitar
594 1352 809 1450 personarum
834 1376 897 1449 per
918 1353 1074 1449 adoptiof
1097 1364 1129 1433 Si
1157 1362 1247 1432 euim
1271 1355 1499 1432 filiusfamilias
1518 1362 1723 1446 adoptandus
1747 1360 1818 1438 est,
1842 1380 1896 1430 re·

363 1455 515 1550 legitime
533 1451 715 1526 contrusio.
753 1454 901 1541 Adoptio
923 1455 965 1553 est
982 1451 1073 1526 osius
1095 1461 1260 1546 quiritur,
1276 1478 1312 1527 ut
1326 1481 1402 1530 cnm
1416 1452 1572 1529 consensu
1585 1459 1689 1546 patris
1702 1453 1750 1527 sui
1763 1478 1896 1528 notura·
2005 1455 2008 1461 '
2135 1456 2139 1468 '

348 1555 465 1640 timus,
490 1577 553 1650 quo
584 1552 712 1647 aliquis
737 1549 935 1650 adsciscitur
966 1552 1002 1623 in
1023 1552 1072 1650 β·
1095 1558 1136 1628 lis
1159 1554 1212 1628 vel
1235 1559 1290 1628 aui
1314 1557 1471 1646 paterni,
1505 1559 1539 1628 in
1566 1580 1709 1644 quorum
1735 1555 1895 1644 potestate

348 1679 374 1740 r,
402 1654 460 1750 qui
480 1652 686 1727 naturaliter
708 1648 800 1725 illius
814 1650 915 1750 filius
931 1674 998 1723 non
1014 1653 1069 1751 ιβ.
1095 1658 1291 1728 constitutus
1313 1657 1379 1737 est,
1404 1647 1516 1727 coram
1535 1656 1647 1742 judice
1665 1655 1834 1727 ordinario
1850 1650 1895 1726 ab

348 1754 431 1842 npla
444 1755 630 1841 adoptionis
643 1775 825 1822 occurrunt
835 1775 902 1824 nou
916 1746 1020 1823 solum
1037 1752 1070 1821 in
1095 1780 1154 1836 eo,
1181 1756 1240 1843 qui
1258 1780 1268 1829 r
1283 1772 1314 1839 8.
1327 1756 1418 1825 annis
1432 1759 1645 1843 adoptantem
1660 1776 1789 1825 aetatem
1803 1771 1897 1825 ante⁴

348 1856 414 1925 sriis
429 1849 598 1942 profanis,
625 1847 678 1921 sed
700 1850 799 1920 etiam
820 1850 915 1922 sacra.
965 1846 1071 1921 Iacob
1095 1844 1211 1936 cedit‚'
1237 1862 1272 1928 dc
1295 1852 1488 1925 naturaliter
1512 1854 1554 1923 ad
1579 1856 1808 1944 generandum
1831 1874 1895 1941 po·

348 1951 471 2024 'iarcita
488 1956 627 2039 adoptat
646 1970 784 2036 nepotes
802 1945 874 2019 suns
897 1946 1069 2044 Ephraim
1095 1974 1168 2026 tens
1189 1952 1259 2031 eu,
1286 1955 1473 2039 adoptetur.
1530 1952 1560 2023 Si
1585 1974 1667 2022 vero
1686 1953 1758 2037 quis
1776 1947 1822 2021 sui
1839 1958 1893 2039 ju·

348 2048 507 2148 llunase,
524 2043 641 2123 Grues.
661 2053 884 2120 XXXXthl.
906 2058 960 2122 16.
989 2045 1076 2119 Mo·
1095 2053 1341 2140 risarrogatur,
1358 2051 1557 2138 requiritur,
1580 2044 1895 2141 utperrescriptuut
1967 2079 1969 2084 ·

348 2155 515 2241 tdoptatus
529 2148 575 2219 est
592 2145 700 2245 afilia
717 2143 931 2227 Pharaonis,
966 2150 1070 2219 Exod.
1094 2151 1256 2238 principis
1272 2158 1306 2221 &
1320 2144 1685 2221 sufficiente-causarum
1702 2150 1895 2239 cognitione

348 2275 392 2326 ο.
426 2254 502 2323 ao.
519 2253 593 2318 Vll.
612 2270 671 2318 21.
699 2244 864 2317 Heb.X1.
883 2269 939 2330 ot.
967 2243 1072 2319 Mar·
1096 2258 1131 2322 &
1152 2268 1230 2317 cum
1252 2243 1410 2319 consensu
1431 2250 1610 2340 arrogandi
1633 2244 1688 2318 fiat
1710 2248 1892 2337 arrogatio.

348 2347 529 2423 laeusEtlb.
546 2351 589 2415 11.
605 2369 638 2435 7.
663 2341 765 2414 filiani
780 2341 891 2420 fratris
906 2340 972 2424 sui,
993 2341 1031 2418 E
1057 2384 1073 2400 ·
1095 2345 1118 2420 l.
1143 2349 1263 2432 Neque
1286 2340 1401 2418 absens
1420 2345 1445 2419 l.
1468 2344 1491 2416 sr
1517 2342 1763 2435 paterfamilias.
1789 2343 1826 2416 ff.
1848 2348 1892 2420 de

349 2473 406 2534 ru,
431 2447 560 2533 accepit
580 2441 637 2513 fibi
655 2445 688 2512 in
705 2441 818 2514 filiam.
868 2440 981 2517 Iulius
1030 2466 1073 2516 a·
1095 2446 1264 2531 adoptieu.
1294 2459 1320 2532 ς.
1349 2446 1485 2534 adoptio
1512 2447 1614 2516 instit.
1640 2447 1682 2516 de
1702 2445 1894 2538 adoptioni·

348 2548 514 2635 adoptavit
530 2539 754 2615 Oilouianum
769 2538 978 2641 Augustum,
996 2541 1072 2616 Au·
1096 2543 1166 2614 bus.
1222 2543 1382 2639 Quatuor
1405 2545 1509 2634 igitur
1529 2545 1563 2613 in
1583 2542 1774 2616 universum
1794 2537 1894 2616 disse·

348 2672 386 2720 us
409 2642 579 2718 Tiberium
600 2637 667 2714 &a
713 2642 831 2725 Estque
846 2641 916 2714 hae
935 2646 1072 2733 adoptio
1095 2643 1208 2713 rentiae
1226 2637 1299 2711 sunt
1317 2645 1404 2713 inter
1423 2642 1638 2729 adoptionem
1657 2649 1692 2715 dc
1709 2641 1894 2732 arrogatio-

348 2748 408 2834 ;ine
429 2746 564 2834 quidem
584 2740 677 2837 juris
695 2739 866 2833 gentium,
879 2742 962 2828 quia
983 2746 1070 2832 apud
1095 2766 1188 2812 nem:
1218 2741 1269 2830 t.)
1288 2765 1356 2811 non
1369 2742 1477 2829 potest
1490 2741 1662 2831 arrogari,
1689 2736 1747 2831 nisu
1762 2741 1820 2828 qui
1835 2736 1892 2834 sui

347 2869 382 2918 as
414 2865 557 2937 gentes,
605 2845 778 2913 Romanos
808 2841 1003 2927 cumprimis
1036 2849 1070 2914 te
1088 2840 1181 2935 juris
1197 2839 1257 2937 est,
1284 2832 1339 2926 sed
1357 2842 1535 2928 adoptatur
1553 2842 1610 2926 qui
1628 2840 1671 2937 est
1688 2836 1813 2916 olienis
1839 2842 1890 2927 2.)

348 2919 426 3020 lens,
451 2934 680 3030 antiquillirnis
697 2936 903 3024 temporibus
916 2936 1071 3009 usitatum
1093 2958 1266 3031 arrogatur
1284 2940 1406 3038 transt
1421 2939 1457 3010 in
1469 2940 1662 3036 potestatem
1679 2936 1889 3032 arrogantis,

348 3096 357 3132 ‚
380 3062 418 3113 ut
432 3040 502 3120 illi,
528 3040 585 3126 qui
602 3035 656 3107 uel
672 3038 706 3105 in
723 3032 1071 3108 roelibatuconseuue·
1094 3034 1149 3109 sed
1164 3042 1352 3126 adoptatus
1382 3062 1450 3110 non
1482 3036 1594 3107 tramit
1623 3039 1658 3106 in
1692 3038 1888 3125 potestatem

355 3197 364 3224 ,
391 3139 442 3212 rel
458 3165 497 3211 ex
516 3136 728 3208 matrimonio
747 3134 854 3204 nullus
874 3132 998 3216 liberos
1017 3131 1070 3205 su·
1092 3138 1302 3224 adoptantur
1328 3134 1350 3207 l.
1370 3134 1487 3224 penult
1509 3160 1537 3205 c.
1559 3138 1601 3205 de
1621 3140 1737 3224 adopt.
1762 3139 1816 3231 3.)
1834 3158 1889 3207 ar·

349 3259 463 3323 erant,
490 3236 544 3309 vel
573 3233 697 3306 liberos
724 3228 798 3304 suos
829 3232 994 3304 naturales
1025 3232 1068 3304 ob
1094 3256 1231 3323 rogatus
1250 3232 1349 3306 dalet
1370 3234 1558 3329 legitimam
1579 3236 1611 3302 in
1635 3232 1731 3306 bonis
1753 3259 1890 3328 arrogo·

348 3365 382 3411 es
401 3343 583 3429 degeneres
597 3332 902 3414 exheredaverant‚
930 3332 982 3404 vel
998 3328 1068 3404 eos·
1094 3334 1193 3412 toris,
1218 3338 1308 3419 quod
1331 3336 1364 3403 in
1387 3335 1543 3421 adoptato
1570 3327 1658 3402 secus
1677 3337 1814 3416 evenit3
1838 3342 1889 3427 4.)
1944 3344 1948 3349 “

365 3456 565 3525 praematura
581 3454 691 3503 morte
705 3433 879 3503 exstindtos
892 3428 1063 3519 lugebant,
1088 3432 1257 3520 arrogatio
1273 3454 1341 3502 non
1357 3434 1463 3519 potest
1482 3429 1551 3500 fieri
1568 3429 1624 3499 nist
1642 3432 1809 3528 principis
1826 3454 1888 3504 aa·

348 3536 487 3624 elloquio
504 3533 687 3603 liberorum
703 3527 903 3601 naturalium
925 3553 1065 3600 numero
1089 3530 1251 3608 toritate,
1279 3524 1333 3600 sed
1355 3532 1492 3617 adoptio
1519 3527 1555 3599 lit
1582 3532 1760 3604 autoritate
1777 3539 1888 3620 cujus·

348 3641 418 3706 lurn
438 3653 532 3706 erant
551 3629 718 3710 contenti,
744 3627 895 3699 orbitatis
914 3622 1065 3698 solatium
1091 3627 1174 3700 libet
1192 3631 1414 3714 competentis
1437 3629 1654 3718 magistratus.

348 3728 535 3807 smiliasuae
550 3724 781 3801 conseruandae
796 3728 944 3796 medium
960 3727 996 3822 in
1009 3729 1068 3797 ad·
1167 3740 1194 3813 ς.
1211 3728 1443 3799 ccclxxv.
1460 3724 1590 3817 legalis
1603 3726 1757 3816 cognatio
1774 3748 1813 3797 ex
1830 3726 1889 3798 ad-

348 3857 410 3903 one
428 3850 637 3918 quaererent:
669 3828 861 3921 scertamen
884 3824 983 3897 ciuile
1011 3828 1068 3896 ad·
1092 3828 1229 3914 optione
1255 3844 1327 3894 otta
1354 3826 1495 3895 docendi
1520 3823 1613 3895 causa
1635 3824 1766 3914 triplex
1793 3824 1888 3896 statui

348 3933 415 4003 onis
444 3926 563 3999 forma
590 3922 741 3997 nonnihil
766 3924 915 4007 addidit,
942 3926 1029 3995 unde
1049 3946 1068 3992 a
1091 3926 1208 4013 potest.
1261 3924 1370 3993 Prima
1387 3925 1433 3994 est
1451 3919 1538 4009 quast
1557 3920 1823 4017 aciscmdeutiutn
1845 3919 1887 3998 ii

348 4054 403 4101 nus
421 4024 575 4098 civilibus
592 4027 738 4112 primum
760 4024 894 4092 inventa
916 4032 949 4094 dc
964 4024 1068 4092 intro·
1091 4018 1379 4118 descendentium,
1414 4024 1600 4109 adoptantis
1623 4016 1744 4093 scilicet
1769 4033 1802 4096 dc
1829 4026 1889 4096 ad·

348 4108 369 4198 ax
384 4128 526 4203 dicitur,
553 4147 713 4212 quatenus
732 4117 854 4191 scilicet
873 4123 906 4189 in
926 4117 1068 4190 solenni·
1091 4123 1196 4211 optati
1209 4113 1247 4191 ¹ac
1262 4117 1530 4193 descendentium
1545 4117 1586 4191 ab
1601 4116 1680 4210 ipso.
1718 4120 1888 4193 Perillam

354 4237 389 4299 dc
407 4222 557 4311 essedis,
584 4247 665 4310 quos
686 4230 760 4308 jure
783 4216 871 4288 civili
890 4221 1066 4305 producit,
1090 4223 1181 4293 enirn
1213 4221 1445 4309 cognationem
1474 4220 1560 4290 inter
1589 4217 1822 4291 adscendentes
1851 4228 1888 4294 dc

348 4324 498 4396 ideratur
517 4333 546 4411 ξ.
568 4318 621 4393 sed
639 4320 659 4391 st
680 4344 754 4406 qua.
774 4321 848 4388 lust.
869 4321 910 4387 de
928 4340 1022 4406 nupt.
1043 4316 1065 4386 l.
1091 4314 1324 4391 descendentes
1343 4318 1528 4407 adquiritur
1545 4327 1595 4403 jus
1613 4313 1696 4399 filii,
1731 4313 1821 4404 cujus
1838 4320 1889 4389 vi-

347 4424 561 4510 adoptionem
585 4445 625 4508 tp
657 4416 695 4490 ff.
712 4421 753 4488 de
773 4419 826 4486 rit.
843 4437 938 4501 nupt.
957 4425 990 4489 &
1009 4418 1067 4487 de·
1091 4442 1176 4507 gore
1202 4418 1386 4503 impeditur
1414 4418 1660 4486 matrimonium
1685 4413 1888 4489 contrahen.
1950 4491 1956 4498 ,

363 4520 504 4612 probata
523 4544 559 4589 ac
579 4542 713 4605 recepta
729 4545 746 4587 a
763 4512 858 4584 sacris
875 4514 1065 4586 canonibus.
1091 4522 1189 4598 dum,
1204 4512 1270 4586 srve
1284 4512 1391 4585 adhuc
1402 4518 1501 4584 duret
1516 4513 1597 4585 illud
1612 4520 1683 4599 jus,
1698 4512 1764 4587 stre
1775 4541 1889 4589 eman·
1951 4543 1957 4552 ·
1981 4513 1985 4521 ’

349 4644 381 4692 ta
405 4618 548 4711 diligere
569 4643 598 4688 c.
623 4616 707 4686 lllud
731 4619 831 4687 etiam
860 4637 915 4697 30·
935 4640 967 4700 q.
992 4639 1019 4697 3.
1036 4638 1064 4683 c.
1090 4616 1256 4702 cipatioue
1273 4611 1327 4684 rel
1345 4611 1409 4683 alio
1425 4616 1529 4685 modo
1548 4609 1585 4683 stt
1602 4607 1769 4695 solutum,
1800 4619 1887 4691 mute

348 4749 359 4792 1.
369 4743 453 4792 eutr.
462 4724 503 4789 de
512 4742 612 4807 cogn.
625 4715 732 4806 legali.
762 4718 930 4787 Caeterum
943 4709 1065 4800 duplex
1090 4712 1112 4783 fi
1128 4714 1199 4799 quis
1209 4715 1349 4801 adoptet
1363 4709 1505 4798 aliquam
1520 4712 1552 4779 in
1567 4709 1667 4784 filiam
1677 4770 1686 4798 ‚
1698 4715 1797 4785 etiam
1814 4717 1889 4803 post
1994 4793 1997 4804 ,

348 4823 425 4889 titur
444 4817 606 4915 ejusmodi
633 4815 778 4900 adoptio.
843 4808 1008 4910 Specisca
1030 4820 1064 4884 de
1091 4811 1227 4884 solutam
1255 4812 1468 4900 adoptionem
1499 4820 1533 4883 &
1561 4815 1887 4904 emancipationem,

348 4918 461 5012 »garta
520 4917 667 5001 Adoptio
685 4909 835 5000 specifica
853 4916 900 5000 est
916 4909 1074 4983 adiurit-1
1091 4935 1151 4983 nec
1174 4909 1331 4997 camilla
1355 4933 1416 4979 nec
1441 4933 1515 4978 cum
1538 4907 1647 4997 aliqua
1664 4921 1734 5000 ejus
1753 4909 1889 4987 descen·
1959 5005 1961 5010 Δ

348 5043 430 5102 truc,
470 5038 533 5110 quo
545 5011 806 5111 filiusfamilias
826 5034 899 5082 curn
915 5007 1067 5105 consertsu
1092 5009 1449 5081 dentematrimonium
1462 5008 1793 5095 contraherepotest,
1809 5039 1888 5086 eum
2010 5074 2013 5086 ,

348 5119 377 5191 ir
384 5114 445 5213 sui
456 5112 631 5189 naturalis
644 5109 688 5185 ab
701 5134 766 5185 atro
783 5122 931 5186 materno
946 5098 999 5184 ael
1010 5133 1070 5184 cx·
1093 5106 1154 5181 sunt
1164 5133 1318 5196 tanquam
1328 5100 1886 5206 adscendentes&descendentem

348 5214 414 5352 ἔφη.
440 5211 530 5307 XV.
1144 5211 1209 5277 Zz
1292 5323 1298 5335 '
1391 5316 1396 5322 1
1796 5215 1907 5320 Ergo
