4884 5984
506 489 581 588 ιιι·
638 452 932 567 metamur.
979 478 1082 561 cnr.
1097 481 1141 559 e.
1169 481 1393 578 ,menan
1441 481 1610 559 nunu.
1659 476 1775 590 runs
1790 480 1818 552 ι.
1867 480 2045 559 secer

371 733 377 742 -
489 710 583 778 ,non
600 680 674 758 sunt
687 682 918 758 cerimoniales
934 681 988 758 vel
1006 674 1172 762 forenses.
1189 674 1246 753 sed
1258 704 1331 770 mo·
1355 679 1496 758 ruralem
1514 705 1553 755 ac
1571 677 1732 754 moralem
1743 679 1922 770 pertinent.
1938 680 2043 751 Deut.
2054 680 2172 754 XXX·

513 779 612 860 rates.
674 786 805 873 Excipit
833 781 1076 868 bellarminus,
1109 778 1215 852 etiam
1234 778 1331 877 judi·
1360 768 1373 853 i
1378 807 1414 869 9.
1433 781 1572 856 recitata
1587 777 1713 853 summa
1727 778 1811 872 legis
1833 778 1968 850 moralis
1993 773 2172 872 subjungi·

516 880 662 957 cialibus
689 879 730 957 fb
753 879 1027 956 cerimonialibus
1044 876 1331 977 preceptisadbi
1356 901 1436 953 rur:
1477 874 1650 977 Proposui
1675 875 1771 953 vobis
1800 878 1908 950 uitam
1935 870 1977 949 ΕΞ
2000 887 2141 952 mortem
2155 886 2205 965 ‚N

348 1037 352 1044 ι
509 981 641 1084 similes
654 1000 799 1079 poenas,
812 991 851 1055 ut
866 982 1011 1078 patetde
1025 972 1265 1149 transgreqom
1283 975 1331 1062 le-
1354 978 1443 1075 elige
1456 1001 1538 1075 ergo
1556 979 1686 1060 vitam,
1712 986 1750 1050 ut
1772 973 1813 1070 ij
1832 985 1869 1049 tu
1885 975 1983 1049 vivas
2001 971 2044 1053 sl
2053 973 2172 1074 semeis

382 1111 390 1120 ·
519 1081 576 1178 gis
600 1079 641 1154 sle
667 1081 932 1172 circumsistens,
983 1075 1068 1171 Gen,
1096 1074 1257 1153 XVII.
1290 1071 1333 1150 is
1356 1088 1469 1163 tuum,
1500 1074 1541 1152 δ’
1562 1076 1695 1174 diligas
1720 1072 1906 1170 Dominum
1927 1069 2040 1149 Deum
2064 1087 2174 1154 mun.
2208 1132 2210 1136 ψ

509 1180 562 1254 eie
576 1179 759 1253 comedente
777 1179 1020 1273 fermentatum
1046 1179 1091 1268 in
1104 1174 1221 1252 diebus
1247 1197 1336 1271 azy·
1356 1177 1510 1254 Christus
1529 1174 1598 1268 ipse
1615 1175 1739 1248 Matris.
1754 1183 1846 1248 xlx.
1875 1201 1927 1251 ιι.
1953 1179 2033 1249 Luc.
2050 1183 2094 1250 X.
2113 1190 2173 1262 τε.

522 1303 651 1354 morum
670 1334 680 1365 ,
699 1276 829 1354 Extat.
854 1275 947 1354 XII.
969 1301 1011 1354 ae
1026 1276 1123 1375 pleni
1139 1273 1226 1374 sum
1248 1274 1335 1351 libri
1357 1283 1393 1352 lte
1410 1273 1529 1349 Paulus
1547 1281 1648 1368 Rom.
1668 1282 1713 1348 X.
1735 1297 1767 1361 ς.
1795 1272 1870 1347 Gal.
1885 1280 1945 1346 lll.
1966 1296 2022 1350 res
2038 1269 2174 1348 senten·

522 1375 676 1475 Mosaiei
689 1376 853 1474 ejusmodi
864 1378 991 1477 poenis.
1017 1376 1121 1467 Resp.
1142 1376 1191 1468 1.)
1208 1377 1263 1449 Est
1280 1373 1336 1447 hic
1358 1376 1439 1448 tiam
1455 1372 1547 1447 illam
1565 1379 1607 1447 uel
1625 1373 1737 1469 legem
1752 1372 1915 1447 moralem
1929 1368 2177 1461 reserunt‚uti·

326 1485 339 1502 '
446 1533 450 1538 -
521 1474 752 1567 dispartitio,
778 1478 856 1566 quia
875 1473 1132 1551 circumcifio&
1152 1495 1260 1567 agnus
1275 1497 1336 1565 pa·
1358 1498 1426 1563 que
1439 1496 1525 1566 ergo
1540 1476 1583 1546 ad
1598 1498 1673 1548 eam
1690 1474 1849 1562 pertinet.
1896 1474 1972 1563 er
1988 1497 2070 1546 vcro
2086 1470 2177 1566 legi·

521 1574 640 1649 scbalis
663 1598 758 1651 erant
776 1570 979 1651 sacramenta
1003 1595 1072 1650 vet.
1094 1574 1165 1647 tell.
1181 1597 1255 1662 quse
1275 1568 1335 1647 etfi
1358 1569 1420 1645 bus
1435 1568 1502 1643 illis
1518 1576 1561 1645 de
1574 1570 1752 1669 prphibitis
1766 1566 1926 1665 gradibus
1939 1573 2096 1660 adjicitur
2112 1571 2201 1650 ista

400 1753 404 1758 ,
521 1678 564 1747 rd
585 1674 698 1767 legem
715 1672 965 1749 cerimonialem
989 1675 1240 1763 quodammodo
1258 1694 1337 1761 per·
1358 1663 1503 1744 clausula
1527 1675 1609 1746 Leu.
1633 1667 1769 1745 XVlll.
1795 1696 1829 1764 5.
1880 1663 2052 1773 Custodite
2082 1669 2175 1767 leges

524 1773 696 1862 tinebant,
712 1794 824 1845 tamen
837 1771 942 1846 multu
961 1770 1129 1846 habebant
1142 1768 1336 1859 peculiaria,
1359 1791 1450 1843 meus
1470 1791 1511 1842 ac
1527 1767 1679 1867 judicia,
1704 1791 1777 1866 quae
1786 1766 1922 1864 sucims
1937 1769 2057 1860 bomo,
2081 1770 2177 1844 uiuet

523 1871 558 1945 in
574 1870 693 1962 quibus
706 1870 868 1960 areliquis
886 1863 1077 1944 cerimoniis
1089 1865 1248 1942 leviticis
1263 1866 1336 1940 sue·
1360 1868 1475 1944 ineis.
1524 1871 1615 1964 Ergo
1640 1869 1794 1961 legende
1814 1869 1992 1959 prohibitis
2010 1868 2175 1962 gradibus
2196 1863 2201 1873 '

523 1990 605 2043 runt
626 1971 798 2049 dillinbla,
823 1966 861 2041 u'r
890 1971 1092 2043 ostendimus
1113 1969 1151 2040 in
1176 1970 1273 2042 trau.
1290 1970 1337 2054 ‚de
1359 1973 1401 2042 ad
1423 1967 1536 2060 legem
1557 1965 1719 2040 moralem
1743 1970 1924 2060 pertinent.
1969 1973 2048 2048 Hoc
2070 1991 2177 2063 argu·

523 2066 656 2161 legibus
671 2069 786 2141 cerim.
808 2077 844 2141 te
860 2063 981 2141 forens.
1005 2077 1034 2161 ς.
1054 2073 1117 2141 xl.
1165 2066 1224 2156 ι..)
1243 2066 1336 2160 Quia
1360 2088 1510 2142 mentum
1532 2066 1749 2139 Bellaruninus
1766 2091 1837 2139 non
1856 2070 2012 2165 adtingit.
2113 2075 2139 2097 '·

524 2191 607 2243 uero
624 2164 692 2258 legi
705 2169 748 2239 de
761 2161 993 2240 observatione
1005 2163 1131 2239 subbati
1146 2167 1263 2239 itidem
1277 2167 1338 2237 ud·
1434 2178 1463 2254 §.
1498 2167 1721 2241 CCXCVlll.
1771 2169 1836 2257 V.)
1865 2172 1913 2240 Ex

430 2299 433 2303 ’
523 2265 618 2339 ditur
637 2265 853 2358 comminatio
869 2290 979 2357 poenae
1000 2263 1152 2354 capitalis
1169 2267 1204 2337 iu
1229 2284 1335 2342 truns-
1356 2262 1554 2364 prophetica
1573 2262 1694 2338 bomem
1718 2263 1831 2362 legum
1852 2287 1914 2339 ex·
1962 2246 2177 2344 emnem-

354 2379 357 2386 '
523 2360 688 2456 gressores
708 2366 861 2445 sternte,
894 2367 976 2436 ideo
994 2372 1156 2452 majorem
1178 2361 1338 2453 propoli·
1356 2363 1554 2463 plicatione.
1587 2365 1674 2470 Ques
1688 2365 1781 2457 leges
1797 2393 1816 2436 a
1833 2389 1914 2453 pro-
1934 2330 2102 2474 amfflk
2116 2328 2175 2393 ¹¹⁶⁴

295 2482 322 2530 ¹.
401 2537 403 2542 ‚
525 2464 651 2536 tionem
668 2463 733 2534 boc
748 2466 851 2535 modo
866 2460 1337 2563 limitavimus,nistcireum·
1359 2462 1469 2553 pbetis
1488 2466 1579 2535 inter
1595 2463 1739 2535 morales
1760 2460 1912 2537 reserun.
1961 2424 2175 2573 mum&

296 2592 302 2603 ·
478 2651 482 2656 .
519 2561 660 2663 stantiae
688 2570 803 2634 textus
838 2555 879 2633 sl
915 2573 1158 2659 preceptorum
1190 2562 1335 2634 materia
1360 2585 1434 2647 tur,
1457 2571 1492 2635 &
1509 2586 1550 2633 ex
1566 2562 1686 2651 quibus
1699 2561 1844 2654 gentiles
1860 2586 1913 2634 ar·
2117 2570 2123 2579 '
2177 2565 2179 2572 '

526 2660 700 2760 oflendunt
714 2659 935 2733 contrarium.
964 2666 966 2669 ⁴
986 2667 1036 2748 3.)
1056 2666 1095 2733 ld
1109 2684 1190 2734 uero
1202 2658 1269 2731 boc
1285 2657 1338 2734 lo-.
1359 2684 1487 2753 guuur,
1506 2658 1572 2731 ille
1587 2686 1656 2732 non
1671 2657 1745 2732 sunt
1766 2665 1860 2734 mere
1878 2656 2037 2749 forenses,
2047 2654 2104 2734 rel
2112 2665 2170 2736 'ce-
2212 2711 2215 2732 ι

527 2780 569 2831 co
591 2761 783 2849 contingit,
814 2762 892 2848 quin
916 2757 1208 2852 transgressoribus
1233 2761 1336 2832 etium
1360 2756 1563 2832 rimoniales.
1619 2761 1723 2834 Ratio
1743 2754 1981 2833 consecutionis
2000 2761 2048 2834 est
2069 2757 2171 2845 ιιιιιιί·

528 2857 794 2932 cerimonialiunr
819 2854 936 2950 legum
954 2854 1145 2950 grauiffima
1166 2860 1338 2952 irrogatur
1360 2853 1552 2938 festissimis,
1572 2859 1651 2946 quia
1666 2855 1812 2936 forenses
1828 2869 1863 2933 be
1880 2854 2111 2933 cerimonialet
2126 2857 2169 2932 lt·

526 2980 629 3048 perna
644 2980 712 3028 non
728 2978 871 3046 propter
888 2958 1066 3030 materiam
1078 2957 1262 3055 precepti,
1282 2952 1337 3032 sed
1361 2981 1422 3050 ges
1445 2959 1487 3029 ad
1500 2959 1679 3052 Judaicum
1692 2960 1850 3030 duntaxat
1874 2957 2041 3049 papulum
2069 2954 2169 3048 perti·
2199 3001 2201 3006 ·

527 3076 672 3145 propter
694 3058 900 3156 majestatem
915 3056 1144 3154 praecipientis
1161 3058 1199 3127 in
1222 3081 1338 3129 earum
1362 3077 1464 3137 nent,
1485 3079 1574 3146 ergo
1590 3076 1731 3145 propter
1746 3081 1862 3130 earum
1882 3053 2170 3151 trarugrelsroncllt

528 3151 783 3248 transgrellione
803 3155 977 3227 violatam:
1000 3158 1104 3235 adae,
1118 3156 1208 3244 quod
1225 3152 1340 3226 inillis
1363 3178 1431 3225 non
1449 3151 1582 3243 poliunt
1599 3156 1697 3246 argui
1713 3153 1866 3247 gentiles.
1916 3162 1992 3248 Jam
2021 3180 2105 3228 nero
2117 3152 2168 3226 le·

527 3250 606 3341 ipsus
624 3250 892 3323 cerimonialibus
916 3252 1048 3347 legibus
1064 3253 1103 3324 srt
1119 3250 1246 3339 aliquid
1267 3276 1337 3323 oro·
1362 3276 1424 3343 ges
1443 3255 1487 3321 de
1505 3250 1683 3339 prohibitis
1705 3252 1902 3345 gradibusa
1925 3253 2103 3344 prophetis
2123 3255 2168 3324 in⁴

528 3349 623 3431 rale,
646 3348 752 3438 ipsum
769 3347 892 3424 scilicet
904 3378 1031 3444 genus,
1054 3355 1094 3422 ad
1110 3361 1203 3439 quod
1216 3353 1251 3421 io
1265 3375 1340 3439 poe-
1364 3371 1416 3421 ter
1435 3350 1577 3422 morales
1597 3349 1816 3438 referuntur,
1841 3363 1878 3426 δι
1897 3354 2016 3425 cxillis
2032 3349 2167 3446 gentiles

528 3467 580 3521 nae
598 3449 749 3537 capitalis
771 3453 976 3544 irrogatione
1002 3446 1208 3537 potiffimum
1237 3447 1338 3520 babe-
1363 3452 1492 3538 peccati
1505 3448 1704 3541 arguuntur.
1720 3450 1964 3526 fierenxxtl.
1982 3475 2038 3526 ιο.
2060 3446 2169 3526 Nudi·

529 3566 588 3618 rur
611 3544 816 3637 respectae·
839 3563 904 3640 ·4.)
931 3548 1149 3622 bellarminus
1173 3543 1244 3636 ipse
1264 3571 1339 3637 cap.
1364 3557 1468 3620 tutem
1492 3550 1611 3645 putris
1634 3549 1865 3625 revelaverunt
1881 3551 1918 3624 in
1939 3561 1996 3633 te,
2029 3550 2167 3626 immun

529 3647 690 3719 xxvru.
707 3672 754 3721 ex
773 3646 921 3743 capitali
929 3644 1102 3743 stupplieio
1114 3642 1342 3742 prohibitioni
1363 3645 1444 3720 dam
1471 3649 1633 3749 menstruo
1657 3646 1909 3748 compreſjerunt
1931 3652 1967 3723 in
1991 3659 2034 3723 te.
2056 3680 2090 3725 u.
2119 3672 2164 3732 ιι.

375 3745 385 3770 “
528 3746 764 3841 conjugiorum
791 3748 957 3845 inprime
971 3746 1083 3843 gradu
1102 3743 1340 3842 consanguini·
1365 3742 1422 3819 Et
1445 3748 1662 3844 unusquisque
1681 3775 1756 3823 cum
1784 3774 1892 3824 uxore
1907 3748 1999 3848 socii
2013 3748 2076 3847 sui
2088 3739 2168 3844 stell

377 3881 382 3889 ·
529 3848 613 3915 ensis
634 3856 706 3916 tam
719 3846 755 3918 in
769 3843 856 3920 rebla
873 3848 984 3928 lineo,
1002 3869 1103 3942 mam
1118 3848 1154 3917 in
1170 3856 1341 3917 transistr-
1363 3843 1678 3933 abominationem,
1726 3845 1767 3922 8
1798 3852 2017 3947 unusquisque
2054 3863 2166 3924 nurum

521 3938 593 4038 sa,
617 3937 659 4014 fs
680 3944 716 4015 in
742 3946 855 4039 primo
872 3944 987 4040 gradu
1011 3945 1206 4043 adfinitatis
1230 3947 1268 4016 in
1292 3943 1340 4016 li·
1355 3941 1459 4041 suum
1471 3945 1598 4042 polluit
1612 3945 1801 4043 inscelere,
1826 3946 1868 4024 Θ
1886 3947 2106 4048 unusquisque
2115 3942 2167 4044 so·

528 4061 594 4114 nea
608 4038 696 4116 sebia
719 4047 799 4116 [ιν.
824 4052 902 4145 XX.
924 4042 1054 4143 abjebb
1074 4042 1225 4139 colligit,
1249 4041 1340 4117 teliu
1363 4043 1600 4141 roremfimm,
1615 4046 1734 4143 filium
1753 4037 1965 4145 patrissui,
1994 4040 2167 4148 compreffll

506 4133 691 4236 ‘conjugia
706 4144 931 4237 jusenaturae
956 4139 1018 4243 effe
1042 4140 1234 4217 interdibia.
1286 4150 1339 4231 5.)
1364 4144 1400 4215 in
1418 4152 1460 4215 te.
1481 4148 1652 4218 Amonll.
1668 4173 1703 4240 7.
1762 4146 1832 4222 Vir
1850 4133 1892 4221 ib
1904 4159 2005 4246 puter
2019 4152 2091 4247 ejus
2108 4149 2168 4221 iot·

529 4241 606 4312 Nec
625 4262 736 4313 tamen
756 4242 881 4317 inficias
905 4246 1012 4324 imus,
1039 4243 1120 4315 huic
1138 4263 1340 4335 argumento
1363 4252 1445 4317 munt
1464 4242 1513 4316 usi
1525 4243 1671 4340 puellam
1686 4246 1734 4320 ud
1751 4246 1946 4333 uiolandum
1965 4243 2168 4344 nomensutt⁴

528 4361 597 4410 non
612 4337 712 4412 inesse
728 4345 952 4438 npoditticum
969 4340 1191 4415 concludendi
1205 4339 1341 4421 robur,
1364 4340 1494 4417 biitatis
1512 4366 1602 4418 mese.
1647 4351 1749 4439 Ergo.
1788 4352 1953 4448 Quamvis
1979 4373 2068 4422 vero
2086 4345 2169 4437 rpus

528 4432 700 4513 fiscorfim
720 4450 756 4514 be
774 4466 793 4511 a
808 4443 929 4514 ceteris
945 4438 1128 4528 seiunblum
1144 4440 1336 4527 recipiatur.
1364 4439 1581 4516 Ezechielem
1614 4443 1992 4531 Hierosolymitanorum
2012 4446 2044 4527 ‚'
2070 4458 2106 4522 tle
2132 4441 2170 4519 ub
2212 4507 2215 4522 .

854 4547 883 4631 ς.
913 4542 1120 4615 CCXCVll.
1176 4545 1251 4622 lli.)
1290 4541 1339 4609 Ex
1361 4538 1493 4635 Amosu
1518 4538 1738 4615 israelitarum
1768 4545 1889 4619 delicta
1923 4550 2094 4636 praecipue
2123 4568 2173 4618 at·
2211 4561 2215 4584 “·

550 4606 626 4753 Ὗ)
647 4611 705 4753 {⁵⁶
787 4634 946 4733 cluufitlee
962 4631 1131 4731 llstsaicae
1142 4634 1337 4733 udjebiioue.
1361 4664 1528 4733 guantur,
1548 4666 1586 4714 ac
1602 4643 1781 4731 utrobique
1794 4649 1895 4717 etiam
1910 4649 2173 4719 cerirnoninlium

486 4795 507 4824 ,
565 4687 726 4860 ‘pm-{³3⁶3
786 4735 921 4835 Quibus
949 4734 1096 4829 legibus,
1112 4732 1254 4809 clausula
1281 4735 1339 4807 illa
1362 4741 1633 4813 constitutionum
1651 4738 1845 4816 dc'sabbato
1861 4757 1895 4820 δι
1913 4744 2173 4845 naliraistran&

551 4848 739 4935 paparone,
782 4832 991 4924 promillorio
1011 4817 1188 4923 edjickur:
1222 4830 1341 4931 Caelio·
1360 4836 1485 4929 gressio
1508 4863 1693 4932 arguerunt
1733 4866 1845 4916 tamen
1873 4846 2082 4935 propheticae
2110 4843 2175 4917 iltae

552 5020 560 5040 .
785 4931 855 5006 dite
870 4945 1036 5029 praecepta
1055 4955 1153 5015 mea,
1173 4936 1232 5030 qui
1246 4935 1341 5029 sece-
1359 4940 1535 5011 conciones
1563 4950 1599 5013 δι
1619 4943 1863 5028 increpationes
1895 4941 1967 5016 snm
1999 4944 2184 5038 generales,

524 5031 577 5096 ret
592 5045 634 5096 ee
652 5023 776 5111 bomo,
799 5034 891 5107 vivet
913 5034 948 5105 in
973 5035 1046 5117 eis,
1081 5032 1146 5104 ille
1170 5057 1238 5104 non
1261 5030 1337 5105 sunt
1358 5061 1399 5107 ex
1420 5037 1496 5127 ipsu
1520 5035 1667 5110 fontibus
1692 5038 1775 5132 legis
1796 5045 1951 5134 naturalis
1976 5070 2014 5114 ac
2038 5039 2182 5115 moralis.

523 5129 858 5217 mercimoniam
872 5128 929 5217 seu
943 5128 1109 5222 forenses,
1133 5126 1191 5211 scd
1210 5135 1254 5211 ud
1276 5160 1336 5212 nu·
1356 5138 1497 5229 petire,
1520 5138 1700 5232 utreliqua
1713 5141 1868 5218 ntcmbra
1882 5146 2071 5226 ostendunt.
2101 5140 2178 5216 Bel·

2113 5240 2183 5322 [α.
