<?xml version="1.0" encoding="UTF-8"?>
<!DOCTYPE html PUBLIC "-//W3C//DTD XHTML 1.0 Transitional//EN"
    "http://www.w3.org/TR/xhtml1/DTD/xhtml1-transitional.dtd">
<html xmlns="http://www.w3.org/1999/xhtml" xml:lang="en" lang="en">
 <head>
  <title>
</title>
<meta http-equiv="Content-Type" content="text/html;charset=utf-8" />
  <meta name='ocr-system' content='tesseract 3.04.00' />
  <meta name='ocr-capabilities' content='ocr_page ocr_carea ocr_par ocr_line ocrx_word'/>
</head>
<body>
  <div class='ocr_page' id='page_1' title='image "./locitheologicic06cottgoog_0118.png"; bbox 0 0 4884 5984; ppageno 0'>
   <div class='ocr_carea' id='block_1_1' title="bbox 257 443 1811 590">
    <p class='ocr_par' dir='ltr' id='par_1_1' title="bbox 257 443 1811 590">
     <span class='ocr_line' id='line_1_1' title="bbox 257 443 1811 590; baseline -0.003 -24"><span class='ocrx_word' id='word_1_1' title='bbox 257 561 261 566; x_wconf 87' lang='lat'>.</span> <span class='ocrx_word' id='word_1_2' title='bbox 372 501 440 590; x_wconf 54' lang='grc' dir='ltr'><strong>μοι</strong></span> <span class='ocrx_word' id='word_1_3' title='bbox 492 519 494 526; x_wconf 85' lang='grc'><strong><em>·</em></strong></span> <span class='ocrx_word' id='word_1_4' title='bbox 662 485 1010 590; x_wconf 79' lang='lat' dir='ltr'><strong>tocvsxxvr.</strong></span> <span class='ocrx_word' id='word_1_5' title='bbox 1062 489 1262 565; x_wconf 77' lang='lat' dir='ltr'><strong>crntv.</strong></span> <span class='ocrx_word' id='word_1_6' title='bbox 1314 443 1544 564; x_wconf 73' lang='lat' dir='ltr'><strong>tronti·</strong></span> <span class='ocrx_word' id='word_1_7' title='bbox 1587 453 1811 568; x_wconf 73' lang='lat' dir='ltr'><strong>utut·</strong></span> 
     </span>
    </p>
   </div>
   <div class='ocr_carea' id='block_1_2' title="bbox 349 680 2099 1285">
    <p class='ocr_par' dir='ltr' id='par_1_2' title="bbox 349 680 2099 1285">
     <span class='ocr_line' id='line_1_2' title="bbox 376 680 2099 778; baseline 0.002 -18"><span class='ocrx_word' id='word_1_8' title='bbox 376 684 510 768; x_wconf 82' lang='lat' dir='ltr'><strong>valent,</strong></span> <span class='ocrx_word' id='word_1_9' title='bbox 533 683 624 778; x_wconf 76' lang='lat' dir='ltr'><strong>quus</strong></span> <span class='ocrx_word' id='word_1_10' title='bbox 639 689 681 764; x_wconf 87' lang='lat' dir='ltr'><strong>de</strong></span> <span class='ocrx_word' id='word_1_11' title='bbox 698 714 787 763; x_wconf 82' lang='lat' dir='ltr'><strong>nouo</strong></span> <span class='ocrx_word' id='word_1_12' title='bbox 806 690 995 768; x_wconf 72' lang='lat' dir='ltr'><strong>contraria,</strong></span> <span class='ocrx_word' id='word_1_13' title='bbox 1017 712 1054 759; x_wconf 88' lang='lat' dir='ltr'><strong>ac</strong></span> <span class='ocrx_word' id='word_1_14' title='bbox 1076 684 1207 776; x_wconf 79' lang='lat' dir='ltr'><strong>sipriot</strong></span> <span class='ocrx_word' id='word_1_15' title='bbox 1224 686 1426 760; x_wconf 81' lang='lat' dir='ltr'><strong>trimonium</strong></span> <span class='ocrx_word' id='word_1_16' title='bbox 1461 680 1735 767; x_wconf 87' lang='lat' dir='ltr'><strong>consummatur,</strong></span> <span class='ocrx_word' id='word_1_17' title='bbox 1766 687 1854 761; x_wconf 82' lang='lat' dir='ltr'><strong>velet</strong></span> <span class='ocrx_word' id='word_1_18' title='bbox 1877 684 2062 764; x_wconf 78' lang='lat' dir='ltr'><strong>secundum</strong></span> <span class='ocrx_word' id='word_1_19' title='bbox 2080 758 2099 775; x_wconf 67' lang='grc'>,</span> 
     </span>
     <span class='ocr_line' id='line_1_3' title="bbox 378 782 2061 880; baseline 0.001 -20"><span class='ocrx_word' id='word_1_20' title='bbox 378 785 438 861; x_wconf 89' lang='lat' dir='ltr'><strong>ille</strong></span> <span class='ocrx_word' id='word_1_21' title='bbox 466 790 654 862; x_wconf 70' lang='lat' dir='ltr'><strong>contrarius</strong></span> <span class='ocrx_word' id='word_1_22' title='bbox 681 812 850 880; x_wconf 84' lang='lat' dir='ltr'><strong>nunquam</strong></span> <span class='ocrx_word' id='word_1_23' title='bbox 870 783 1061 860; x_wconf 78' lang='lat' dir='ltr'><strong>celebratus</strong></span> <span class='ocrx_word' id='word_1_24' title='bbox 1085 782 1204 858; x_wconf 84' lang='lat' dir='ltr'><strong>fuisset.</strong></span> <span class='ocrx_word' id='word_1_25' title='bbox 1232 808 1400 873; x_wconf 88' lang='lat' dir='ltr'><strong>utrosque,</strong></span> <span class='ocrx_word' id='word_1_26' title='bbox 1417 791 1452 858; x_wconf 90' lang='lat'>&amp;</span> <span class='ocrx_word' id='word_1_27' title='bbox 1472 783 1570 858; x_wconf 87' lang='lat' dir='ltr'><strong>liberi</strong></span> <span class='ocrx_word' id='word_1_28' title='bbox 1590 813 1631 858; x_wconf 82' lang='lat' dir='ltr'><strong>ex</strong></span> <span class='ocrx_word' id='word_1_29' title='bbox 1651 812 1693 859; x_wconf 91' lang='lat' dir='ltr'><strong>eo</strong></span> <span class='ocrx_word' id='word_1_30' title='bbox 1713 789 1784 860; x_wconf 85' lang='lat' dir='ltr'><strong>nuti</strong></span> <span class='ocrx_word' id='word_1_31' title='bbox 1807 782 1883 861; x_wconf 93' lang='lat' dir='ltr'><strong>sunt</strong></span> <span class='ocrx_word' id='word_1_32' title='bbox 1905 786 2061 880; x_wconf 73' lang='lat' dir='ltr'><strong>legitimi.</strong></span> 
     </span>
     <span class='ocr_line' id='line_1_4' title="bbox 349 880 2062 985; baseline 0 -24"><span class='ocrx_word' id='word_1_33' title='bbox 349 887 425 977; x_wconf 68' lang='grc' dir='ltr'><strong>ἰ.)</strong></span> <span class='ocrx_word' id='word_1_34' title='bbox 451 889 521 961; x_wconf 72' lang='lat' dir='ltr'><strong>hut</strong></span> <span class='ocrx_word' id='word_1_35' title='bbox 549 882 647 960; x_wconf 90' lang='lat' dir='ltr'><strong>liberi</strong></span> <span class='ocrx_word' id='word_1_36' title='bbox 677 882 751 960; x_wconf 92' lang='lat' dir='ltr'><strong>sunt</strong></span> <span class='ocrx_word' id='word_1_37' title='bbox 772 888 996 971; x_wconf 76' lang='lat' dir='ltr'><strong>minorentur,</strong></span> <span class='ocrx_word' id='word_1_38' title='bbox 1026 880 1067 960; x_wconf 68' lang='lat'><strong>85</strong></span> <span class='ocrx_word' id='word_1_39' title='bbox 1086 909 1138 958; x_wconf 86' lang='lat' dir='ltr'><strong>res</strong></span> <span class='ocrx_word' id='word_1_40' title='bbox 1163 888 1207 985; x_wconf 99' lang='grc' dir='ltr'><em>ιβ</em></span> <span class='ocrx_word' id='word_1_41' title='bbox 1230 890 1299 961; x_wconf 80' lang='lat' dir='ltr'><strong>Aut</strong></span> <span class='ocrx_word' id='word_1_42' title='bbox 1315 908 1400 974; x_wconf 86' lang='lat' dir='ltr'><strong>puer</strong></span> <span class='ocrx_word' id='word_1_43' title='bbox 1420 884 1507 954; x_wconf 91' lang='lat' dir='ltr'><strong>redit</strong></span> <span class='ocrx_word' id='word_1_44' title='bbox 1535 889 1575 958; x_wconf 85' lang='lat' dir='ltr'><strong>od</strong></span> <span class='ocrx_word' id='word_1_45' title='bbox 1604 908 1777 975; x_wconf 81' lang='lat' dir='ltr'><strong>parentet,</strong></span> <span class='ocrx_word' id='word_1_46' title='bbox 1806 897 1842 961; x_wconf 78' lang='grc' dir='ltr'><em>δι</em></span> <span class='ocrx_word' id='word_1_47' title='bbox 1859 885 2007 985; x_wconf 61' lang='lat' dir='ltr'><strong>subjicit</strong></span> <span class='ocrx_word' id='word_1_48' title='bbox 2021 885 2062 984; x_wconf 81' lang='lat' dir='ltr'><strong>se</strong></span> 
     </span>
     <span class='ocr_line' id='line_1_5' title="bbox 370 980 2061 1081; baseline 0 -21"><span class='ocrx_word' id='word_1_49' title='bbox 370 982 443 1060; x_wconf 81' lang='lat' dir='ltr'><strong>intr</strong></span> <span class='ocrx_word' id='word_1_50' title='bbox 484 1007 530 1070; x_wconf 85' lang='lat' dir='ltr'><strong>a,</strong></span> <span class='ocrx_word' id='word_1_51' title='bbox 566 984 633 1064; x_wconf 83' lang='lat' dir='ltr'><strong>hoc</strong></span> <span class='ocrx_word' id='word_1_52' title='bbox 656 981 725 1070; x_wconf 81' lang='lat' dir='ltr'><strong>est,</strong></span> <span class='ocrx_word' id='word_1_53' title='bbox 755 990 886 1076; x_wconf 87' lang='lat' dir='ltr'><strong>quando</strong></span> <span class='ocrx_word' id='word_1_54' title='bbox 909 983 1029 1074; x_wconf 87' lang='lat' dir='ltr'><strong>copula</strong></span> <span class='ocrx_word' id='word_1_55' title='bbox 1056 988 1205 1056; x_wconf 90' lang='lat' dir='ltr'><strong>nondum</strong></span> <span class='ocrx_word' id='word_1_56' title='bbox 1228 980 1377 1081; x_wconf 77' lang='lat' dir='ltr'><strong>ipsorum</strong></span> <span class='ocrx_word' id='word_1_57' title='bbox 1389 981 1560 1057; x_wconf 83' lang='lat' dir='ltr'><strong>uoluntati</strong></span> <span class='ocrx_word' id='word_1_58' title='bbox 1576 988 1648 1074; x_wconf 90' lang='lat' dir='ltr'><strong>post</strong></span> <span class='ocrx_word' id='word_1_59' title='bbox 1662 990 1869 1059; x_wconf 73' lang='lat' dir='ltr'><strong>contractum</strong></span> <span class='ocrx_word' id='word_1_60' title='bbox 1887 990 2061 1060; x_wconf 70' lang='lat' dir='ltr'><strong>matrimo-</strong></span> 
     </span>
     <span class='ocr_line' id='line_1_6' title="bbox 351 1009 2060 1177; baseline 0.004 -22"><span class='ocrx_word' id='word_1_61' title='bbox 351 1089 419 1160; x_wconf 19' lang='lat' dir='ltr'><strong>,est</strong></span> <span class='ocrx_word' id='word_1_62' title='bbox 433 1009 561 1167; x_wconf 64' lang='lat' dir='ltr'><strong>silua,</strong></span> <span class='ocrx_word' id='word_1_63' title='bbox 587 1106 666 1158; x_wconf 92' lang='lat' dir='ltr'><strong>tunc</strong></span> <span class='ocrx_word' id='word_1_64' title='bbox 685 1110 825 1177; x_wconf 84' lang='lat' dir='ltr'><strong>propter</strong></span> <span class='ocrx_word' id='word_1_65' title='bbox 840 1086 1132 1157; x_wconf 87' lang='lat' dir='ltr'><strong>minorennitatem</strong></span> <span class='ocrx_word' id='word_1_66' title='bbox 1144 1110 1205 1174; x_wconf 86' lang='lat' dir='ltr'><strong>pa·</strong></span> <span class='ocrx_word' id='word_1_67' title='bbox 1228 1083 1341 1163; x_wconf 79' lang='lat' dir='ltr'><strong>rhum,</strong></span> <span class='ocrx_word' id='word_1_68' title='bbox 1368 1092 1403 1158; x_wconf 77' lang='grc' dir='ltr'><em>δι</em></span> <span class='ocrx_word' id='word_1_69' title='bbox 1426 1083 1497 1154; x_wconf 89' lang='lat' dir='ltr'><strong>dic:</strong></span> <span class='ocrx_word' id='word_1_70' title='bbox 1548 1089 1615 1156; x_wconf 81' lang='lat' dir='ltr'><strong>Aut</strong></span> <span class='ocrx_word' id='word_1_71' title='bbox 1632 1108 1708 1173; x_wconf 81' lang='lat' dir='ltr'><strong>pars</strong></span> <span class='ocrx_word' id='word_1_72' title='bbox 1724 1067 1738 1168; x_wconf 60' lang='lat'><strong>,¹</strong></span> <span class='ocrx_word' id='word_1_73' title='bbox 1759 1111 1831 1172; x_wconf 83' lang='lat' dir='ltr'><strong>quae</strong></span> <span class='ocrx_word' id='word_1_74' title='bbox 1857 1084 1995 1159; x_wconf 83' lang='lat' dir='ltr'><strong>alteram</strong></span> <span class='ocrx_word' id='word_1_75' title='bbox 2017 1090 2060 1161; x_wconf 88' lang='lat' dir='ltr'><strong>atl</strong></span> 
     </span>
     <span class='ocr_line' id='line_1_7' title="bbox 370 1178 2059 1285; baseline 0.001 -28"><span class='ocrx_word' id='word_1_76' title='bbox 370 1207 482 1268; x_wconf 82' lang='lat' dir='ltr'><strong>rentes</strong></span> <span class='ocrx_word' id='word_1_77' title='bbox 498 1184 574 1268; x_wconf 78' lang='lat' dir='ltr'><strong>talia</strong></span> <span class='ocrx_word' id='word_1_78' title='bbox 590 1188 802 1272; x_wconf 75' lang='lat' dir='ltr'><strong>matrimonip</strong></span> <span class='ocrx_word' id='word_1_79' title='bbox 823 1183 889 1256; x_wconf 88' lang='lat' dir='ltr'><strong>fine</strong></span> <span class='ocrx_word' id='word_1_80' title='bbox 903 1178 1049 1273; x_wconf 89' lang='lat' dir='ltr'><strong>ipsorum</strong></span> <span class='ocrx_word' id='word_1_81' title='bbox 1068 1179 1202 1255; x_wconf 84' lang='lat' dir='ltr'><strong>consen·</strong></span> <span class='ocrx_word' id='word_1_82' title='bbox 1228 1179 1493 1255; x_wconf 84' lang='lat' dir='ltr'><strong>contrahendum</strong></span> <span class='ocrx_word' id='word_1_83' title='bbox 1515 1183 1662 1271; x_wconf 80' lang='lat' dir='ltr'><strong>induxit,</strong></span> <span class='ocrx_word' id='word_1_84' title='bbox 1688 1185 1731 1284; x_wconf 89' lang='grc' dir='ltr'><em>ιβ</em></span> <span class='ocrx_word' id='word_1_85' title='bbox 1748 1183 1878 1285; x_wconf 74' lang='grc' dir='ltr'><em>ιἰοιιιβα</em></span> <span class='ocrx_word' id='word_1_86' title='bbox 1903 1180 1945 1260; x_wconf 63' lang='grc' dir='ltr'><strong>Θ</strong></span> <span class='ocrx_word' id='word_1_87' title='bbox 1959 1187 2059 1281; x_wconf 81' lang='lat' dir='ltr'><strong>poris</strong></span> 
     </span>
    </p>
   </div>
   <div class='ocr_carea' id='block_1_3' title="bbox 257 1269 2059 1375">
    <p class='ocr_par' dir='ltr' id='par_1_3' title="bbox 257 1269 2059 1375">
     <span class='ocr_line' id='line_1_8' title="bbox 257 1269 2059 1375; baseline 0.002 -22"><span class='ocrx_word' id='word_1_88' title='bbox 257 1303 265 1314; x_wconf 88' lang='lat'><em>·</em></span> <span class='ocrx_word' id='word_1_89' title='bbox 371 1275 408 1358; x_wconf 92' lang='lat' dir='ltr'><strong>su</strong></span> <span class='ocrx_word' id='word_1_90' title='bbox 430 1287 511 1356; x_wconf 83' lang='lat' dir='ltr'><strong>ihita</strong></span> <span class='ocrx_word' id='word_1_91' title='bbox 534 1278 720 1356; x_wconf 82' lang='lat' dir='ltr'><strong>rescindere</strong></span> <span class='ocrx_word' id='word_1_92' title='bbox 742 1280 899 1375; x_wconf 82' lang='lat' dir='ltr'><strong>possunt,</strong></span> <span class='ocrx_word' id='word_1_93' title='bbox 935 1269 1059 1355; x_wconf 83' lang='lat' dir='ltr'><strong>etiamst</strong></span> <span class='ocrx_word' id='word_1_94' title='bbox 1078 1280 1203 1354; x_wconf 87' lang='lat' dir='ltr'><strong>nullam</strong></span> <span class='ocrx_word' id='word_1_95' title='bbox 1227 1281 1450 1360; x_wconf 75' lang='lat' dir='ltr'><strong>conditionirr</strong></span> <span class='ocrx_word' id='word_1_96' title='bbox 1478 1289 1512 1355; x_wconf 83' lang='lat' dir='ltr'><strong>dt</strong></span> <span class='ocrx_word' id='word_1_97' title='bbox 1535 1279 1768 1373; x_wconf 80' lang='lat' dir='ltr'><strong>theologi-non</strong></span> <span class='ocrx_word' id='word_1_98' title='bbox 1789 1306 1915 1356; x_wconf 87' lang='lat' dir='ltr'><strong>temere</strong></span> <span class='ocrx_word' id='word_1_99' title='bbox 1931 1279 2059 1375; x_wconf 80' lang='lat' dir='ltr'><strong>separa·</strong></span> 
     </span>
    </p>
   </div>
   <div class='ocr_carea' id='block_1_4' title="bbox 253 1375 2089 4743">
    <p class='ocr_par' dir='ltr' id='par_1_4' title="bbox 253 1375 2089 4743">
     <span class='ocr_line' id='line_1_9' title="bbox 370 1375 2059 1476; baseline 0.001 -20"><span class='ocrx_word' id='word_1_100' title='bbox 370 1379 500 1476; x_wconf 78' lang='lat' dir='ltr'><strong>eausam</strong></span> <span class='ocrx_word' id='word_1_101' title='bbox 522 1378 677 1470; x_wconf 77' lang='lat' dir='ltr'><strong>dissensus</strong></span> <span class='ocrx_word' id='word_1_102' title='bbox 694 1380 846 1456; x_wconf 80' lang='lat' dir='ltr'>habeant.</span> <span class='ocrx_word' id='word_1_103' title='bbox 900 1384 971 1453; x_wconf 81' lang='lat' dir='ltr'><strong>Aut</strong></span> <span class='ocrx_word' id='word_1_104' title='bbox 1004 1378 1103 1452; x_wconf 91' lang='lat' dir='ltr'><strong>liberi</strong></span> <span class='ocrx_word' id='word_1_105' title='bbox 1128 1375 1203 1454; x_wconf 89' lang='lat' dir='ltr'><strong>suot</strong></span> <span class='ocrx_word' id='word_1_106' title='bbox 1227 1382 1353 1452; x_wconf 91' lang='lat' dir='ltr'><strong>tionem</strong></span> <span class='ocrx_word' id='word_1_107' title='bbox 1374 1383 1601 1470; x_wconf 83' lang='lat' dir='ltr'><strong>permittunt,</strong></span> <span class='ocrx_word' id='word_1_108' title='bbox 1628 1385 1717 1469; x_wconf 89' lang='lat' dir='ltr'><strong>apud</strong></span> <span class='ocrx_word' id='word_1_109' title='bbox 1736 1385 1916 1456; x_wconf 81' lang='lat' dir='ltr'><strong>canonistas</strong></span> <span class='ocrx_word' id='word_1_110' title='bbox 1936 1387 1978 1457; x_wconf 89' lang='lat' dir='ltr'><strong>de</strong></span> <span class='ocrx_word' id='word_1_111' title='bbox 1996 1381 2059 1457; x_wconf 82' lang='lat' dir='ltr'><strong>¹ra·</strong></span> 
     </span>
     <span class='ocr_line' id='line_1_10' title="bbox 274 1475 2058 1580; baseline 0 -24"><span class='ocrx_word' id='word_1_112' title='bbox 274 1475 277 1482; x_wconf 59' lang='lat'>&#39;</span> <span class='ocrx_word' id='word_1_113' title='bbox 371 1485 599 1580; x_wconf 82' lang='lat' dir='ltr'><strong>majorrnnes,</strong></span> <span class='ocrx_word' id='word_1_114' title='bbox 621 1491 655 1556; x_wconf 76' lang='grc' dir='ltr'><em>δι</em></span> <span class='ocrx_word' id='word_1_115' title='bbox 674 1477 867 1556; x_wconf 86' lang='lat' dir='ltr'><strong>eonsensum</strong></span> <span class='ocrx_word' id='word_1_116' title='bbox 887 1501 1065 1571; x_wconf 82' lang='lat' dir='ltr'><strong>parentum</strong></span> <span class='ocrx_word' id='word_1_117' title='bbox 1087 1478 1202 1552; x_wconf 88' lang='lat' dir='ltr'><strong>debito</strong></span> <span class='ocrx_word' id='word_1_118' title='bbox 1225 1476 1353 1552; x_wconf 88' lang='lat' dir='ltr'><strong>liditate</strong></span> <span class='ocrx_word' id='word_1_119' title='bbox 1379 1507 1445 1550; x_wconf 90' lang='lat' dir='ltr'><strong>non</strong></span> <span class='ocrx_word' id='word_1_120' title='bbox 1466 1482 1512 1563; x_wconf 81' lang='lat' dir='ltr'><strong>est</strong></span> <span class='ocrx_word' id='word_1_121' title='bbox 1541 1475 1693 1577; x_wconf 86' lang='lat' dir='ltr'><strong>dubium.</strong></span> <span class='ocrx_word' id='word_1_122' title='bbox 1757 1488 1827 1554; x_wconf 77' lang='lat' dir='ltr'><strong>Aut</strong></span> <span class='ocrx_word' id='word_1_123' title='bbox 1849 1506 1949 1572; x_wconf 80' lang='lat' dir='ltr'><strong>puts,</strong></span> <span class='ocrx_word' id='word_1_124' title='bbox 1982 1507 2058 1574; x_wconf 74' lang='lat' dir='ltr'><strong>que</strong></span> 
     </span>
     <span class='ocr_line' id='line_1_11' title="bbox 370 1573 2057 1682; baseline -0.001 -26"><span class='ocrx_word' id='word_1_125' title='bbox 370 1581 470 1656; x_wconf 82' lang='lat' dir='ltr'><strong>modo</strong></span> <span class='ocrx_word' id='word_1_126' title='bbox 491 1582 748 1682; x_wconf 62' lang='lat' dir='ltr'><strong>requisiveram</strong></span> <span class='ocrx_word' id='word_1_127' title='bbox 777 1603 856 1654; x_wconf 89' lang='lat' dir='ltr'><strong>tunc</strong></span> <span class='ocrx_word' id='word_1_128' title='bbox 879 1601 1035 1670; x_wconf 86' lang='lat' dir='ltr'><strong>potentes</strong></span> <span class='ocrx_word' id='word_1_129' title='bbox 1054 1576 1201 1669; x_wconf 86' lang='lat' dir='ltr'><strong>ipsorum</strong></span> <span class='ocrx_word' id='word_1_130' title='bbox 1227 1577 1365 1651; x_wconf 84' lang='lat' dir='ltr'><strong>alterum</strong></span> <span class='ocrx_word' id='word_1_131' title='bbox 1384 1575 1462 1650; x_wconf 90' lang='lat' dir='ltr'><strong>dolo</strong></span> <span class='ocrx_word' id='word_1_132' title='bbox 1475 1580 1602 1649; x_wconf 80' lang='lat' dir='ltr'><strong>induxit</strong></span> <span class='ocrx_word' id='word_1_133' title='bbox 1617 1576 1683 1651; x_wconf 82' lang='lat' dir='ltr'><strong>fine</strong></span> <span class='ocrx_word' id='word_1_134' title='bbox 1696 1573 1852 1655; x_wconf 81' lang='lat' dir='ltr'><strong>consensu</strong></span> <span class='ocrx_word' id='word_1_135' title='bbox 1865 1604 2057 1674; x_wconf 82' lang='lat' dir='ltr'><strong>pareutum,</strong></span> 
     </span>
     <span class='ocr_line' id='line_1_12' title="bbox 370 1670 2057 1778; baseline 0 -24"><span class='ocrx_word' id='word_1_136' title='bbox 370 1683 582 1754; x_wconf 84' lang='lat' dir='ltr'><strong>matrimonia</strong></span> <span class='ocrx_word' id='word_1_137' title='bbox 599 1682 764 1771; x_wconf 83' lang='lat' dir='ltr'><strong>impedite</strong></span> <span class='ocrx_word' id='word_1_138' title='bbox 786 1690 820 1754; x_wconf 83' lang='lat' dir='ltr'><strong>dc</strong></span> <span class='ocrx_word' id='word_1_139' title='bbox 845 1674 1030 1750; x_wconf 83' lang='lat' dir='ltr'><strong>rescindere</strong></span> <span class='ocrx_word' id='word_1_140' title='bbox 1049 1670 1202 1765; x_wconf 90' lang='lat' dir='ltr'><strong>nonpos-</strong></span> <span class='ocrx_word' id='word_1_141' title='bbox 1226 1702 1292 1750; x_wconf 82' lang='lat' dir='ltr'><strong>non</strong></span> <span class='ocrx_word' id='word_1_142' title='bbox 1313 1681 1356 1778; x_wconf 93' lang='grc' dir='ltr'><em>ιβ</em></span> <span class='ocrx_word' id='word_1_143' title='bbox 1374 1678 1473 1773; x_wconf 78' lang='lat' dir='ltr'><strong>puris</strong></span> <span class='ocrx_word' id='word_1_144' title='bbox 1494 1677 1719 1764; x_wconf 75' lang='lat' dir='ltr'><strong>conditionis,</strong></span> <span class='ocrx_word' id='word_1_145' title='bbox 1746 1674 1801 1751; x_wconf 93' lang='lat' dir='ltr'><strong>sed</strong></span> <span class='ocrx_word' id='word_1_146' title='bbox 1821 1679 1954 1753; x_wconf 84' lang='lat' dir='ltr'><strong>honesta</strong></span> <span class='ocrx_word' id='word_1_147' title='bbox 1966 1729 1978 1763; x_wconf 93' lang='lat'><strong>,</strong></span> <span class='ocrx_word' id='word_1_148' title='bbox 2001 1680 2057 1755; x_wconf 79' lang='lat' dir='ltr'><strong>uel</strong></span> 
     </span>
     <span class='ocr_line' id='line_1_13' title="bbox 368 1757 2059 1869; baseline -0.002 -16"><span class='ocrx_word' id='word_1_149' title='bbox 368 1774 552 1867; x_wconf 67' lang='lat' dir='ltr'><strong>sunt·;&#39;nili</strong></span> <span class='ocrx_word' id='word_1_150' title='bbox 582 1777 723 1851; x_wconf 82' lang='lat' dir='ltr'><strong>habeant</strong></span> <span class='ocrx_word' id='word_1_151' title='bbox 751 1776 935 1869; x_wconf 84' lang='lat' dir='ltr'><strong>justillimas</strong></span> <span class='ocrx_word' id='word_1_152' title='bbox 957 1774 1067 1848; x_wconf 86' lang='lat' dir='ltr'><strong>causas</strong></span> <span class='ocrx_word' id='word_1_153' title='bbox 1085 1771 1203 1847; x_wconf 81' lang='lat' dir='ltr'><strong>dillen·</strong></span> <span class='ocrx_word' id='word_1_154' title='bbox 1227 1757 1340 1849; x_wconf 76' lang='lat' dir='ltr'><strong>saltent</strong></span> <span class='ocrx_word' id='word_1_155' title='bbox 1359 1777 1442 1850; x_wconf 82' lang='lat' dir='ltr'><strong>vilis.</strong></span> <span class='ocrx_word' id='word_1_156' title='bbox 1494 1782 1534 1849; x_wconf 87' lang='lat' dir='ltr'><strong>Et</strong></span> <span class='ocrx_word' id='word_1_157' title='bbox 1560 1781 1601 1849; x_wconf 86' lang='lat' dir='ltr'><strong>de</strong></span> <span class='ocrx_word' id='word_1_158' title='bbox 1628 1776 1691 1848; x_wconf 93' lang='lat' dir='ltr'><strong>hoc</strong></span> <span class='ocrx_word' id='word_1_159' title='bbox 1716 1783 1953 1858; x_wconf 72' lang='lat' dir='ltr'><strong>contenditur„</strong></span> <span class='ocrx_word' id='word_1_160' title='bbox 1991 1781 2059 1854; x_wconf 83' lang='lat' dir='ltr'><strong>Ce-</strong></span> 
     </span>
     <span class='ocr_line' id='line_1_14' title="bbox 368 1873 2058 1968; baseline 0.001 -19"><span class='ocrx_word' id='word_1_161' title='bbox 368 1873 441 1961; x_wconf 78' lang='lat' dir='ltr'><strong>sur,</strong></span> <span class='ocrx_word' id='word_1_162' title='bbox 462 1903 554 1968; x_wconf 89' lang='lat' dir='ltr'><strong>puta,</strong></span> <span class='ocrx_word' id='word_1_163' title='bbox 583 1876 607 1949; x_wconf 86' lang='lat' dir='ltr'><strong>st</strong></span> <span class='ocrx_word' id='word_1_164' title='bbox 634 1876 701 1949; x_wconf 86' lang='lat' dir='ltr'><strong>filia</strong></span> <span class='ocrx_word' id='word_1_165' title='bbox 724 1877 825 1950; x_wconf 85' lang='lat' dir='ltr'><strong>vellet</strong></span> <span class='ocrx_word' id='word_1_166' title='bbox 846 1874 974 1950; x_wconf 86' lang='lat' dir='ltr'><strong>nubere</strong></span> <span class='ocrx_word' id='word_1_167' title='bbox 994 1879 1134 1965; x_wconf 87' lang='lat' dir='ltr'><strong>turpi&amp;</strong></span> <span class='ocrx_word' id='word_1_168' title='bbox 1154 1876 1202 1944; x_wconf 91' lang='lat' dir='ltr'><strong>iu·</strong></span> <span class='ocrx_word' id='word_1_169' title='bbox 1227 1882 1360 1948; x_wconf 81' lang='lat' dir='ltr'><strong>nouislae</strong></span> <span class='ocrx_word' id='word_1_170' title='bbox 1383 1881 1471 1951; x_wconf 81' lang='lat' dir='ltr'><strong>enim</strong></span> <span class='ocrx_word' id='word_1_171' title='bbox 1487 1878 1634 1965; x_wconf 89' lang='lat' dir='ltr'><strong>judicant</strong></span> <span class='ocrx_word' id='word_1_172' title='bbox 1655 1901 1723 1947; x_wconf 92' lang='lat' dir='ltr'><strong>uon</strong></span> <span class='ocrx_word' id='word_1_173' title='bbox 1740 1873 1802 1949; x_wconf 87' lang='lat' dir='ltr'><strong>esse</strong></span> <span class='ocrx_word' id='word_1_174' title='bbox 1820 1880 2058 1962; x_wconf 88' lang='lat' dir='ltr'><strong>dirimendum,</strong></span> 
     </span>
     <span class='ocr_line' id='line_1_15' title="bbox 369 1972 2057 2067; baseline -0.001 -13"><span class='ocrx_word' id='word_1_175' title='bbox 369 1977 527 2064; x_wconf 85' lang='lat' dir='ltr'><strong>honesto,</strong></span> <span class='ocrx_word' id='word_1_176' title='bbox 553 1999 633 2050; x_wconf 91' lang='lat' dir='ltr'><strong>tuuc</strong></span> <span class='ocrx_word' id='word_1_177' title='bbox 662 2000 759 2066; x_wconf 86' lang='lat' dir='ltr'><strong>pater</strong></span> <span class='ocrx_word' id='word_1_178' title='bbox 787 1972 843 2047; x_wconf 90' lang='lat' dir='ltr'><strong>sua</strong></span> <span class='ocrx_word' id='word_1_179' title='bbox 876 1976 1071 2048; x_wconf 65' lang='lat' dir='ltr'><strong>authoritate</strong></span> <span class='ocrx_word' id='word_1_180' title='bbox 1097 1976 1203 2062; x_wconf 86' lang='lat' dir='ltr'><strong>potest</strong></span> <span class='ocrx_word' id='word_1_181' title='bbox 1228 1975 1380 2067; x_wconf 78' lang='lat' dir='ltr'><strong>theologi</strong></span> <span class='ocrx_word' id='word_1_182' title='bbox 1400 1998 1538 2059; x_wconf 78' lang='lat' dir='ltr'><strong>contra,</strong></span> <span class='ocrx_word' id='word_1_183' title='bbox 1566 1979 1622 2062; x_wconf 92' lang='lat' dir='ltr'><strong>qui</strong></span> <span class='ocrx_word' id='word_1_184' title='bbox 1648 1997 1758 2047; x_wconf 88' lang='lat' dir='ltr'><strong>tamen</strong></span> <span class='ocrx_word' id='word_1_185' title='bbox 1779 1980 2001 2065; x_wconf 84' lang='lat' dir='ltr'><strong>protestantur</strong></span> <span class='ocrx_word' id='word_1_186' title='bbox 2020 1981 2057 2054; x_wconf 89' lang='lat' dir='ltr'><strong>in</strong></span> 
     </span>
     <span class='ocr_line' id='line_1_16' title="bbox 366 2071 2057 2168; baseline -0.002 -15"><span class='ocrx_word' id='word_1_187' title='bbox 366 2075 451 2154; x_wconf 86' lang='lat' dir='ltr'><strong>illud</strong></span> <span class='ocrx_word' id='word_1_188' title='bbox 476 2078 723 2150; x_wconf 81' lang='lat' dir='ltr'><strong>matrimonium</strong></span> <span class='ocrx_word' id='word_1_189' title='bbox 752 2077 926 2166; x_wconf 87' lang='lat' dir='ltr'><strong>impedire.</strong></span> <span class='ocrx_word' id='word_1_190' title='bbox 979 2076 1012 2147; x_wconf 92' lang='lat' dir='ltr'><strong>Si</strong></span> <span class='ocrx_word' id='word_1_191' title='bbox 1037 2097 1115 2145; x_wconf 89' lang='lat' dir='ltr'><strong>vero</strong></span> <span class='ocrx_word' id='word_1_192' title='bbox 1131 2073 1203 2144; x_wconf 90' lang='lat' dir='ltr'><strong>vel·</strong></span> <span class='ocrx_word' id='word_1_193' title='bbox 1227 2071 1289 2144; x_wconf 87' lang='lat' dir='ltr'><strong>suis</strong></span> <span class='ocrx_word' id='word_1_194' title='bbox 1312 2074 1422 2156; x_wconf 81' lang='lat' dir='ltr'><strong>libris,</strong></span> <span class='ocrx_word' id='word_1_195' title='bbox 1447 2077 1535 2161; x_wconf 89' lang='lat' dir='ltr'><strong>quod</strong></span> <span class='ocrx_word' id='word_1_196' title='bbox 1555 2076 1663 2145; x_wconf 86' lang='lat' dir='ltr'><strong>nolint</strong></span> <span class='ocrx_word' id='word_1_197' title='bbox 1684 2099 1809 2165; x_wconf 88' lang='lat' dir='ltr'><strong>ponere</strong></span> <span class='ocrx_word' id='word_1_198' title='bbox 1835 2074 1945 2168; x_wconf 81' lang='lat' dir='ltr'><strong>legem</strong></span> <span class='ocrx_word' id='word_1_199' title='bbox 1964 2080 2057 2166; x_wconf 84' lang='lat' dir='ltr'><strong>judi·</strong></span> 
     </span>
     <span class='ocr_line' id='line_1_17' title="bbox 367 2170 2057 2270; baseline -0.005 -17"><span class='ocrx_word' id='word_1_200' title='bbox 367 2177 416 2254; x_wconf 88' lang='lat' dir='ltr'><strong>let</strong></span> <span class='ocrx_word' id='word_1_201' title='bbox 438 2175 565 2270; x_wconf 83' lang='lat' dir='ltr'><strong>nubere</strong></span> <span class='ocrx_word' id='word_1_202' title='bbox 596 2173 733 2248; x_wconf 85' lang='lat' dir='ltr'><strong>honesto</strong></span> <span class='ocrx_word' id='word_1_203' title='bbox 761 2184 797 2247; x_wconf 78' lang='grc' dir='ltr'><em>δι</em></span> <span class='ocrx_word' id='word_1_204' title='bbox 820 2176 894 2263; x_wconf 89' lang='lat' dir='ltr'><strong>pari</strong></span> <span class='ocrx_word' id='word_1_205' title='bbox 919 2171 1067 2245; x_wconf 77' lang='lat' dir='ltr'><strong>moribus</strong></span> <span class='ocrx_word' id='word_1_206' title='bbox 1087 2183 1120 2246; x_wconf 81' lang='lat' dir='ltr'><strong>dt</strong></span> <span class='ocrx_word' id='word_1_207' title='bbox 1141 2197 1197 2264; x_wconf 83' lang='lat' dir='ltr'><strong>ge·</strong></span> <span class='ocrx_word' id='word_1_208' title='bbox 1226 2173 1318 2245; x_wconf 79' lang='lat' dir='ltr'><strong>cibus</strong></span> <span class='ocrx_word' id='word_1_209' title='bbox 1339 2179 1372 2243; x_wconf 87' lang='lat' dir='ltr'><strong>in</strong></span> <span class='ocrx_word' id='word_1_210' title='bbox 1395 2170 1469 2245; x_wconf 88' lang='lat' dir='ltr'><strong>foro</strong></span> <span class='ocrx_word' id='word_1_211' title='bbox 1492 2176 1696 2245; x_wconf 85' lang='lat' dir='ltr'><strong>contentiolo</strong></span> <span class='ocrx_word' id='word_1_212' title='bbox 1727 2184 1761 2249; x_wconf 80' lang='lat' dir='ltr'><strong>dt</strong></span> <span class='ocrx_word' id='word_1_213' title='bbox 1797 2173 1962 2261; x_wconf 85' lang='lat' dir='ltr'><strong>judiciali,</strong></span> <span class='ocrx_word' id='word_1_214' title='bbox 1999 2176 2057 2250; x_wconf 89' lang='lat' dir='ltr'><strong>sed</strong></span> 
     </span>
     <span class='ocr_line' id='line_1_18' title="bbox 267 2266 2056 2362; baseline -0.001 -12"><span class='ocrx_word' id='word_1_215' title='bbox 267 2309 270 2322; x_wconf 82' lang='grc'><strong><em>·</em></strong></span> <span class='ocrx_word' id='word_1_216' title='bbox 323 2277 326 2282; x_wconf 75' lang='grc'>’</span> <span class='ocrx_word' id='word_1_217' title='bbox 366 2301 473 2357; x_wconf 84' lang='lat' dir='ltr'><strong>nere,</strong></span> <span class='ocrx_word' id='word_1_218' title='bbox 509 2298 602 2349; x_wconf 90' lang='lat' dir='ltr'><strong>certe</strong></span> <span class='ocrx_word' id='word_1_219' title='bbox 630 2298 727 2362; x_wconf 84' lang='lat' dir='ltr'><strong>pater</strong></span> <span class='ocrx_word' id='word_1_220' title='bbox 746 2268 953 2344; x_wconf 73' lang='lat' dir='ltr'><strong>dissentiendi</strong></span> <span class='ocrx_word' id='word_1_221' title='bbox 978 2266 1105 2343; x_wconf 85' lang='lat' dir='ltr'><strong>causam</strong></span> <span class='ocrx_word' id='word_1_222' title='bbox 1132 2296 1200 2341; x_wconf 92' lang='lat' dir='ltr'><strong>non</strong></span> <span class='ocrx_word' id='word_1_223' title='bbox 1225 2293 1353 2344; x_wconf 86' lang='lat' dir='ltr'><strong>tontum</strong></span> <span class='ocrx_word' id='word_1_224' title='bbox 1373 2270 1733 2361; x_wconf 76' lang='lat' dir='ltr'><strong>insoropoenitentiali</strong></span> <span class='ocrx_word' id='word_1_225' title='bbox 1754 2269 2056 2348; x_wconf 57' lang='lat' dir='ltr'><strong>consulentium</strong></span> 
     </span>
     <span class='ocr_line' id='line_1_19' title="bbox 366 2367 2058 2468; baseline -0.002 -20"><span class='ocrx_word' id='word_1_226' title='bbox 366 2374 477 2448; x_wconf 84' lang='lat' dir='ltr'><strong>habet.</strong></span> <span class='ocrx_word' id='word_1_227' title='bbox 544 2375 595 2464; x_wconf 84' lang='lat'><strong>3.)</strong></span> <span class='ocrx_word' id='word_1_228' title='bbox 621 2369 729 2446; x_wconf 78' lang='lat' dir='ltr'><strong>Sires</strong></span> <span class='ocrx_word' id='word_1_229' title='bbox 744 2397 810 2444; x_wconf 83' lang='lat' dir='ltr'><strong>non</strong></span> <span class='ocrx_word' id='word_1_230' title='bbox 829 2367 905 2468; x_wconf 75' lang='lat' dir='ltr'><strong>effer</strong></span> <span class='ocrx_word' id='word_1_231' title='bbox 926 2372 1083 2465; x_wconf 81' lang='lat' dir='ltr'><strong>integra,</strong></span> <span class='ocrx_word' id='word_1_232' title='bbox 1107 2393 1198 2458; x_wconf 87' lang='lat' dir='ltr'><strong>puta,</strong></span> <span class='ocrx_word' id='word_1_233' title='bbox 1223 2375 1334 2441; x_wconf 82' lang='lat' dir='ltr'><strong>omnia</strong></span> <span class='ocrx_word' id='word_1_234' title='bbox 1356 2372 1528 2461; x_wconf 81' lang='lat' dir='ltr'><strong>Kli&#39;ngius,</strong></span> <span class='ocrx_word' id='word_1_235' title='bbox 1552 2374 1716 2442; x_wconf 76' lang='lat' dir='ltr'><strong>rationum</strong></span> <span class='ocrx_word' id='word_1_236' title='bbox 1740 2393 1909 2444; x_wconf 83' lang='lat' dir='ltr'><strong>momenta</strong></span> <span class='ocrx_word' id='word_1_237' title='bbox 1927 2374 2058 2445; x_wconf 88' lang='lat' dir='ltr'><strong>utrobi·</strong></span> 
     </span>
     <span class='ocr_line' id='line_1_20' title="bbox 365 2467 2056 2564; baseline -0.001 -19"><span class='ocrx_word' id='word_1_238' title='bbox 365 2478 499 2563; x_wconf 86' lang='lat' dir='ltr'><strong>quaudo</strong></span> <span class='ocrx_word' id='word_1_239' title='bbox 525 2469 750 2546; x_wconf 77' lang='lat' dir='ltr'><strong>intervenisset</strong></span> <span class='ocrx_word' id='word_1_240' title='bbox 771 2469 996 2548; x_wconf 86' lang='lat' dir='ltr'><strong>concubitus,</strong></span> <span class='ocrx_word' id='word_1_241' title='bbox 1029 2492 1109 2540; x_wconf 90' lang='lat' dir='ltr'><strong>tunc</strong></span> <span class='ocrx_word' id='word_1_242' title='bbox 1132 2468 1197 2540; x_wconf 78' lang='lat' dir='ltr'><strong>sive</strong></span> <span class='ocrx_word' id='word_1_243' title='bbox 1222 2494 1287 2556; x_wconf 83' lang='lat' dir='ltr'><strong>que</strong></span> <span class='ocrx_word' id='word_1_244' title='bbox 1306 2467 1526 2560; x_wconf 81' lang='lat' dir='ltr'><strong>subjungens,</strong></span> <span class='ocrx_word' id='word_1_245' title='bbox 1545 2471 1623 2540; x_wconf 88' lang='lat' dir='ltr'><strong>hcet</strong></span> <span class='ocrx_word' id='word_1_246' title='bbox 1634 2495 1742 2557; x_wconf 88' lang='lat' dir='ltr'><strong>parce.</strong></span> <span class='ocrx_word' id='word_1_247' title='bbox 1796 2475 1868 2542; x_wconf 85' lang='lat' dir='ltr'><strong>Nos</strong></span> <span class='ocrx_word' id='word_1_248' title='bbox 1881 2473 2056 2564; x_wconf 82' lang='lat' dir='ltr'><strong>distingui-</strong></span> 
     </span>
     <span class='ocr_line' id='line_1_21' title="bbox 366 2563 2055 2740; baseline 0.001 -95"><span class='ocrx_word' id='word_1_249' title='bbox 366 2571 465 2646; x_wconf 90' lang='lat' dir='ltr'><strong>liberi</strong></span> <span class='ocrx_word' id='word_1_250' title='bbox 486 2570 548 2643; x_wconf 88' lang='lat' dir='ltr'><strong>srnt</strong></span> <span class='ocrx_word' id='word_1_251' title='bbox 565 2579 782 2659; x_wconf 88' lang='lat' dir='ltr'><strong>majorennes,</strong></span> <span class='ocrx_word' id='word_1_252' title='bbox 806 2569 871 2640; x_wconf 85' lang='lat' dir='ltr'><strong>sive</strong></span> <span class='ocrx_word' id='word_1_253' title='bbox 885 2572 1105 2650; x_wconf 87' lang='lat' dir='ltr'><strong>minorcunes,</strong></span> <span class='ocrx_word' id='word_1_254' title='bbox 1120 2593 1199 2662; x_wconf 78' lang='lat' dir='ltr'><strong>ton.</strong></span> <span class='ocrx_word' id='word_1_255' title='bbox 1224 2596 1295 2638; x_wconf 76' lang='lat' dir='ltr'><strong>mus</strong></span> <span class='ocrx_word' id='word_1_256' title='bbox 1309 2563 2055 2740; x_wconf 47' lang='lat' dir='ltr'><strong>itrtessr·idurrt‘jurirrigorem&amp;sustineren</strong></span> 
     </span>
     <span class='ocr_line' id='line_1_22' title="bbox 365 2663 2052 2766; baseline 0.001 -24"><span class='ocrx_word' id='word_1_257' title='bbox 365 2675 502 2764; x_wconf 71' lang='lat' dir='ltr'><strong>iugium</strong></span> <span class='ocrx_word' id='word_1_258' title='bbox 518 2663 782 2744; x_wconf 86' lang='lat' dir='ltr'><strong>consummatum</strong></span> <span class='ocrx_word' id='word_1_259' title='bbox 807 2695 874 2739; x_wconf 89' lang='lat' dir='ltr'><strong>non</strong></span> <span class='ocrx_word' id='word_1_260' title='bbox 894 2669 1001 2757; x_wconf 83' lang='lat' dir='ltr'><strong>potest</strong></span> <span class='ocrx_word' id='word_1_261' title='bbox 1028 2663 1196 2750; x_wconf 74' lang='lat' dir='ltr'><strong>rescindi,</strong></span> <span class='ocrx_word' id='word_1_262' title='bbox 1222 2666 1288 2737; x_wconf 79' lang='lat' dir='ltr'><strong>sive</strong></span> <span class='ocrx_word' id='word_1_263' title='bbox 1310 2669 1387 2766; x_wconf 75' lang='lat' dir='ltr'><strong>stri</strong></span> <span class='ocrx_word' id='word_1_264' title='bbox 1408 2670 1420 2738; x_wconf 83' lang='lat' dir='ltr'><strong>i</strong></span> <span class='ocrx_word' id='word_1_265' title='bbox 1442 2668 1534 2763; x_wconf 82' lang='lat' dir='ltr'><strong>juris</strong></span> <span class='ocrx_word' id='word_1_266' title='bbox 1559 2667 1829 2743; x_wconf 78' lang='lat' dir='ltr'><strong>moderationem.</strong></span> <span class='ocrx_word' id='word_1_267' title='bbox 1893 2675 1925 2742; x_wconf 86' lang='lat' dir='ltr'><strong>Sr</strong></span> <span class='ocrx_word' id='word_1_268' title='bbox 1955 2693 2052 2759; x_wconf 85' lang='lat' dir='ltr'><strong>putet·</strong></span> 
     </span>
     <span class='ocr_line' id='line_1_23' title="bbox 309 2762 2053 2859; baseline -0.001 -17"><span class='ocrx_word' id='word_1_269' title='bbox 309 2795 313 2800; x_wconf 88' lang='lat'>·</span> <span class='ocrx_word' id='word_1_270' title='bbox 366 2769 491 2856; x_wconf 79' lang='lat' dir='ltr'><strong>etiamsi</strong></span> <span class='ocrx_word' id='word_1_271' title='bbox 517 2789 671 2859; x_wconf 84' lang='lat' dir='ltr'><strong>patentes</strong></span> <span class='ocrx_word' id='word_1_272' title='bbox 698 2772 731 2838; x_wconf 90' lang='lat' dir='ltr'><strong>in</strong></span> <span class='ocrx_word' id='word_1_273' title='bbox 759 2768 842 2839; x_wconf 90' lang='lat' dir='ltr'><strong>illud</strong></span> <span class='ocrx_word' id='word_1_274' title='bbox 864 2792 931 2838; x_wconf 89' lang='lat' dir='ltr'><strong>non</strong></span> <span class='ocrx_word' id='word_1_275' title='bbox 952 2762 1197 2855; x_wconf 84' lang='lat' dir='ltr'><strong>consenserint3</strong></span> <span class='ocrx_word' id='word_1_276' title='bbox 1221 2765 1333 2837; x_wconf 71' lang='lat' dir='ltr'><strong>stristo</strong></span> <span class='ocrx_word' id='word_1_277' title='bbox 1350 2773 1424 2853; x_wconf 87' lang='lat' dir='ltr'><strong>jure</strong></span> <span class='ocrx_word' id='word_1_278' title='bbox 1445 2793 1545 2857; x_wconf 80' lang='lat' dir='ltr'><strong>agere</strong></span> <span class='ocrx_word' id='word_1_279' title='bbox 1563 2769 1663 2847; x_wconf 86' lang='lat' dir='ltr'><strong>velit,</strong></span> <span class='ocrx_word' id='word_1_280' title='bbox 1686 2772 1792 2857; x_wconf 83' lang='lat' dir='ltr'><strong>potest</strong></span> <span class='ocrx_word' id='word_1_281' title='bbox 1815 2765 1989 2843; x_wconf 82' lang='lat' dir='ltr'><strong>dissolvere</strong></span> <span class='ocrx_word' id='word_1_282' title='bbox 2012 2771 2053 2842; x_wconf 81' lang='lat' dir='ltr'><strong>li·</strong></span> 
     </span>
     <span class='ocr_line' id='line_1_24' title="bbox 365 2863 2050 2956; baseline -0.002 -12"><span class='ocrx_word' id='word_1_283' title='bbox 365 2868 473 2944; x_wconf 83' lang='lat' dir='ltr'><strong>multa</strong></span> <span class='ocrx_word' id='word_1_284' title='bbox 502 2871 592 2941; x_wconf 90' lang='lat' dir='ltr'><strong>enim</strong></span> <span class='ocrx_word' id='word_1_285' title='bbox 617 2870 804 2956; x_wconf 88' lang='lat' dir='ltr'><strong>impediunt</strong></span> <span class='ocrx_word' id='word_1_286' title='bbox 840 2866 1092 2938; x_wconf 76' lang='lat' dir='ltr'><strong>matrimonium</strong></span> <span class='ocrx_word' id='word_1_287' title='bbox 1115 2890 1189 2935; x_wconf 87' lang='lat' dir='ltr'><strong>con·</strong></span> <span class='ocrx_word' id='word_1_288' title='bbox 1222 2865 1379 2936; x_wconf 90' lang='lat' dir='ltr'><strong>berorum</strong></span> <span class='ocrx_word' id='word_1_289' title='bbox 1414 2863 1624 2936; x_wconf 76' lang='lat' dir='ltr'><strong>matrimonia</strong></span> <span class='ocrx_word' id='word_1_290' title='bbox 1654 2864 1776 2955; x_wconf 85' lang='lat' dir='ltr'><strong>absque</strong></span> <span class='ocrx_word' id='word_1_291' title='bbox 1806 2863 1962 2939; x_wconf 88' lang='lat' dir='ltr'><strong>consensu</strong></span> <span class='ocrx_word' id='word_1_292' title='bbox 1991 2863 2050 2944; x_wconf 89' lang='lat' dir='ltr'><strong>suo</strong></span> 
     </span>
     <span class='ocr_line' id='line_1_25' title="bbox 366 2962 2053 3060; baseline 0 -20"><span class='ocrx_word' id='word_1_293' title='bbox 366 2962 594 3049; x_wconf 90' lang='lat' dir='ltr'><strong>trahendum,</strong></span> <span class='ocrx_word' id='word_1_294' title='bbox 614 2991 686 3055; x_wconf 83' lang='lat' dir='ltr'><strong>quae</strong></span> <span class='ocrx_word' id='word_1_295' title='bbox 703 2991 771 3039; x_wconf 92' lang='lat' dir='ltr'><strong>non</strong></span> <span class='ocrx_word' id='word_1_296' title='bbox 792 2966 954 3037; x_wconf 86' lang='lat' dir='ltr'><strong>dirimunt</strong></span> <span class='ocrx_word' id='word_1_297' title='bbox 976 2969 1194 3036; x_wconf 66' lang='lat' dir='ltr'><strong>contrarium.</strong></span> <span class='ocrx_word' id='word_1_298' title='bbox 1222 2971 1409 3044; x_wconf 69' lang='lat' dir='ltr'><strong>contratlm</strong></span> <span class='ocrx_word' id='word_1_299' title='bbox 1436 2962 1490 3037; x_wconf 88' lang='lat' dir='ltr'><strong>sed</strong></span> <span class='ocrx_word' id='word_1_300' title='bbox 1507 2989 1545 3034; x_wconf 83' lang='lat' dir='ltr'><strong>ex</strong></span> <span class='ocrx_word' id='word_1_301' title='bbox 1562 2963 1727 3060; x_wconf 64' lang='grc' dir='ltr'><em>ἐπιεικείᾳ</em></span> <span class='ocrx_word' id='word_1_302' title='bbox 1742 2977 1775 3039; x_wconf 85' lang='lat'>&amp;</span> <span class='ocrx_word' id='word_1_303' title='bbox 1800 2969 1840 3037; x_wconf 88' lang='lat' dir='ltr'><strong>ad</strong></span> <span class='ocrx_word' id='word_1_304' title='bbox 1860 2991 2053 3054; x_wconf 83' lang='lat' dir='ltr'><strong>praeeaven-</strong></span> 
     </span>
     <span class='ocr_line' id='line_1_26' title="bbox 366 3060 2054 3160; baseline -0.001 -19"><span class='ocrx_word' id='word_1_305' title='bbox 366 3067 524 3160; x_wconf 81' lang='lat' dir='ltr'><strong>Klingiua</strong></span> <span class='ocrx_word' id='word_1_306' title='bbox 547 3069 582 3137; x_wconf 91' lang='lat' dir='ltr'><strong>in</strong></span> <span class='ocrx_word' id='word_1_307' title='bbox 604 3068 699 3137; x_wconf 72' lang='lat' dir='ltr'><strong>tradi.</strong></span> <span class='ocrx_word' id='word_1_308' title='bbox 721 3069 763 3152; x_wconf 84' lang='lat' dir='ltr'><strong>de</strong></span> <span class='ocrx_word' id='word_1_309' title='bbox 792 3061 893 3135; x_wconf 80' lang='lat' dir='ltr'><strong>causis</strong></span> <span class='ocrx_word' id='word_1_310' title='bbox 913 3065 1059 3135; x_wconf 83' lang='lat' dir='ltr'><strong>matrim.</strong></span> <span class='ocrx_word' id='word_1_311' title='bbox 1081 3088 1115 3151; x_wconf 87' lang='lat' dir='ltr'><strong>p.</strong></span> <span class='ocrx_word' id='word_1_312' title='bbox 1138 3076 1197 3148; x_wconf 82' lang='lat'><strong>78.</strong></span> <span class='ocrx_word' id='word_1_313' title='bbox 1223 3068 1304 3132; x_wconf 88' lang='lat' dir='ltr'><strong>dum</strong></span> <span class='ocrx_word' id='word_1_314' title='bbox 1334 3071 1439 3151; x_wconf 85' lang='lat' dir='ltr'><strong>majus</strong></span> <span class='ocrx_word' id='word_1_315' title='bbox 1472 3063 1596 3133; x_wconf 86' lang='lat' dir='ltr'><strong>molum</strong></span> <span class='ocrx_word' id='word_1_316' title='bbox 1626 3063 1823 3150; x_wconf 72' lang='lat' dir='ltr'><strong>quandoque</strong></span> <span class='ocrx_word' id='word_1_317' title='bbox 1862 3060 2054 3152; x_wconf 80' lang='lat' dir='ltr'><strong>persuaderi</strong></span> 
     </span>
     <span class='ocr_line' id='line_1_27' title="bbox 259 3154 2053 3258; baseline -0.001 -19"><span class='ocrx_word' id='word_1_318' title='bbox 259 3173 262 3188; x_wconf 93' lang='lat'>&#39;</span> <span class='ocrx_word' id='word_1_319' title='bbox 366 3165 410 3239; x_wconf 84' lang='lat' dir='ltr'><strong>stc</strong></span> <span class='ocrx_word' id='word_1_320' title='bbox 426 3167 622 3258; x_wconf 84' lang='lat' dir='ltr'><strong>distinguit:</strong></span> <span class='ocrx_word' id='word_1_321' title='bbox 660 3168 729 3234; x_wconf 79' lang='lat' dir='ltr'><strong>hut</strong></span> <span class='ocrx_word' id='word_1_322' title='bbox 754 3163 827 3253; x_wconf 88' lang='lat' dir='ltr'><strong>post</strong></span> <span class='ocrx_word' id='word_1_323' title='bbox 855 3164 1103 3232; x_wconf 72' lang='lat' dir='ltr'><strong>matrimonium</strong></span> <span class='ocrx_word' id='word_1_324' title='bbox 1131 3158 1198 3231; x_wconf 83' lang='lat' dir='ltr'><strong>hue</strong></span> <span class='ocrx_word' id='word_1_325' title='bbox 1223 3164 1354 3248; x_wconf 83' lang='lat' dir='ltr'><strong>potest,</strong></span> <span class='ocrx_word' id='word_1_326' title='bbox 1382 3188 1423 3232; x_wconf 90' lang='lat' dir='ltr'><strong>ue</strong></span> <span class='ocrx_word' id='word_1_327' title='bbox 1443 3171 1494 3247; x_wconf 84' lang='lat' dir='ltr'><strong>jus</strong></span> <span class='ocrx_word' id='word_1_328' title='bbox 1516 3158 1609 3231; x_wconf 90' lang='lat' dir='ltr'><strong>suum</strong></span> <span class='ocrx_word' id='word_1_329' title='bbox 1631 3156 1742 3233; x_wconf 84' lang='lat' dir='ltr'><strong>severe</strong></span> <span class='ocrx_word' id='word_1_330' title='bbox 1761 3187 1928 3247; x_wconf 82' lang='lat' dir='ltr'><strong>exerceat,</strong></span> <span class='ocrx_word' id='word_1_331' title='bbox 1952 3154 2053 3254; x_wconf 77' lang='lat' dir='ltr'><strong>utpo-</strong></span> 
     </span>
     <span class='ocr_line' id='line_1_28' title="bbox 365 3255 2051 3359; baseline 0.001 -25"><span class='ocrx_word' id='word_1_332' title='bbox 365 3285 545 3354; x_wconf 83' lang='lat' dir='ltr'><strong>parentum</strong></span> <span class='ocrx_word' id='word_1_333' title='bbox 571 3255 729 3356; x_wconf 78' lang='lat' dir='ltr'><strong>consensu</strong></span> <span class='ocrx_word' id='word_1_334' title='bbox 759 3264 966 3332; x_wconf 63' lang='lat' dir='ltr'><strong>contraitum</strong></span> <span class='ocrx_word' id='word_1_335' title='bbox 992 3283 1044 3331; x_wconf 84' lang='lat' dir='ltr'><strong>res</strong></span> <span class='ocrx_word' id='word_1_336' title='bbox 1065 3284 1130 3331; x_wconf 82' lang='lat' dir='ltr'><strong>non</strong></span> <span class='ocrx_word' id='word_1_337' title='bbox 1154 3261 1197 3359; x_wconf 89' lang='grc' dir='ltr'><em>ιβ</em></span> <span class='ocrx_word' id='word_1_338' title='bbox 1222 3282 1255 3329; x_wconf 87' lang='lat' dir='ltr'><strong>te</strong></span> <span class='ocrx_word' id='word_1_339' title='bbox 1276 3263 1407 3348; x_wconf 85' lang='lat' dir='ltr'><strong>quaudo</strong></span> <span class='ocrx_word' id='word_1_340' title='bbox 1425 3261 1520 3332; x_wconf 84' lang='lat' dir='ltr'><strong>liberi</strong></span> <span class='ocrx_word' id='word_1_341' title='bbox 1539 3257 1740 3332; x_wconf 70' lang='lat' dir='ltr'><strong>commissam</strong></span> <span class='ocrx_word' id='word_1_342' title='bbox 1762 3261 1894 3350; x_wconf 86' lang='lat' dir='ltr'><strong>culpam</strong></span> <span class='ocrx_word' id='word_1_343' title='bbox 1915 3262 2051 3335; x_wconf 83' lang='lat' dir='ltr'><strong>humili·</strong></span> 
     </span>
     <span class='ocr_line' id='line_1_29' title="bbox 253 3351 2051 3458; baseline -0.001 -21"><span class='ocrx_word' id='word_1_344' title='bbox 253 3439 257 3446; x_wconf 73' lang='grc'><em>,</em></span> <span class='ocrx_word' id='word_1_345' title='bbox 356 3360 520 3458; x_wconf 59' lang='lat' dir='ltr'><strong>integra,</strong></span> <span class='ocrx_word' id='word_1_346' title='bbox 542 3357 596 3432; x_wconf 87' lang='lat' dir='ltr'><strong>sed</strong></span> <span class='ocrx_word' id='word_1_347' title='bbox 628 3357 749 3449; x_wconf 82' lang='lat' dir='ltr'><strong>copula</strong></span> <span class='ocrx_word' id='word_1_348' title='bbox 773 3351 912 3431; x_wconf 84' lang='lat' dir='ltr'><strong>carnalis</strong></span> <span class='ocrx_word' id='word_1_349' title='bbox 934 3353 1134 3451; x_wconf 76' lang='lat' dir='ltr'><strong>subsecuta3</strong></span> <span class='ocrx_word' id='word_1_350' title='bbox 1161 3370 1195 3431; x_wconf 83' lang='lat' dir='ltr'><strong>dt</strong></span> <span class='ocrx_word' id='word_1_351' title='bbox 1222 3380 1274 3431; x_wconf 86' lang='lat' dir='ltr'><strong>ter</strong></span> <span class='ocrx_word' id='word_1_352' title='bbox 1292 3364 1533 3448; x_wconf 84' lang='lat' dir='ltr'><strong>deprecantur,</strong></span> <span class='ocrx_word' id='word_1_353' title='bbox 1569 3365 1700 3447; x_wconf 87' lang='lat' dir='ltr'><strong>quando</strong></span> <span class='ocrx_word' id='word_1_354' title='bbox 1734 3364 1937 3432; x_wconf 79' lang='lat' dir='ltr'><strong>matrimonii</strong></span> <span class='ocrx_word' id='word_1_355' title='bbox 1970 3360 2051 3437; x_wconf 82' lang='lat' dir='ltr'><strong>fides</strong></span> 
     </span>
     <span class='ocr_line' id='line_1_30' title="bbox 367 3454 2089 3551; baseline 0.001 -17"><span class='ocrx_word' id='word_1_356' title='bbox 367 3464 570 3536; x_wconf 73' lang='lat' dir='ltr'><strong>concordant</strong></span> <span class='ocrx_word' id='word_1_357' title='bbox 584 3458 757 3540; x_wconf 79' lang='lat' dir='ltr'><strong>caponihae</strong></span> <span class='ocrx_word' id='word_1_358' title='bbox 780 3466 815 3531; x_wconf 79' lang='grc' dir='ltr'><em>δι</em></span> <span class='ocrx_word' id='word_1_359' title='bbox 832 3455 1000 3548; x_wconf 77' lang='lat' dir='ltr'><strong>theologi,</strong></span> <span class='ocrx_word' id='word_1_360' title='bbox 1023 3461 1111 3544; x_wconf 90' lang='lat' dir='ltr'><strong>quod</strong></span> <span class='ocrx_word' id='word_1_361' title='bbox 1129 3483 1198 3529; x_wconf 86' lang='lat' dir='ltr'><strong>mo·</strong></span> <span class='ocrx_word' id='word_1_362' title='bbox 1220 3460 1295 3529; x_wconf 87' lang='lat' dir='ltr'><strong>data</strong></span> <span class='ocrx_word' id='word_1_363' title='bbox 1311 3454 1457 3548; x_wconf 77' lang='lat' dir='ltr'><strong>persono:</strong></span> <span class='ocrx_word' id='word_1_364' title='bbox 1477 3458 1616 3530; x_wconf 71' lang='lat' dir='ltr'><strong>honeste</strong></span> <span class='ocrx_word' id='word_1_365' title='bbox 1635 3469 1669 3533; x_wconf 63' lang='grc' dir='ltr'>ἀ</span> <span class='ocrx_word' id='word_1_366' title='bbox 1695 3464 1843 3530; x_wconf 87' lang='lat' dir='ltr'><strong>moribus</strong></span> <span class='ocrx_word' id='word_1_367' title='bbox 1862 3486 1899 3531; x_wconf 89' lang='lat' dir='ltr'><strong>ac</strong></span> <span class='ocrx_word' id='word_1_368' title='bbox 1925 3487 2050 3551; x_wconf 85' lang='lat' dir='ltr'><strong>genere</strong></span> <span class='ocrx_word' id='word_1_369' title='bbox 2084 3502 2089 3530; x_wconf 75' lang='lat' dir='ltr'><strong>s</strong></span> 
     </span>
     <span class='ocr_line' id='line_1_31' title="bbox 367 3552 2071 3650; baseline -0.002 -16"><span class='ocrx_word' id='word_1_370' title='bbox 367 3561 562 3634; x_wconf 88' lang='lat' dir='ltr'><strong>trimonium</strong></span> <span class='ocrx_word' id='word_1_371' title='bbox 595 3552 739 3648; x_wconf 81' lang='lat' dir='ltr'><strong>separari</strong></span> <span class='ocrx_word' id='word_1_372' title='bbox 763 3579 830 3627; x_wconf 92' lang='lat' dir='ltr'><strong>nou</strong></span> <span class='ocrx_word' id='word_1_373' title='bbox 851 3552 994 3635; x_wconf 81' lang='lat' dir='ltr'><strong>debeat,</strong></span> <span class='ocrx_word' id='word_1_374' title='bbox 1027 3580 1196 3645; x_wconf 88' lang='lat' dir='ltr'><strong>utcunque</strong></span> <span class='ocrx_word' id='word_1_375' title='bbox 1219 3560 1319 3645; x_wconf 85' lang='lat' dir='ltr'><strong>pari,</strong></span> <span class='ocrx_word' id='word_1_376' title='bbox 1344 3562 1476 3644; x_wconf 89' lang='lat' dir='ltr'><strong>quando</strong></span> <span class='ocrx_word' id='word_1_377' title='bbox 1499 3583 1548 3629; x_wconf 88' lang='lat' dir='ltr'><strong>res</strong></span> <span class='ocrx_word' id='word_1_378' title='bbox 1574 3583 1640 3628; x_wconf 87' lang='lat' dir='ltr'><strong>non</strong></span> <span class='ocrx_word' id='word_1_379' title='bbox 1663 3557 1803 3645; x_wconf 86' lang='lat' dir='ltr'><strong>amplius</strong></span> <span class='ocrx_word' id='word_1_380' title='bbox 1825 3560 1872 3630; x_wconf 79' lang='lat' dir='ltr'><strong>eli</strong></span> <span class='ocrx_word' id='word_1_381' title='bbox 1892 3562 2071 3650; x_wconf 60' lang='lat' dir='ltr'><strong>integro,¹</strong></span> 
     </span>
     <span class='ocr_line' id='line_1_32' title="bbox 367 3651 2049 3747; baseline -0.003 -12"><span class='ocrx_word' id='word_1_382' title='bbox 367 3654 538 3740; x_wconf 82' lang='lat' dir='ltr'><strong>cotrsensus</strong></span> <span class='ocrx_word' id='word_1_383' title='bbox 558 3679 735 3746; x_wconf 81' lang='lat' dir='ltr'><strong>potentum</strong></span> <span class='ocrx_word' id='word_1_384' title='bbox 748 3652 902 3726; x_wconf 88' lang='lat' dir='ltr'><strong>desuerit.</strong></span> <span class='ocrx_word' id='word_1_385' title='bbox 952 3658 1020 3726; x_wconf 78' lang='lat' dir='ltr'><strong>Aut</strong></span> <span class='ocrx_word' id='word_1_386' title='bbox 1038 3658 1195 3746; x_wconf 20' lang='lat' dir='ltr'><strong>post‘ma-</strong></span> <span class='ocrx_word' id='word_1_387' title='bbox 1219 3651 1274 3727; x_wconf 89' lang='lat' dir='ltr'><strong>sed</strong></span> <span class='ocrx_word' id='word_1_388' title='bbox 1295 3656 1414 3743; x_wconf 89' lang='lat' dir='ltr'><strong>copula</strong></span> <span class='ocrx_word' id='word_1_389' title='bbox 1429 3656 1566 3727; x_wconf 81' lang='lat' dir='ltr'><strong>carnalis</strong></span> <span class='ocrx_word' id='word_1_390' title='bbox 1580 3652 1770 3728; x_wconf 75' lang='lat' dir='ltr'><strong>intercessit.</strong></span> <span class='ocrx_word' id='word_1_391' title='bbox 1836 3663 1890 3730; x_wconf 88' lang='lat' dir='ltr'><strong>De</strong></span> <span class='ocrx_word' id='word_1_392' title='bbox 1919 3684 2049 3747; x_wconf 78' lang='lat' dir='ltr'><strong>prena,</strong></span> 
     </span>
     <span class='ocr_line' id='line_1_33' title="bbox 365 3743 2052 3842; baseline 0 -9"><span class='ocrx_word' id='word_1_393' title='bbox 365 3762 560 3833; x_wconf 90' lang='lat' dir='ltr'><strong>trimonium</strong></span> <span class='ocrx_word' id='word_1_394' title='bbox 584 3754 651 3839; x_wconf 73' lang='lat' dir='ltr'><strong>stne</strong></span> <span class='ocrx_word' id='word_1_395' title='bbox 679 3743 836 3825; x_wconf 86' lang='lat' dir='ltr'><strong>consensu</strong></span> <span class='ocrx_word' id='word_1_396' title='bbox 863 3777 1039 3842; x_wconf 88' lang='lat' dir='ltr'><strong>parentum</strong></span> <span class='ocrx_word' id='word_1_397' title='bbox 1063 3778 1195 3826; x_wconf 84' lang='lat' dir='ltr'><strong>contra·</strong></span> <span class='ocrx_word' id='word_1_398' title='bbox 1217 3779 1281 3842; x_wconf 86' lang='lat' dir='ltr'><strong>quo</strong></span> <span class='ocrx_word' id='word_1_399' title='bbox 1303 3757 1336 3826; x_wconf 93' lang='lat' dir='ltr'><strong>in</strong></span> <span class='ocrx_word' id='word_1_400' title='bbox 1358 3751 1432 3825; x_wconf 88' lang='lat' dir='ltr'><strong>foro</strong></span> <span class='ocrx_word' id='word_1_401' title='bbox 1457 3754 1548 3826; x_wconf 87' lang='lat' dir='ltr'><strong>civili</strong></span> <span class='ocrx_word' id='word_1_402' title='bbox 1567 3753 1740 3827; x_wconf 83' lang='lat' dir='ltr'><strong>adficiendi</strong></span> <span class='ocrx_word' id='word_1_403' title='bbox 1763 3750 1837 3828; x_wconf 90' lang='lat' dir='ltr'><strong>sunt</strong></span> <span class='ocrx_word' id='word_1_404' title='bbox 1852 3755 1948 3828; x_wconf 87' lang='lat' dir='ltr'><strong>liberi</strong></span> <span class='ocrx_word' id='word_1_405' title='bbox 1965 3760 2052 3833; x_wconf 77' lang='lat' dir='ltr'><strong>citra</strong></span> 
     </span>
     <span class='ocr_line' id='line_1_34' title="bbox 366 3847 2047 3948; baseline -0.004 -14"><span class='ocrx_word' id='word_1_406' title='bbox 366 3865 465 3934; x_wconf 70' lang='lat' dir='ltr'><strong>dium.</strong></span> <span class='ocrx_word' id='word_1_407' title='bbox 485 3881 538 3928; x_wconf 80' lang='lat' dir='ltr'><strong>res</strong></span> <span class='ocrx_word' id='word_1_408' title='bbox 561 3856 607 3926; x_wconf 83' lang='lat' dir='ltr'><strong>est</strong></span> <span class='ocrx_word' id='word_1_409' title='bbox 637 3857 797 3942; x_wconf 79' lang='lat' dir='ltr'><strong>integra,</strong></span> <span class='ocrx_word' id='word_1_410' title='bbox 825 3853 858 3924; x_wconf 91' lang='lat' dir='ltr'><strong>id</strong></span> <span class='ocrx_word' id='word_1_411' title='bbox 880 3854 946 3936; x_wconf 79' lang='lat' dir='ltr'><strong>esi,</strong></span> <span class='ocrx_word' id='word_1_412' title='bbox 970 3851 1108 3948; x_wconf 71' lang='lat' dir='ltr'><strong>carnalia</strong></span> <span class='ocrx_word' id='word_1_413' title='bbox 1136 3878 1192 3926; x_wconf 85' lang='lat' dir='ltr'><strong>co·</strong></span> <span class='ocrx_word' id='word_1_414' title='bbox 1217 3874 1396 3941; x_wconf 89' lang='lat' dir='ltr'><strong>parentum</strong></span> <span class='ocrx_word' id='word_1_415' title='bbox 1412 3847 1602 3924; x_wconf 88' lang='lat' dir='ltr'><strong>consensum</strong></span> <span class='ocrx_word' id='word_1_416' title='bbox 1625 3850 1784 3943; x_wconf 85' lang='lat' dir='ltr'><strong>sponsalia</strong></span> <span class='ocrx_word' id='word_1_417' title='bbox 1804 3856 2047 3940; x_wconf 85' lang='lat' dir='ltr'><strong>contrahentes,</strong></span> 
     </span>
     <span class='ocr_line' id='line_1_35' title="bbox 364 3945 2047 4050; baseline -0.001 -20"><span class='ocrx_word' id='word_1_418' title='bbox 364 3956 445 4050; x_wconf 80' lang='lat' dir='ltr'><strong>pult</strong></span> <span class='ocrx_word' id='word_1_419' title='bbox 471 3954 609 4048; x_wconf 78' lang='lat' dir='ltr'><strong>nonest</strong></span> <span class='ocrx_word' id='word_1_420' title='bbox 626 3945 818 4048; x_wconf 66' lang='lat' dir='ltr'><strong>subsecutae</strong></span> <span class='ocrx_word' id='word_1_421' title='bbox 853 3960 889 4025; x_wconf 78' lang='grc' dir='ltr'><em>δι</em></span> <span class='ocrx_word' id='word_1_422' title='bbox 913 3951 1103 4043; x_wconf 82' lang='lat' dir='ltr'><strong>distingue:</strong></span> <span class='ocrx_word' id='word_1_423' title='bbox 1137 3972 1193 4024; x_wconf 83' lang='lat' dir='ltr'><strong>aut</strong></span> <span class='ocrx_word' id='word_1_424' title='bbox 1217 3955 1360 4022; x_wconf 63' lang='lat' dir='ltr'><strong>tractant</strong></span> <span class='ocrx_word' id='word_1_425' title='bbox 1379 3949 1613 4037; x_wconf 85' lang='lat' dir='ltr'><strong>jurisconsulti.</strong></span> <span class='ocrx_word' id='word_1_426' title='bbox 1661 3958 1751 4027; x_wconf 87' lang='lat' dir='ltr'><strong>Cum</strong></span> <span class='ocrx_word' id='word_1_427' title='bbox 1782 3959 1871 4027; x_wconf 88' lang='lat' dir='ltr'><strong>enim</strong></span> <span class='ocrx_word' id='word_1_428' title='bbox 1898 3955 1979 4028; x_wconf 84' lang='lat' dir='ltr'><strong>tales</strong></span> <span class='ocrx_word' id='word_1_429' title='bbox 2006 3957 2047 4029; x_wconf 89' lang='lat' dir='ltr'><strong>li·</strong></span> 
     </span>
     <span class='ocr_line' id='line_1_36' title="bbox 362 4045 2046 4156; baseline -0.001 -28"><span class='ocrx_word' id='word_1_430' title='bbox 362 4063 520 4156; x_wconf 78' lang='lat' dir='ltr'><strong>parentes</strong></span> <span class='ocrx_word' id='word_1_431' title='bbox 539 4045 813 4126; x_wconf 71' lang='lat' dir='ltr'><strong>&#39;contrahentium</strong></span> <span class='ocrx_word' id='word_1_432' title='bbox 826 4047 911 4144; x_wconf 78' lang='lat' dir='ltr'><strong>sunt</strong></span> <span class='ocrx_word' id='word_1_433' title='bbox 932 4046 1012 4122; x_wconf 84' lang='lat' dir='ltr'><strong>duri</strong></span> <span class='ocrx_word' id='word_1_434' title='bbox 1024 4105 1034 4136; x_wconf 91' lang='lat'><strong>,</strong></span> <span class='ocrx_word' id='word_1_435' title='bbox 1059 4049 1116 4137; x_wconf 88' lang='lat' dir='ltr'><strong>qui</strong></span> <span class='ocrx_word' id='word_1_436' title='bbox 1136 4073 1194 4122; x_wconf 86' lang='lat' dir='ltr'><strong>eut</strong></span> <span class='ocrx_word' id='word_1_437' title='bbox 1217 4049 1289 4122; x_wconf 91' lang='lat' dir='ltr'><strong>beri</strong></span> <span class='ocrx_word' id='word_1_438' title='bbox 1308 4049 1499 4141; x_wconf 80' lang='lat' dir='ltr'><strong>graviffime</strong></span> <span class='ocrx_word' id='word_1_439' title='bbox 1518 4072 1658 4140; x_wconf 88' lang='lat' dir='ltr'><strong>peccent</strong></span> <span class='ocrx_word' id='word_1_440' title='bbox 1687 4076 1803 4124; x_wconf 85' lang='lat' dir='ltr'><strong>contra</strong></span> <span class='ocrx_word' id='word_1_441' title='bbox 1821 4053 1931 4144; x_wconf 78' lang='lat' dir='ltr'><strong>legem</strong></span> <span class='ocrx_word' id='word_1_442' title='bbox 1960 4058 2046 4130; x_wconf 84' lang='lat' dir='ltr'><strong>divi·</strong></span> 
     </span>
     <span class='ocr_line' id='line_1_37' title="bbox 363 4147 2046 4249; baseline -0.001 -21"><span class='ocrx_word' id='word_1_443' title='bbox 363 4151 612 4249; x_wconf 84' lang='lat' dir='ltr'><strong>prohibuerunt</strong></span> <span class='ocrx_word' id='word_1_444' title='bbox 629 4147 743 4223; x_wconf 86' lang='lat' dir='ltr'><strong>liberis</strong></span> <span class='ocrx_word' id='word_1_445' title='bbox 766 4149 1003 4229; x_wconf 87' lang='lat' dir='ltr'><strong>matrimonia,</strong></span> <span class='ocrx_word' id='word_1_446' title='bbox 1026 4172 1082 4221; x_wconf 88' lang='lat' dir='ltr'><strong>aut</strong></span> <span class='ocrx_word' id='word_1_447' title='bbox 1099 4174 1194 4220; x_wconf 87' lang='lat' dir='ltr'><strong>occa·</strong></span> <span class='ocrx_word' id='word_1_448' title='bbox 1217 4174 1294 4219; x_wconf 88' lang='lat' dir='ltr'><strong>nam</strong></span> <span class='ocrx_word' id='word_1_449' title='bbox 1313 4160 1347 4222; x_wconf 80' lang='lat' dir='ltr'><strong>dt</strong></span> <span class='ocrx_word' id='word_1_450' title='bbox 1362 4150 1559 4235; x_wconf 84' lang='lat' dir='ltr'><strong>humanam,</strong></span> <span class='ocrx_word' id='word_1_451' title='bbox 1583 4147 1800 4237; x_wconf 79' lang='lat' dir='ltr'><strong>aequiffimum</strong></span> <span class='ocrx_word' id='word_1_452' title='bbox 1816 4155 1880 4231; x_wconf 83' lang='lat' dir='ltr'><strong>est,</strong></span> <span class='ocrx_word' id='word_1_453' title='bbox 1910 4175 1948 4225; x_wconf 93' lang='lat' dir='ltr'><strong>ut</strong></span> <span class='ocrx_word' id='word_1_454' title='bbox 1974 4179 2046 4226; x_wconf 81' lang='lat' dir='ltr'><strong>car-</strong></span> 
     </span>
     <span class='ocr_line' id='line_1_38' title="bbox 365 4241 2089 4348; baseline 0 -22"><span class='ocrx_word' id='word_1_455' title='bbox 365 4253 490 4348; x_wconf 84' lang='lat' dir='ltr'><strong>srpnem</strong></span> <span class='ocrx_word' id='word_1_456' title='bbox 509 4274 657 4341; x_wconf 71' lang='lat' dir='ltr'><strong>querere</strong></span> <span class='ocrx_word' id='word_1_457' title='bbox 677 4246 878 4329; x_wconf 88' lang='lat' dir='ltr'><strong>noluerunt,</strong></span> <span class='ocrx_word' id='word_1_458' title='bbox 905 4256 939 4321; x_wconf 91' lang='lat'>&amp;</span> <span class='ocrx_word' id='word_1_459' title='bbox 967 4249 1001 4318; x_wconf 90' lang='lat' dir='ltr'><strong>in</strong></span> <span class='ocrx_word' id='word_1_460' title='bbox 1029 4245 1093 4318; x_wconf 94' lang='lat' dir='ltr'><strong>hoc</strong></span> <span class='ocrx_word' id='word_1_461' title='bbox 1111 4273 1193 4334; x_wconf 87' lang='lat' dir='ltr'><strong>quo·</strong></span> <span class='ocrx_word' id='word_1_462' title='bbox 1217 4246 1650 4333; x_wconf 82' lang='lat' dir='ltr'><strong>cere,velexhaeredatione‚</strong></span> <span class='ocrx_word' id='word_1_463' title='bbox 1665 4241 2046 4341; x_wconf 85' lang='lat' dir='ltr'><strong>velaliomodopunian·</strong></span> <span class='ocrx_word' id='word_1_464' title='bbox 2087 4313 2089 4317; x_wconf 91' lang='lat'>.</span> 
     </span>
     <span class='ocr_line' id='line_1_39' title="bbox 363 4343 2046 4446; baseline -0.005 -21"><span class='ocrx_word' id='word_1_465' title='bbox 363 4382 430 4446; x_wconf 80' lang='lat' dir='ltr'><strong>que</strong></span> <span class='ocrx_word' id='word_1_466' title='bbox 448 4353 673 4431; x_wconf 86' lang='lat' dir='ltr'><strong>conveniunt,</strong></span> <span class='ocrx_word' id='word_1_467' title='bbox 696 4350 786 4442; x_wconf 84' lang='lat' dir='ltr'><strong>quod</strong></span> <span class='ocrx_word' id='word_1_468' title='bbox 813 4343 939 4434; x_wconf 74' lang='lat' dir='ltr'><strong>ualeat,</strong></span> <span class='ocrx_word' id='word_1_469' title='bbox 963 4368 1020 4417; x_wconf 90' lang='lat' dir='ltr'><strong>aut</strong></span> <span class='ocrx_word' id='word_1_470' title='bbox 1040 4369 1194 4434; x_wconf 81' lang='lat' dir='ltr'><strong>patentes</strong></span> <span class='ocrx_word' id='word_1_471' title='bbox 1218 4369 1274 4420; x_wconf 87' lang='lat' dir='ltr'><strong>tur</strong></span> <span class='ocrx_word' id='word_1_472' title='bbox 1288 4371 1352 4435; x_wconf 90' lang='lat' dir='ltr'><strong>pro</strong></span> <span class='ocrx_word' id='word_1_473' title='bbox 1373 4349 1530 4434; x_wconf 81' lang='lat' dir='ltr'><strong>cujusque</strong></span> <span class='ocrx_word' id='word_1_474' title='bbox 1551 4346 1615 4418; x_wconf 93' lang='lat' dir='ltr'><strong>loci</strong></span> <span class='ocrx_word' id='word_1_475' title='bbox 1642 4349 2046 4446; x_wconf 80' lang='lat' dir='ltr'><strong>statutis&amp;cou1iretudi.</strong></span> 
     </span>
     <span class='ocr_line' id='line_1_40' title="bbox 362 4443 2045 4538; baseline -0.003 -11"><span class='ocrx_word' id='word_1_476' title='bbox 362 4480 432 4532; x_wconf 88' lang='lat' dir='ltr'><strong>uon</strong></span> <span class='ocrx_word' id='word_1_477' title='bbox 454 4449 527 4523; x_wconf 91' lang='lat' dir='ltr'><strong>sunt</strong></span> <span class='ocrx_word' id='word_1_478' title='bbox 545 4452 580 4522; x_wconf 85' lang='lat' dir='ltr'><strong>in</strong></span> <span class='ocrx_word' id='word_1_479' title='bbox 598 4446 697 4538; x_wconf 86' lang='lat' dir='ltr'><strong>culpa</strong></span> <span class='ocrx_word' id='word_1_480' title='bbox 718 4447 845 4518; x_wconf 87' lang='lat' dir='ltr'><strong>ratione</strong></span> <span class='ocrx_word' id='word_1_481' title='bbox 867 4443 1115 4535; x_wconf 84' lang='lat' dir='ltr'><strong>prohibitionis,</strong></span> <span class='ocrx_word' id='word_1_482' title='bbox 1139 4445 1192 4518; x_wconf 85' lang='lat' dir='ltr'><strong>vel</strong></span> <span class='ocrx_word' id='word_1_483' title='bbox 1218 4471 1269 4517; x_wconf 88' lang='lat' dir='ltr'><strong>ne.</strong></span> <span class='ocrx_word' id='word_1_484' title='bbox 1321 4444 1403 4537; x_wconf 88' lang='lat' dir='ltr'><strong>Jure</strong></span> <span class='ocrx_word' id='word_1_485' title='bbox 1433 4446 1522 4516; x_wconf 88' lang='lat' dir='ltr'><strong>civili</strong></span> <span class='ocrx_word' id='word_1_486' title='bbox 1551 4445 1707 4537; x_wconf 74' lang='lat' dir='ltr'><strong>insumite</strong></span> <span class='ocrx_word' id='word_1_487' title='bbox 1735 4473 1847 4519; x_wconf 90' lang='lat' dir='ltr'><strong>notam</strong></span> <span class='ocrx_word' id='word_1_488' title='bbox 1875 4452 2045 4534; x_wconf 88' lang='lat' dir='ltr'><strong>incurrit,</strong></span> 
     </span>
     <span class='ocr_line' id='line_1_41' title="bbox 362 4539 2045 4643; baseline -0.001 -18"><span class='ocrx_word' id='word_1_489' title='bbox 362 4549 609 4643; x_wconf 80' lang='lat' dir='ltr'><strong>negligentiae,</strong></span> <span class='ocrx_word' id='word_1_490' title='bbox 640 4557 676 4620; x_wconf 89' lang='lat'>&amp;</span> <span class='ocrx_word' id='word_1_491' title='bbox 697 4568 808 4618; x_wconf 84' lang='lat' dir='ltr'><strong>tamen</strong></span> <span class='ocrx_word' id='word_1_492' title='bbox 834 4542 932 4618; x_wconf 88' lang='lat' dir='ltr'><strong>liberi</strong></span> <span class='ocrx_word' id='word_1_493' title='bbox 957 4540 1023 4615; x_wconf 83' lang='lat' dir='ltr'><strong>line</strong></span> <span class='ocrx_word' id='word_1_494' title='bbox 1046 4540 1191 4632; x_wconf 86' lang='lat' dir='ltr'><strong>ipsorum</strong></span> <span class='ocrx_word' id='word_1_495' title='bbox 1216 4546 1273 4630; x_wconf 92' lang='lat' dir='ltr'><strong>qui</strong></span> <span class='ocrx_word' id='word_1_496' title='bbox 1288 4539 1389 4615; x_wconf 85' lang='lat' dir='ltr'><strong>filiam</strong></span> <span class='ocrx_word' id='word_1_497' title='bbox 1411 4542 1476 4617; x_wconf 84' lang='lat' dir='ltr'><strong>stne</strong></span> <span class='ocrx_word' id='word_1_498' title='bbox 1490 4545 1577 4642; x_wconf 87' lang='lat' dir='ltr'><strong>jullu</strong></span> <span class='ocrx_word' id='word_1_499' title='bbox 1596 4550 1716 4634; x_wconf 85' lang='lat' dir='ltr'><strong>patris,</strong></span> <span class='ocrx_word' id='word_1_500' title='bbox 1739 4551 1772 4618; x_wconf 90' lang='lat' dir='ltr'><strong>in</strong></span> <span class='ocrx_word' id='word_1_501' title='bbox 1793 4558 1885 4635; x_wconf 88' lang='lat' dir='ltr'><strong>cujus</strong></span> <span class='ocrx_word' id='word_1_502' title='bbox 1903 4554 2045 4638; x_wconf 84' lang='lat' dir='ltr'><strong>potesta·</strong></span> 
     </span>
     <span class='ocr_line' id='line_1_42' title="bbox 363 4626 2044 4743; baseline 0.002 -21"><span class='ocrx_word' id='word_1_503' title='bbox 363 4626 522 4728; x_wconf 85' lang='lat' dir='ltr'><strong>consensu</strong></span> <span class='ocrx_word' id='word_1_504' title='bbox 538 4664 793 4730; x_wconf 64' lang='lat' dir='ltr'><strong>contruxerunt,</strong></span> <span class='ocrx_word' id='word_1_505' title='bbox 814 4651 850 4717; x_wconf 80' lang='grc' dir='ltr'><em>δι</em></span> <span class='ocrx_word' id='word_1_506' title='bbox 865 4645 936 4717; x_wconf 88' lang='lat' dir='ltr'><strong>dic:</strong></span> <span class='ocrx_word' id='word_1_507' title='bbox 987 4648 1056 4714; x_wconf 87' lang='lat' dir='ltr'><strong>Aut</strong></span> <span class='ocrx_word' id='word_1_508' title='bbox 1069 4667 1191 4740; x_wconf 82' lang='lat' dir='ltr'><strong>poren-</strong></span> <span class='ocrx_word' id='word_1_509' title='bbox 1217 4664 1250 4714; x_wconf 88' lang='lat' dir='ltr'><strong>te</strong></span> <span class='ocrx_word' id='word_1_510' title='bbox 1268 4645 1330 4726; x_wconf 84' lang='lat' dir='ltr'><strong>esi,</strong></span> <span class='ocrx_word' id='word_1_511' title='bbox 1355 4668 1491 4714; x_wconf 82' lang='lat' dir='ltr'><strong>uxorem</strong></span> <span class='ocrx_word' id='word_1_512' title='bbox 1513 4648 1614 4717; x_wconf 88' lang='lat' dir='ltr'><strong>ducit.</strong></span> <span class='ocrx_word' id='word_1_513' title='bbox 1634 4646 1658 4734; x_wconf 72' lang='lat' dir='ltr'><strong>l,</strong></span> <span class='ocrx_word' id='word_1_514' title='bbox 1682 4669 1736 4721; x_wconf 75' lang='grc' dir='ltr'><em>ιι.</em></span> <span class='ocrx_word' id='word_1_515' title='bbox 1757 4646 1796 4716; x_wconf 83' lang='lat' dir='ltr'><strong>dr</strong></span> <span class='ocrx_word' id='word_1_516' title='bbox 1818 4647 1871 4720; x_wconf 81' lang='lat' dir='ltr'><strong>stis</strong></span> <span class='ocrx_word' id='word_1_517' title='bbox 1892 4650 1950 4743; x_wconf 81' lang='lat' dir='ltr'><strong>qui</strong></span> <span class='ocrx_word' id='word_1_518' title='bbox 1973 4661 2044 4725; x_wconf 78' lang='lat' dir='ltr'><strong>not.</strong></span> 
     </span>
    </p>
   </div>
   <div class='ocr_carea' id='block_1_5' title="bbox 243 4739 2043 4840">
    <p class='ocr_par' dir='ltr' id='par_1_5' title="bbox 243 4739 2043 4840">
     <span class='ocr_line' id='line_1_43' title="bbox 243 4739 2043 4840; baseline 0.009 -34"><span class='ocrx_word' id='word_1_519' title='bbox 243 4789 246 4794; x_wconf 49' lang='lat'>&gt;</span> <span class='ocrx_word' id='word_1_520' title='bbox 295 4789 301 4794; x_wconf 84' lang='lat'>-</span> <span class='ocrx_word' id='word_1_521' title='bbox 364 4761 413 4840; x_wconf 68' lang='lat' dir='ltr'><strong>m</strong></span> <span class='ocrx_word' id='word_1_522' title='bbox 427 4754 555 4830; x_wconf 71' lang='lat' dir='ltr'><strong>tacent,</strong></span> <span class='ocrx_word' id='word_1_523' title='bbox 578 4767 641 4820; x_wconf 76' lang='lat' dir='ltr'><strong>nec</strong></span> <span class='ocrx_word' id='word_1_524' title='bbox 655 4748 853 4835; x_wconf 80' lang='lat' dir='ltr'><strong>impugnant</strong></span> <span class='ocrx_word' id='word_1_525' title='bbox 866 4741 1034 4831; x_wconf 81' lang='lat' dir='ltr'><strong>expresse,</strong></span> <span class='ocrx_word' id='word_1_526' title='bbox 1059 4753 1191 4830; x_wconf 87' lang='lat' dir='ltr'><strong>&amp;quo-</strong></span> <span class='ocrx_word' id='word_1_527' title='bbox 1217 4739 1339 4835; x_wconf 82' lang='lat' dir='ltr'><strong>insum.</strong></span> <span class='ocrx_word' id='word_1_528' title='bbox 1392 4739 2043 4825; x_wconf 73' lang='lat' dir='ltr'><strong>lnconstitecclelelestoralisol.tto.</strong></span> 
     </span>
    </p>
   </div>
   <div class='ocr_carea' id='block_1_6' title="bbox 272 4835 2047 5325">
    <p class='ocr_par' dir='ltr' id='par_1_6' title="bbox 272 4835 2047 5325">
     <span class='ocr_line' id='line_1_44' title="bbox 272 4835 2043 4940; baseline 0.003 -23"><span class='ocrx_word' id='word_1_529' title='bbox 272 4848 275 4853; x_wconf 79' lang='grc'><strong>’</strong></span> <span class='ocrx_word' id='word_1_530' title='bbox 363 4874 429 4940; x_wconf 84' lang='lat' dir='ltr'><strong>que</strong></span> <span class='ocrx_word' id='word_1_531' title='bbox 452 4843 540 4918; x_wconf 80' lang='lat' dir='ltr'><strong>velet</strong></span> <span class='ocrx_word' id='word_1_532' title='bbox 556 4844 807 4940; x_wconf 79' lang='lat' dir='ltr'><strong>matrimonium</strong></span> <span class='ocrx_word' id='word_1_533' title='bbox 821 4835 1000 4913; x_wconf 82' lang='lat' dir='ltr'><strong>seeundum</strong></span> <span class='ocrx_word' id='word_1_534' title='bbox 1022 4848 1190 4932; x_wconf 75' lang='lat' dir='ltr'><strong>utrosque.</strong></span> <span class='ocrx_word' id='word_1_535' title='bbox 1218 4841 1410 4936; x_wconf 87' lang='lat' dir='ltr'><strong>parentibus</strong></span> <span class='ocrx_word' id='word_1_536' title='bbox 1435 4846 1647 4922; x_wconf 82' lang='lat' dir='ltr'><strong>conceditur,</strong></span> <span class='ocrx_word' id='word_1_537' title='bbox 1675 4846 1842 4939; x_wconf 77' lang='lat' dir='ltr'><strong>utqueod</strong></span> <span class='ocrx_word' id='word_1_538' title='bbox 1853 4848 2043 4922; x_wconf 75' lang='lat' dir='ltr'><strong>dimidium</strong></span> 
     </span>
     <span class='ocr_line' id='line_1_45' title="bbox 314 4935 2044 5038; baseline 0.001 -20"><span class='ocrx_word' id='word_1_539' title='bbox 314 4991 315 4996; x_wconf 65' lang='lat'><strong>,</strong></span> <span class='ocrx_word' id='word_1_540' title='bbox 367 4956 435 5024; x_wconf 71' lang='lat' dir='ltr'><strong>Ant</strong></span> <span class='ocrx_word' id='word_1_541' title='bbox 449 4965 601 5038; x_wconf 79' lang='lat' dir='ltr'><strong>parentet</strong></span> <span class='ocrx_word' id='word_1_542' title='bbox 616 4966 684 5018; x_wconf 89' lang='lat' dir='ltr'><strong>non</strong></span> <span class='ocrx_word' id='word_1_543' title='bbox 698 4961 829 5022; x_wconf 84' lang='lat' dir='ltr'><strong>tacent,</strong></span> <span class='ocrx_word' id='word_1_544' title='bbox 847 4935 911 5036; x_wconf 79' lang='lat' dir='ltr'><strong>scd,</strong></span> <span class='ocrx_word' id='word_1_545' title='bbox 930 4940 1141 5036; x_wconf 77' lang='lat' dir='ltr'><strong>impugnant,</strong></span> <span class='ocrx_word' id='word_1_546' title='bbox 1157 4953 1192 5016; x_wconf 62' lang='grc' dir='ltr'><strong>δι</strong></span> <span class='ocrx_word' id='word_1_547' title='bbox 1216 4952 1350 5036; x_wconf 76' lang='lat' dir='ltr'><strong>portem,</strong></span> <span class='ocrx_word' id='word_1_548' title='bbox 1361 4940 1540 5036; x_wconf 80' lang='lat' dir='ltr'><strong>legiriurae,</strong></span> <span class='ocrx_word' id='word_1_549' title='bbox 1565 4941 1731 5013; x_wconf 77' lang='lat' dir='ltr'><strong>ueletiam</strong></span> <span class='ocrx_word' id='word_1_550' title='bbox 1753 4971 1816 5033; x_wconf 87' lang='lat' dir='ltr'><strong>pro</strong></span> <span class='ocrx_word' id='word_1_551' title='bbox 1833 4937 1960 5020; x_wconf 85' lang='lat' dir='ltr'><strong>ratione</strong></span> <span class='ocrx_word' id='word_1_552' title='bbox 1978 4951 2044 5020; x_wconf 91' lang='lat' dir='ltr'><strong>cir-</strong></span> 
     </span>
     <span class='ocr_line' id='line_1_46' title="bbox 363 5037 2044 5134; baseline -0.002 -12"><span class='ocrx_word' id='word_1_553' title='bbox 363 5071 444 5122; x_wconf 87' lang='lat' dir='ltr'><strong>tunc</strong></span> <span class='ocrx_word' id='word_1_554' title='bbox 474 5067 531 5116; x_wconf 83' lang='lat' dir='ltr'><strong>aut</strong></span> <span class='ocrx_word' id='word_1_555' title='bbox 560 5068 644 5134; x_wconf 89' lang='lat' dir='ltr'><strong>puer</strong></span> <span class='ocrx_word' id='word_1_556' title='bbox 667 5037 859 5118; x_wconf 80' lang='lat' dir='ltr'><strong>inobediens</strong></span> <span class='ocrx_word' id='word_1_557' title='bbox 885 5044 957 5130; x_wconf 79' lang='lat' dir='ltr'><strong>posi</strong></span> <span class='ocrx_word' id='word_1_558' title='bbox 983 5047 1190 5113; x_wconf 64' lang='lat' dir='ltr'><strong>contrarium</strong></span> <span class='ocrx_word' id='word_1_559' title='bbox 1216 5044 1483 5120; x_wconf 80' lang='lat' dir='ltr'><strong>cumhanttarum</strong></span> <span class='ocrx_word' id='word_1_560' title='bbox 1508 5041 1663 5114; x_wconf 74' lang='lat' dir='ltr'><strong>totaliter</strong></span> <span class='ocrx_word' id='word_1_561' title='bbox 1696 5042 1775 5114; x_wconf 85' lang='lat' dir='ltr'><strong>toles</strong></span> <span class='ocrx_word' id='word_1_562' title='bbox 1806 5044 1952 5127; x_wconf 88' lang='lat' dir='ltr'><strong>liberos,</strong></span> <span class='ocrx_word' id='word_1_563' title='bbox 1984 5050 2044 5134; x_wconf 91' lang='lat' dir='ltr'><strong>qui</strong></span> 
     </span>
     <span class='ocr_line' id='line_1_47' title="bbox 355 5137 2045 5249; baseline -0.001 -27"><span class='ocrx_word' id='word_1_564' title='bbox 355 5144 549 5249; x_wconf 77' lang='lat' dir='ltr'><strong>perseverat</strong></span> <span class='ocrx_word' id='word_1_565' title='bbox 564 5139 883 5244; x_wconf 63' lang='lat' dir='ltr'><strong>ihs¹⁴⁰l²f⁰l²⁰fii⁰a</strong></span> <span class='ocrx_word' id='word_1_566' title='bbox 908 5150 945 5242; x_wconf 68' lang='lat' dir='ltr'><strong>dt</strong></span> <span class='ocrx_word' id='word_1_567' title='bbox 968 5161 1048 5215; x_wconf 89' lang='lat' dir='ltr'><strong>tunc</strong></span> <span class='ocrx_word' id='word_1_568' title='bbox 1070 5139 1191 5230; x_wconf 81' lang='lat' dir='ltr'><strong>fima-</strong></span> <span class='ocrx_word' id='word_1_569' title='bbox 1214 5139 1340 5236; x_wconf 76' lang='lat' dir='ltr'><strong>absque</strong></span> <span class='ocrx_word' id='word_1_570' title='bbox 1355 5166 1472 5216; x_wconf 86' lang='lat' dir='ltr'><strong>eorum</strong></span> <span class='ocrx_word' id='word_1_571' title='bbox 1487 5137 1643 5230; x_wconf 84' lang='lat' dir='ltr'><strong>consensu</strong></span> <span class='ocrx_word' id='word_1_572' title='bbox 1655 5148 1904 5218; x_wconf 73' lang='lat' dir='ltr'><strong>matrimonium</strong></span> <span class='ocrx_word' id='word_1_573' title='bbox 1917 5149 2045 5234; x_wconf 86' lang='lat' dir='ltr'><strong>ineunt,</strong></span> 
     </span>
     <span class='ocr_line' id='line_1_48' title="bbox 1935 5247 2047 5325; baseline 0.054 -6"><span class='ocrx_word' id='word_1_574' title='bbox 1935 5247 2047 5325; x_wconf 80' lang='lat' dir='ltr'><strong>rxhae·</strong></span> 
     </span>
    </p>
   </div>
   <div class='ocr_carea' id='block_1_7' title="bbox 0 0 2446 5984">
    <p class='ocr_par' dir='ltr' id='par_1_7' title="bbox 0 0 2446 5984">
     <span class='ocr_line' id='line_1_49' title="bbox 0 0 2446 5984; baseline 0 7"><span class='ocrx_word' id='word_1_575' title='bbox 0 0 2446 5984; x_wconf 95' lang='lat' dir='ltr'><strong> </strong></span> 
     </span>
    </p>
   </div>
  </div>
 </body>
</html>
