<?xml version="1.0" encoding="UTF-8"?>
<!DOCTYPE html PUBLIC "-//W3C//DTD XHTML 1.0 Transitional//EN"
    "http://www.w3.org/TR/xhtml1/DTD/xhtml1-transitional.dtd">
<html xmlns="http://www.w3.org/1999/xhtml" xml:lang="en" lang="en">
 <head>
  <title>
</title>
<meta http-equiv="Content-Type" content="text/html;charset=utf-8" />
  <meta name='ocr-system' content='tesseract 3.04.00' />
  <meta name='ocr-capabilities' content='ocr_page ocr_carea ocr_par ocr_line ocrx_word'/>
</head>
<body>
  <div class='ocr_page' id='page_1' title='image "./locitheologicic06cottgoog_0646.png"; bbox 0 0 4884 5984; ppageno 0'>
   <div class='ocr_carea' id='block_1_1' title="bbox 542 509 1936 612">
    <p class='ocr_par' dir='ltr' id='par_1_1' title="bbox 542 509 1936 612">
     <span class='ocr_line' id='line_1_1' title="bbox 542 509 1936 612; baseline -0.001 -22"><span class='ocrx_word' id='word_1_1' title='bbox 542 527 608 612; x_wconf 68' lang='lat' dir='ltr'>tn</span> <span class='ocrx_word' id='word_1_2' title='bbox 769 511 921 588; x_wconf 74' lang='lat' dir='ltr'>locvs</span> <span class='ocrx_word' id='word_1_3' title='bbox 934 513 1058 588; x_wconf 77' lang='lat' dir='ltr'>XXVl.</span> <span class='ocrx_word' id='word_1_4' title='bbox 1073 509 1238 588; x_wconf 65' lang='lat' dir='ltr'>&#39;CAPVT</span> <span class='ocrx_word' id='word_1_5' title='bbox 1252 513 1296 584; x_wconf 82' lang='lat' dir='ltr'>X.</span> <span class='ocrx_word' id='word_1_6' title='bbox 1320 513 1446 588; x_wconf 80' lang='lat' dir='ltr'><strong>SECT.</strong></span> <span class='ocrx_word' id='word_1_7' title='bbox 1468 517 1526 586; x_wconf 93' lang='lat' dir='ltr'>lil.</span> <span class='ocrx_word' id='word_1_8' title='bbox 1554 515 1661 588; x_wconf 70' lang='grc' dir='ltr'><strong>ΛΚΤ.</strong></span> <span class='ocrx_word' id='word_1_9' title='bbox 1679 517 1721 587; x_wconf 89' lang='lat' dir='ltr'>ll.</span> <span class='ocrx_word' id='word_1_10' title='bbox 1748 513 1892 592; x_wconf 76' lang='lat' dir='ltr'>Mente.</span> <span class='ocrx_word' id='word_1_11' title='bbox 1909 521 1936 589; x_wconf 86' lang='lat' dir='ltr'>l.</span> 
     </span>
    </p>
   </div>
   <div class='ocr_carea' id='block_1_2' title="bbox 541 700 2224 2783">
    <p class='ocr_par' dir='ltr' id='par_1_2' title="bbox 541 700 2224 1499">
     <span class='ocr_line' id='line_1_2' title="bbox 546 700 2171 808; baseline -0.001 -22"><span class='ocrx_word' id='word_1_12' title='bbox 546 719 604 786; x_wconf 76' lang='lat' dir='ltr'>tur</span> <span class='ocrx_word' id='word_1_13' title='bbox 632 710 776 786; x_wconf 82' lang='lat' dir='ltr'>moritur</span> <span class='ocrx_word' id='word_1_14' title='bbox 807 733 880 785; x_wconf 84' lang='lat' dir='ltr'>eom</span> <span class='ocrx_word' id='word_1_15' title='bbox 911 708 1087 788; x_wconf 82' lang='lat' dir='ltr'>eiicienr&#39;d.</span> <span class='ocrx_word' id='word_1_16' title='bbox 1111 709 1270 808; x_wconf 78' lang='lat' dir='ltr'>quonium</span> <span class='ocrx_word' id='word_1_17' title='bbox 1292 709 1348 784; x_wconf 85' lang='lat' dir='ltr'>iic</span> <span class='ocrx_word' id='word_1_18' title='bbox 1369 709 1492 785; x_wconf 85' lang='lat' dir='ltr'>bimur.</span> <span class='ocrx_word' id='word_1_19' title='bbox 1548 713 1716 800; x_wconf 72' lang='lat' dir='ltr'>Scriptura</span> <span class='ocrx_word' id='word_1_20' title='bbox 1731 719 1766 784; x_wconf 80' lang='lat' dir='ltr'>dc</span> <span class='ocrx_word' id='word_1_21' title='bbox 1781 703 1975 782; x_wconf 77' lang='lat' dir='ltr'>Ambrosius</span> <span class='ocrx_word' id='word_1_22' title='bbox 1987 700 2059 796; x_wconf 85' lang='lat' dir='ltr'>ipse</span> <span class='ocrx_word' id='word_1_23' title='bbox 2075 705 2135 786; x_wconf 89' lang='lat' dir='ltr'>lib.</span> <span class='ocrx_word' id='word_1_24' title='bbox 2147 715 2171 786; x_wconf 87' lang='lat' dir='ltr'>l.</span> 
     </span>
     <span class='ocr_line' id='line_1_3' title="bbox 547 803 2224 912; baseline 0 -29"><span class='ocrx_word' id='word_1_25' title='bbox 547 808 679 908; x_wconf 77' lang='lat' dir='ltr'>quidem</span> <span class='ocrx_word' id='word_1_26' title='bbox 688 811 766 908; x_wconf 83' lang='lat' dir='ltr'>spec</span> <span class='ocrx_word' id='word_1_27' title='bbox 781 814 842 912; x_wconf 77' lang='lat' dir='ltr'>est,</span> <span class='ocrx_word' id='word_1_28' title='bbox 860 811 941 908; x_wconf 87' lang='lat' dir='ltr'>sore</span> <span class='ocrx_word' id='word_1_29' title='bbox 961 825 1001 884; x_wconf 84' lang='lat' dir='ltr'>nt</span> <span class='ocrx_word' id='word_1_30' title='bbox 1015 833 1074 905; x_wconf 81' lang='lat' dir='ltr'>prr</span> <span class='ocrx_word' id='word_1_31' title='bbox 1092 811 1346 884; x_wconf 69' lang='lat' dir='ltr'>matrimonium</span> <span class='ocrx_word' id='word_1_32' title='bbox 1370 814 1413 884; x_wconf 85' lang='lat' dir='ltr'>de</span> <span class='ocrx_word' id='word_1_33' title='bbox 1438 808 1626 886; x_wconf 79' lang='lat' dir='ltr'>Abrehrmo</span> <span class='ocrx_word' id='word_1_34' title='bbox 1648 834 1720 898; x_wconf 79' lang='lat' dir='ltr'>cap.</span> <span class='ocrx_word' id='word_1_35' title='bbox 1742 815 1798 882; x_wconf 80' lang='lat' dir='ltr'>lv.</span> <span class='ocrx_word' id='word_1_36' title='bbox 1828 803 1954 904; x_wconf 80' lang='lat' dir='ltr'>ecquale</span> <span class='ocrx_word' id='word_1_37' title='bbox 1979 805 2034 896; x_wconf 83' lang='lat' dir='ltr'>ires</span> <span class='ocrx_word' id='word_1_38' title='bbox 2054 811 2174 882; x_wconf 86' lang='lat' dir='ltr'>utriur·</span> <span class='ocrx_word' id='word_1_39' title='bbox 2221 879 2224 908; x_wconf 54' lang='grc'>1</span> 
     </span>
     <span class='ocr_line' id='line_1_4' title="bbox 545 901 2171 1010; baseline -0.001 -28"><span class='ocrx_word' id='word_1_40' title='bbox 545 907 648 1008; x_wconf 81' lang='lat' dir='ltr'>[aluo</span> <span class='ocrx_word' id='word_1_41' title='bbox 658 911 816 1010; x_wconf 77' lang='lat' dir='ltr'>fitpors,</span> <span class='ocrx_word' id='word_1_42' title='bbox 842 911 1043 1008; x_wconf 77' lang='lat' dir='ltr'>qnaepcriii,</span> <span class='ocrx_word' id='word_1_43' title='bbox 1065 909 1262 984; x_wconf 74' lang='lat' dir='ltr'>illicientem</span> <span class='ocrx_word' id='word_1_44' title='bbox 1278 910 1347 981; x_wconf 84' lang='lat' dir='ltr'>iarn</span> <span class='ocrx_word' id='word_1_45' title='bbox 1371 933 1436 998; x_wconf 80' lang='lat' dir='ltr'>que</span> <span class='ocrx_word' id='word_1_46' title='bbox 1464 903 1839 1000; x_wconf 69' lang='lat' dir='ltr'>coniugimgnoseunr.</span> <span class='ocrx_word' id='word_1_47' title='bbox 1915 901 1989 978; x_wconf 88' lang='lat' dir='ltr'>Vos</span> <span class='ocrx_word' id='word_1_48' title='bbox 2010 903 2171 1002; x_wconf 84' lang='lat' dir='ltr'>(inquit)</span> 
     </span>
     <span class='ocr_line' id='line_1_5' title="bbox 541 999 2171 1112; baseline -0.001 -32"><span class='ocrx_word' id='word_1_49' title='bbox 541 1003 696 1108; x_wconf 72' lang='lat' dir='ltr'>filetum</span> <span class='ocrx_word' id='word_1_50' title='bbox 720 1012 1046 1112; x_wconf 76' lang='lat' dir='ltr'>estmaerimonrn.</span> <span class='ocrx_word' id='word_1_51' title='bbox 1097 1007 1177 1110; x_wconf 82' lang='lat' dir='ltr'>Pofl</span> <span class='ocrx_word' id='word_1_52' title='bbox 1191 1009 1345 1104; x_wconf 83' lang='lat' dir='ltr'>fornico·</span> <span class='ocrx_word' id='word_1_53' title='bbox 1373 1031 1486 1082; x_wconf 86' lang='lat' dir='ltr'>moneo</span> <span class='ocrx_word' id='word_1_54' title='bbox 1515 1008 1610 1089; x_wconf 86' lang='lat' dir='ltr'>viri,</span> <span class='ocrx_word' id='word_1_55' title='bbox 1650 1031 1716 1080; x_wconf 90' lang='lat' dir='ltr'>non</span> <span class='ocrx_word' id='word_1_56' title='bbox 1743 999 1953 1101; x_wconf 62' lang='lat' dir='ltr'>commisceri</span> <span class='ocrx_word' id='word_1_57' title='bbox 1981 1003 2171 1078; x_wconf 78' lang='lat' dir='ltr'>adulterino</span> 
     </span>
     <span class='ocr_line' id='line_1_6' title="bbox 548 1101 2171 1228; baseline -0.002 -47"><span class='ocrx_word' id='word_1_58' title='bbox 548 1107 675 1182; x_wconf 85' lang='lat' dir='ltr'>tionem</span> <span class='ocrx_word' id='word_1_59' title='bbox 700 1112 844 1184; x_wconf 79' lang='lat' dir='ltr'>moritur</span> <span class='ocrx_word' id='word_1_60' title='bbox 866 1113 992 1228; x_wconf 72' lang='lat' dir='ltr'>nonest</span> <span class='ocrx_word' id='word_1_61' title='bbox 1013 1109 1174 1194; x_wconf 77' lang='lat' dir='ltr'>moritus,</span> <span class='ocrx_word' id='word_1_62' title='bbox 1197 1106 1262 1206; x_wconf 86' lang='lat' dir='ltr'>sed</span> <span class='ocrx_word' id='word_1_63' title='bbox 1279 1133 1350 1181; x_wconf 83' lang='lat' dir='ltr'>rnn-</span> <span class='ocrx_word' id='word_1_64' title='bbox 1374 1108 1507 1206; x_wconf 83' lang='lat' dir='ltr'>corpori</span> <span class='ocrx_word' id='word_1_65' title='bbox 1514 1163 1522 1192; x_wconf 93' lang='lat'>,</span> <span class='ocrx_word' id='word_1_66' title='bbox 1554 1129 1611 1180; x_wconf 87' lang='lat' dir='ltr'>nrc</span> <span class='ocrx_word' id='word_1_67' title='bbox 1629 1105 1710 1182; x_wconf 87' lang='lat' dir='ltr'>dore</span> <span class='ocrx_word' id='word_1_68' title='bbox 1732 1105 1817 1180; x_wconf 81' lang='lat' dir='ltr'>lonc</span> <span class='ocrx_word' id='word_1_69' title='bbox 1840 1104 2040 1202; x_wconf 83' lang='lat' dir='ltr'>occastonenr</span> <span class='ocrx_word' id='word_1_70' title='bbox 2058 1101 2171 1178; x_wconf 83' lang='lat' dir='ltr'>diuue-</span> 
     </span>
     <span class='ocr_line' id='line_1_7' title="bbox 551 1203 2173 1307; baseline -0.001 -27"><span class='ocrx_word' id='word_1_71' title='bbox 551 1203 636 1290; x_wconf 83' lang='lat' dir='ltr'>lice,</span> <span class='ocrx_word' id='word_1_72' title='bbox 657 1208 790 1307; x_wconf 81' lang='lat' dir='ltr'>licetstt</span> <span class='ocrx_word' id='word_1_73' title='bbox 808 1208 938 1284; x_wconf 85' lang='lat' dir='ltr'>cultrix</span> <span class='ocrx_word' id='word_1_74' title='bbox 955 1209 1143 1294; x_wconf 78' lang='lat' dir='ltr'>idolorum,</span> <span class='ocrx_word' id='word_1_75' title='bbox 1169 1233 1235 1282; x_wconf 86' lang='lat' dir='ltr'>nun</span> <span class='ocrx_word' id='word_1_76' title='bbox 1251 1209 1353 1282; x_wconf 87' lang='lat' dir='ltr'>omit·</span> <span class='ocrx_word' id='word_1_77' title='bbox 1376 1209 1420 1282; x_wconf 86' lang='lat' dir='ltr'>tii</span> <span class='ocrx_word' id='word_1_78' title='bbox 1436 1205 1638 1282; x_wconf 84' lang='lat' dir='ltr'>mulieribus.</span> <span class='ocrx_word' id='word_1_79' title='bbox 1690 1207 1906 1280; x_wconf 81' lang='lat' dir='ltr'>Belltrminus</span> <span class='ocrx_word' id='word_1_80' title='bbox 1925 1204 2038 1292; x_wconf 87' lang='lat' dir='ltr'>neutri</span> <span class='ocrx_word' id='word_1_81' title='bbox 2058 1225 2173 1280; x_wconf 85' lang='lat' dir='ltr'>conce·</span> 
     </span>
     <span class='ocr_line' id='line_1_8' title="bbox 550 1303 1965 1398; baseline -0.004 -19"><span class='ocrx_word' id='word_1_82' title='bbox 550 1307 599 1379; x_wconf 86' lang='lat' dir='ltr'>tit</span> <span class='ocrx_word' id='word_1_83' title='bbox 616 1307 669 1383; x_wconf 88' lang='lat' dir='ltr'>ius</span> <span class='ocrx_word' id='word_1_84' title='bbox 687 1311 815 1382; x_wconf 81' lang='lat' dir='ltr'>mariti.</span> <span class='ocrx_word' id='word_1_85' title='bbox 867 1315 914 1382; x_wconf 82' lang='lat' dir='ltr'>Ex</span> <span class='ocrx_word' id='word_1_86' title='bbox 937 1310 987 1380; x_wconf 83' lang='lat' dir='ltr'>his</span> <span class='ocrx_word' id='word_1_87' title='bbox 1007 1303 1074 1382; x_wconf 88' lang='lat' dir='ltr'>sole</span> <span class='ocrx_word' id='word_1_88' title='bbox 1092 1307 1210 1380; x_wconf 75' lang='lat' dir='ltr'>clarius</span> <span class='ocrx_word' id='word_1_89' title='bbox 1227 1309 1354 1389; x_wconf 85' lang='lat' dir='ltr'>elucet,</span> <span class='ocrx_word' id='word_1_90' title='bbox 1377 1310 1426 1382; x_wconf 92' lang='lat' dir='ltr'>dit</span> <span class='ocrx_word' id='word_1_91' title='bbox 1443 1311 1523 1381; x_wconf 85' lang='lat' dir='ltr'>nori</span> <span class='ocrx_word' id='word_1_92' title='bbox 1539 1307 1742 1380; x_wconf 84' lang='lat' dir='ltr'>matrimonii</span> <span class='ocrx_word' id='word_1_93' title='bbox 1759 1304 1965 1398; x_wconf 81' lang='lat' dir='ltr'>potestatem.</span> 
     </span>
     <span class='ocr_line' id='line_1_9' title="bbox 552 1403 2016 1499; baseline 0 -17"><span class='ocrx_word' id='word_1_94' title='bbox 552 1403 824 1490; x_wconf 69' lang='lat' dir='ltr'>chrysostomum</span> <span class='ocrx_word' id='word_1_95' title='bbox 832 1403 959 1480; x_wconf 78' lang='lat' dir='ltr'>trusum</span> <span class='ocrx_word' id='word_1_96' title='bbox 970 1404 1357 1499; x_wconf 79' lang='lat' dir='ltr'>fornicetiorricseiunge·</span> <span class='ocrx_word' id='word_1_97' title='bbox 1562 1447 1564 1458; x_wconf 86' lang='grc'><em>·</em></span> <span class='ocrx_word' id='word_1_98' title='bbox 1864 1459 1867 1464; x_wconf 92' lang='grc'>-</span> <span class='ocrx_word' id='word_1_99' title='bbox 1959 1437 1961 1442; x_wconf 95' lang='grc'><strong><em>·</em></strong></span> <span class='ocrx_word' id='word_1_100' title='bbox 1996 1449 2016 1482; x_wconf 58' lang='lat' dir='ltr'><em>a</em></span> 
     </span>
    </p>

    <p class='ocr_par' dir='ltr' id='par_1_3' title="bbox 545 1499 2177 2094">
     <span class='ocr_line' id='line_1_10' title="bbox 551 1499 2176 1599; baseline 0.008 -26"><span class='ocrx_word' id='word_1_101' title='bbox 551 1504 649 1575; x_wconf 83' lang='lat' dir='ltr'>reeb</span> <span class='ocrx_word' id='word_1_102' title='bbox 664 1504 747 1592; x_wconf 84' lang='lat' dir='ltr'>illis,</span> <span class='ocrx_word' id='word_1_103' title='bbox 772 1529 914 1596; x_wconf 89' lang='lat' dir='ltr'>propter</span> <span class='ocrx_word' id='word_1_104' title='bbox 926 1529 1005 1596; x_wconf 81' lang='lat' dir='ltr'>quer</span> <span class='ocrx_word' id='word_1_105' title='bbox 1019 1503 1184 1595; x_wconf 80' lang='lat' dir='ltr'>rpellolus</span> <span class='ocrx_word' id='word_1_106' title='bbox 1197 1503 1357 1596; x_wconf 87' lang='lat' dir='ltr'>prohibet</span> <span class='ocrx_word' id='word_1_107' title='bbox 1453 1516 1481 1592; x_wconf 69' lang='grc' dir='ltr'>ς.</span> <span class='ocrx_word' id='word_1_108' title='bbox 1496 1499 1919 1599; x_wconf 65' lang='grc' dir='ltr'>ὓῑΧΧΙΙΛΙιιωαιςιι-</span> <span class='ocrx_word' id='word_1_109' title='bbox 1967 1517 2031 1596; x_wconf 89' lang='lat'>11.)</span> <span class='ocrx_word' id='word_1_110' title='bbox 2047 1517 2107 1584; x_wconf 78' lang='lat' dir='ltr'>Ex</span> <span class='ocrx_word' id='word_1_111' title='bbox 2124 1535 2176 1588; x_wconf 86' lang='lat' dir='ltr'>rc·</span> 
     </span>
     <span class='ocr_line' id='line_1_11' title="bbox 551 1599 2175 1694; baseline 0.002 -22"><span class='ocrx_word' id='word_1_112' title='bbox 551 1599 729 1676; x_wconf 86' lang='lat' dir='ltr'>mulierem</span> <span class='ocrx_word' id='word_1_113' title='bbox 759 1629 778 1676; x_wconf 81' lang='lat' dir='ltr'>o</span> <span class='ocrx_word' id='word_1_114' title='bbox 811 1607 883 1678; x_wconf 83' lang='lat' dir='ltr'>niro</span> <span class='ocrx_word' id='word_1_115' title='bbox 911 1601 1088 1677; x_wconf 65' lang='lat' dir='ltr'>discederet</span> <span class='ocrx_word' id='word_1_116' title='bbox 1106 1607 1134 1668; x_wconf 75' lang='lat' dir='ltr'>&#39;u</span> <span class='ocrx_word' id='word_1_117' title='bbox 1150 1609 1280 1680; x_wconf 77' lang='lat' dir='ltr'>&#39;Eodem</span> <span class='ocrx_word' id='word_1_118' title='bbox 1306 1605 1354 1677; x_wconf 82' lang='lat' dir='ltr'>eli</span> <span class='ocrx_word' id='word_1_119' title='bbox 1376 1625 1567 1675; x_wconf 86' lang='lat' dir='ltr'>mentorum</span> <span class='ocrx_word' id='word_1_120' title='bbox 1599 1605 1788 1676; x_wconf 78' lang='lat' dir='ltr'>nostrorum</span> <span class='ocrx_word' id='word_1_121' title='bbox 1814 1601 1918 1678; x_wconf 81' lang='lat' dir='ltr'>clrllir</span> <span class='ocrx_word' id='word_1_122' title='bbox 1969 1603 2088 1664; x_wconf 65' lang='lat' dir='ltr'>‘ivm</span> <span class='ocrx_word' id='word_1_123' title='bbox 2105 1619 2175 1694; x_wconf 59' lang='lat' dir='ltr'>‚w</span> 
     </span>
     <span class='ocr_line' id='line_1_12' title="bbox 547 1687 2136 1793; baseline 0.003 -22"><span class='ocrx_word' id='word_1_124' title='bbox 547 1697 818 1788; x_wconf 70' lang='lat' dir='ltr'>Theophytaui,</span> <span class='ocrx_word' id='word_1_125' title='bbox 852 1704 911 1792; x_wconf 89' lang='lat' dir='ltr'>qui</span> <span class='ocrx_word' id='word_1_126' title='bbox 932 1697 1157 1788; x_wconf 78' lang='lat' dir='ltr'>chrysostomi</span> <span class='ocrx_word' id='word_1_127' title='bbox 1181 1702 1352 1774; x_wconf 81' lang='lat' dir='ltr'>edbrenie·</span> <span class='ocrx_word' id='word_1_128' title='bbox 1376 1703 1504 1774; x_wconf 82' lang='lat' dir='ltr'>constet</span> <span class='ocrx_word' id='word_1_129' title='bbox 1520 1724 1563 1773; x_wconf 86' lang='lat' dir='ltr'>ex</span> <span class='ocrx_word' id='word_1_130' title='bbox 1585 1701 1799 1789; x_wconf 85' lang='lat' dir='ltr'>rationibus,-</span> <span class='ocrx_word' id='word_1_131' title='bbox 1837 1728 1920 1793; x_wconf 84' lang='lat' dir='ltr'>qut·</span> <span class='ocrx_word' id='word_1_132' title='bbox 2014 1687 2136 1756; x_wconf 51' lang='grc' dir='ltr'>Μ’·</span> 
     </span>
     <span class='ocr_line' id='line_1_13' title="bbox 554 1757 2177 1902; baseline 0.004 -33"><span class='ocrx_word' id='word_1_133' title='bbox 554 1815 609 1870; x_wconf 87' lang='lat' dir='ltr'>tor</span> <span class='ocrx_word' id='word_1_134' title='bbox 633 1803 699 1880; x_wconf 89' lang='lat' dir='ltr'>est,</span> <span class='ocrx_word' id='word_1_135' title='bbox 732 1795 909 1885; x_wconf 82' lang='lat' dir='ltr'>sententie,</span> <span class='ocrx_word' id='word_1_136' title='bbox 945 1825 983 1872; x_wconf 81' lang='lat' dir='ltr'>nc</span> <span class='ocrx_word' id='word_1_137' title='bbox 1010 1802 1152 1891; x_wconf 80' lang='lat' dir='ltr'>proinde</span> <span class='ocrx_word' id='word_1_138' title='bbox 1173 1802 1354 1872; x_wconf 74' lang='lat' dir='ltr'>admodum</span> <span class='ocrx_word' id='word_1_139' title='bbox 1377 1824 1453 1871; x_wconf 88' lang='lat' dir='ltr'>rum</span> <span class='ocrx_word' id='word_1_140' title='bbox 1471 1799 1587 1895; x_wconf 77' lang='lat' dir='ltr'>primo</span> <span class='ocrx_word' id='word_1_141' title='bbox 1606 1806 1709 1888; x_wconf 81' lang='lat' dir='ltr'>petite</span> <span class='ocrx_word' id='word_1_142' title='bbox 1726 1801 1769 1874; x_wconf 79' lang='lat' dir='ltr'>cb</span> <span class='ocrx_word' id='word_1_143' title='bbox 1789 1801 1920 1877; x_wconf 70' lang='lat' dir='ltr'>mette·</span> <span class='ocrx_word' id='word_1_144' title='bbox 1971 1757 2177 1902; x_wconf 46' lang='lat' dir='ltr'>&amp;iiim</span> 
     </span>
     <span class='ocr_line' id='line_1_14' title="bbox 553 1888 2123 2000; baseline 0.007 -30"><span class='ocrx_word' id='word_1_145' title='bbox 553 1888 767 1992; x_wconf 67' lang='lat' dir='ltr'>dnutiivrue</span> <span class='ocrx_word' id='word_1_146' title='bbox 783 1898 998 1970; x_wconf 79' lang='lat' dir='ltr'>Belloeminus</span> <span class='ocrx_word' id='word_1_147' title='bbox 1017 1897 1166 1990; x_wconf 74' lang='lat' dir='ltr'>colligit,</span> <span class='ocrx_word' id='word_1_148' title='bbox 1194 1896 1285 1971; x_wconf 79' lang='lat' dir='ltr'>niti!</span> <span class='ocrx_word' id='word_1_149' title='bbox 1306 1893 1354 1993; x_wconf 88' lang='lat' dir='ltr'>es·</span> <span class='ocrx_word' id='word_1_150' title='bbox 1377 1898 1426 1971; x_wconf 84' lang='lat' dir='ltr'>rii</span> <span class='ocrx_word' id='word_1_151' title='bbox 1443 1897 1644 1972; x_wconf 83' lang='lat' dir='ltr'>conditione.</span> <span class='ocrx_word' id='word_1_152' title='bbox 1688 1902 1924 2000; x_wconf 80' lang='lat' dir='ltr'><strong>Quodcunque</strong></span> <span class='ocrx_word' id='word_1_153' title='bbox 1992 1918 2123 1980; x_wconf 76' lang='lat' dir='ltr'>-uerrn</span> 
     </span>
     <span class='ocr_line' id='line_1_15' title="bbox 545 1991 1925 2094; baseline 0.002 -27"><span class='ocrx_word' id='word_1_154' title='bbox 545 1991 605 2092; x_wconf 83' lang='lat' dir='ltr'>se,</span> <span class='ocrx_word' id='word_1_155' title='bbox 637 2000 724 2083; x_wconf 85' lang='lat' dir='ltr'>quod</span> <span class='ocrx_word' id='word_1_156' title='bbox 744 1997 831 2070; x_wconf 84' lang='lat' dir='ltr'>inter</span> <span class='ocrx_word' id='word_1_157' title='bbox 854 1995 932 2069; x_wconf 85' lang='lat' dir='ltr'>illoc</span> <span class='ocrx_word' id='word_1_158' title='bbox 950 1994 1088 2092; x_wconf 57' lang='lat' dir='ltr'>carnos,</span> <span class='ocrx_word' id='word_1_159' title='bbox 1120 1995 1356 2094; x_wconf 83' lang='lat' dir='ltr'>propter&#39;qnos</span> <span class='ocrx_word' id='word_1_160' title='bbox 1378 1991 1481 2085; x_wconf 76' lang='lat' dir='ltr'>ipsum</span> <span class='ocrx_word' id='word_1_161' title='bbox 1499 1995 1643 2069; x_wconf 77' lang='lat' dir='ltr'>formem</span> <span class='ocrx_word' id='word_1_162' title='bbox 1659 2000 1806 2090; x_wconf 77' lang='lat' dir='ltr'>coniugii</span> <span class='ocrx_word' id='word_1_163' title='bbox 1824 1997 1925 2079; x_wconf 85' lang='lat' dir='ltr'>tollit,</span> 
     </span>
    </p>

    <p class='ocr_par' dir='ltr' id='par_1_4' title="bbox 547 2091 2184 2783">
     <span class='ocr_line' id='line_1_16' title="bbox 554 2091 2179 2190; baseline 0.006 -24"><span class='ocrx_word' id='word_1_164' title='bbox 554 2091 740 2166; x_wconf 85' lang='lat' dir='ltr'>divortium</span> <span class='ocrx_word' id='word_1_165' title='bbox 759 2095 849 2184; x_wconf 79' lang='lat' dir='ltr'>fieri,</span> <span class='ocrx_word' id='word_1_166' title='bbox 879 2093 920 2168; x_wconf 68' lang='lat'>{5</span> <span class='ocrx_word' id='word_1_167' title='bbox 938 2095 984 2167; x_wconf 89' lang='lat' dir='ltr'>od</span> <span class='ocrx_word' id='word_1_168' title='bbox 1005 2094 1095 2167; x_wconf 87' lang='lat' dir='ltr'>alias</span> <span class='ocrx_word' id='word_1_169' title='bbox 1111 2098 1356 2190; x_wconf 82' lang='lat' dir='ltr'>nuptioctron·</span> <span class='ocrx_word' id='word_1_170' title='bbox 1379 2117 1520 2184; x_wconf 89' lang='lat' dir='ltr'>propter</span> <span class='ocrx_word' id='word_1_171' title='bbox 1552 2094 1634 2167; x_wconf 86' lang='lat' dir='ltr'>illud</span> <span class='ocrx_word' id='word_1_172' title='bbox 1665 2093 1825 2185; x_wconf 73' lang='lat' dir='ltr'>separatio</span> <span class='ocrx_word' id='word_1_173' title='bbox 1856 2099 2041 2190; x_wconf 77' lang='lat' dir='ltr'>coniugum</span> <span class='ocrx_word' id='word_1_174' title='bbox 2076 2099 2179 2190; x_wconf 75' lang='lat' dir='ltr'>purat</span> 
     </span>
     <span class='ocr_line' id='line_1_17' title="bbox 547 2189 2181 2292; baseline 0.006 -28"><span class='ocrx_word' id='word_1_175' title='bbox 547 2191 615 2292; x_wconf 76' lang='lat' dir='ltr'>firi</span> <span class='ocrx_word' id='word_1_176' title='bbox 634 2189 721 2289; x_wconf 78' lang='lat' dir='ltr'>poffe</span> <span class='ocrx_word' id='word_1_177' title='bbox 752 2189 1002 2292; x_wconf 74' lang='lat' dir='ltr'>Chrysoslontns</span> <span class='ocrx_word' id='word_1_178' title='bbox 1027 2190 1068 2268; x_wconf 62' lang='lat' dir='ltr'>ii</span> <span class='ocrx_word' id='word_1_179' title='bbox 1096 2190 1357 2290; x_wconf 68' lang='lat' dir='ltr'>Tireopltylussus</span> <span class='ocrx_word' id='word_1_180' title='bbox 1380 2191 1551 2264; x_wconf 83' lang='lat' dir='ltr'>vinculum</span> <span class='ocrx_word' id='word_1_181' title='bbox 1579 2191 1650 2266; x_wconf 83' lang='lat' dir='ltr'>steri</span> <span class='ocrx_word' id='word_1_182' title='bbox 1678 2197 1795 2282; x_wconf 83' lang='lat' dir='ltr'>potest.</span> <span class='ocrx_word' id='word_1_183' title='bbox 1872 2199 1972 2270; x_wconf 81' lang='lat' dir='ltr'>Retio</span> <span class='ocrx_word' id='word_1_184' title='bbox 1991 2201 2127 2286; x_wconf 85' lang='lat' dir='ltr'>pendet</span> <span class='ocrx_word' id='word_1_185' title='bbox 2145 2221 2181 2272; x_wconf 80' lang='lat' dir='ltr'>cx</span> 
     </span>
     <span class='ocr_line' id='line_1_18' title="bbox 553 2285 2180 2410; baseline 0.005 -48"><span class='ocrx_word' id='word_1_186' title='bbox 553 2301 704 2384; x_wconf 82' lang='lat' dir='ltr'>negent,</span> <span class='ocrx_word' id='word_1_187' title='bbox 737 2291 1003 2404; x_wconf 82' lang='lat' dir='ltr'>fornicationem</span> <span class='ocrx_word' id='word_1_188' title='bbox 1036 2292 1176 2408; x_wconf 74' lang='lat' dir='ltr'>ulterior</span> <span class='ocrx_word' id='word_1_189' title='bbox 1203 2291 1357 2388; x_wconf 84' lang='lat' dir='ltr'>coniugis</span> <span class='ocrx_word' id='word_1_190' title='bbox 1381 2288 1494 2403; x_wconf 72' lang='lat' dir='ltr'>ulitnta</span> <span class='ocrx_word' id='word_1_191' title='bbox 1514 2293 1649 2383; x_wconf 76' lang='lat' dir='ltr'>regulo:</span> <span class='ocrx_word' id='word_1_192' title='bbox 1681 2285 1830 2406; x_wconf 69' lang='lat' dir='ltr'>deutera</span> <span class='ocrx_word' id='word_1_193' title='bbox 1848 2295 1898 2409; x_wconf 71' lang='lat' dir='ltr'>rei</span> <span class='ocrx_word' id='word_1_194' title='bbox 1911 2293 2034 2410; x_wconf 85' lang='lat' dir='ltr'>formu</span> <span class='ocrx_word' id='word_1_195' title='bbox 2053 2295 2180 2372; x_wconf 77' lang='lat' dir='ltr'>tollitur</span> 
     </span>
     <span class='ocr_line' id='line_1_19' title="bbox 553 2385 2183 2578; baseline 0.005 -19"><span class='ocrx_word' id='word_1_196' title='bbox 553 2389 1359 2570; x_wconf 50' lang='lat' dir='ltr'>listi,tll&#39;ittzfell&#39;diluitur</span> <span class='ocrx_word' id='word_1_197' title='bbox 1381 2385 1587 2576; x_wconf 51' lang='lat' dir='ltr'>{isin</span> <span class='ocrx_word' id='word_1_198' title='bbox 1602 2395 1709 2568; x_wconf 69' lang='lat' dir='ltr'>titt:</span> <span class='ocrx_word' id='word_1_199' title='bbox 1729 2390 2183 2578; x_wconf 60' lang='lat' dir='ltr'>illituum</span> 
     </span>
     <span class='ocr_line' id='line_1_20' title="bbox 555 2581 2184 2682; baseline 0.004 -23"><span class='ocrx_word' id='word_1_200' title='bbox 555 2587 759 2674; x_wconf 78' lang='lat' dir='ltr'>exceperint.</span> <span class='ocrx_word' id='word_1_201' title='bbox 809 2587 1009 2678; x_wconf 82' lang='lat' dir='ltr'>Oecumenii</span> <span class='ocrx_word' id='word_1_202' title='bbox 1034 2586 1137 2658; x_wconf 78' lang='lat' dir='ltr'>verbe</span> <span class='ocrx_word' id='word_1_203' title='bbox 1161 2585 1235 2656; x_wconf 89' lang='lat' dir='ltr'>sunt</span> <span class='ocrx_word' id='word_1_204' title='bbox 1256 2587 1359 2655; x_wconf 83' lang='lat' dir='ltr'>mnni-</span> <span class='ocrx_word' id='word_1_205' title='bbox 1384 2587 1458 2662; x_wconf 85' lang='lat' dir='ltr'>nis,</span> <span class='ocrx_word' id='word_1_206' title='bbox 1496 2581 1595 2658; x_wconf 84' lang='lat' dir='ltr'>fidem</span> <span class='ocrx_word' id='word_1_207' title='bbox 1620 2587 1830 2679; x_wconf 75' lang='lat' dir='ltr'>coniugalem</span> <span class='ocrx_word' id='word_1_208' title='bbox 1852 2595 1975 2662; x_wconf 82' lang='lat' dir='ltr'>evertit</span> <span class='ocrx_word' id='word_1_209' title='bbox 1990 2597 2184 2682; x_wconf 75' lang='lat' dir='ltr'>..adeoque</span> 
     </span>
     <span class='ocr_line' id='line_1_21' title="bbox 557 2675 2184 2783; baseline 0.004 -27"><span class='ocrx_word' id='word_1_210' title='bbox 557 2681 659 2757; x_wconf 79' lang='lat' dir='ltr'>fellat</span> <span class='ocrx_word' id='word_1_211' title='bbox 690 2680 768 2756; x_wconf 83' lang='lat' dir='ltr'>Lex</span> <span class='ocrx_word' id='word_1_212' title='bbox 790 2678 934 2756; x_wconf 86' lang='lat' dir='ltr'>Domini</span> <span class='ocrx_word' id='word_1_213' title='bbox 951 2685 1012 2783; x_wconf 75' lang='lat' dir='ltr'>est,</span> <span class='ocrx_word' id='word_1_214' title='bbox 1036 2708 1074 2757; x_wconf 88' lang='lat' dir='ltr'>ne</span> <span class='ocrx_word' id='word_1_215' title='bbox 1091 2701 1229 2782; x_wconf 80' lang='lat' dir='ltr'>exceptu</span> <span class='ocrx_word' id='word_1_216' title='bbox 1243 2681 1358 2776; x_wconf 83' lang='lat' dir='ltr'>sorni·</span> <span class='ocrx_word' id='word_1_217' title='bbox 1384 2681 1448 2768; x_wconf 73' lang='lat' dir='ltr'>ipse</span> <span class='ocrx_word' id='word_1_218' title='bbox 1469 2675 1685 2755; x_wconf 77' lang='lat' dir='ltr'>substantialia</span> <span class='ocrx_word' id='word_1_219' title='bbox 1709 2689 1910 2759; x_wconf 74' lang='lat' dir='ltr'>matrimonii</span> <span class='ocrx_word' id='word_1_220' title='bbox 1934 2689 2060 2764; x_wconf 77' lang='lat' dir='ltr'>abolet.-</span> <span class='ocrx_word' id='word_1_221' title='bbox 2096 2691 2184 2766; x_wconf 77' lang='lat' dir='ltr'>Con·</span> 
     </span>
    </p>
   </div>
   <div class='ocr_carea' id='block_1_3' title="bbox 558 2778 2183 2883">
    <p class='ocr_par' dir='ltr' id='par_1_5' title="bbox 558 2778 2183 2883">
     <span class='ocr_line' id='line_1_22' title="bbox 558 2778 2183 2883; baseline 0.007 -29"><span class='ocrx_word' id='word_1_222' title='bbox 558 2781 689 2856; x_wconf 85' lang='lat' dir='ltr'>cotione</span> <span class='ocrx_word' id='word_1_223' title='bbox 704 2779 988 2882; x_wconf 81' lang='lat' dir='ltr'>fiotdiuortinm.</span> <span class='ocrx_word' id='word_1_224' title='bbox 1041 2790 1141 2854; x_wconf 86' lang='lat' dir='ltr'>item:</span> <span class='ocrx_word' id='word_1_225' title='bbox 1182 2781 1252 2859; x_wconf 85' lang='lat' dir='ltr'>Vir</span> <span class='ocrx_word' id='word_1_226' title='bbox 1273 2802 1359 2855; x_wconf 85' lang='lat' dir='ltr'>uxo·</span> <span class='ocrx_word' id='word_1_227' title='bbox 1384 2782 1477 2870; x_wconf 78' lang='lat' dir='ltr'>iuges</span> <span class='ocrx_word' id='word_1_228' title='bbox 1502 2803 1541 2853; x_wconf 84' lang='lat' dir='ltr'>et</span> <span class='ocrx_word' id='word_1_229' title='bbox 1571 2778 1669 2868; x_wconf 84' lang='lat' dir='ltr'>rpsrur</span> <span class='ocrx_word' id='word_1_230' title='bbox 1695 2787 1995 2859; x_wconf 84' lang='lat' dir='ltr'>Dei-inllitutiene</span> <span class='ocrx_word' id='word_1_231' title='bbox 2012 2785 2100 2883; x_wconf 76' lang='lat' dir='ltr'>scut</span> <span class='ocrx_word' id='word_1_232' title='bbox 2119 2809 2183 2866; x_wconf 80' lang='lat' dir='ltr'>eno</span> 
     </span>
    </p>
   </div>
   <div class='ocr_carea' id='block_1_4' title="bbox 410 2873 2182 2981">
    <p class='ocr_par' dir='ltr' id='par_1_6' title="bbox 410 2873 2182 2981">
     <span class='ocr_line' id='line_1_23' title="bbox 410 2873 2182 2981; baseline 0.004 -26"><span class='ocrx_word' id='word_1_233' title='bbox 410 2964 412 2969; x_wconf 50' lang='grc'><strong>,</strong></span> <span class='ocrx_word' id='word_1_234' title='bbox 557 2903 628 2955; x_wconf 85' lang='lat' dir='ltr'>rent</span> <span class='ocrx_word' id='word_1_235' title='bbox 646 2903 711 2952; x_wconf 86' lang='lat' dir='ltr'>non</span> <span class='ocrx_word' id='word_1_236' title='bbox 730 2881 907 2962; x_wconf 83' lang='lat' dir='ltr'>dimittat,</span> <span class='ocrx_word' id='word_1_237' title='bbox 929 2881 992 2981; x_wconf 82' lang='lat' dir='ltr'>nist</span> <span class='ocrx_word' id='word_1_238' title='bbox 1010 2882 1141 2954; x_wconf 87' lang='lat' dir='ltr'>ratione</span> <span class='ocrx_word' id='word_1_239' title='bbox 1153 2878 1360 2970; x_wconf 81' lang='lat' dir='ltr'>fornicatio·</span> <span class='ocrx_word' id='word_1_240' title='bbox 1381 2897 1489 2962; x_wconf 85' lang='lat' dir='ltr'>curo,</span> <span class='ocrx_word' id='word_1_241' title='bbox 1527 2873 1645 2951; x_wconf 88' lang='lat' dir='ltr'>Genes.</span> <span class='ocrx_word' id='word_1_242' title='bbox 1662 2886 1703 2954; x_wconf 90' lang='lat' dir='ltr'>ll.</span> <span class='ocrx_word' id='word_1_243' title='bbox 1721 2907 1775 2973; x_wconf 72' lang='lat'>²4.</span> <span class='ocrx_word' id='word_1_244' title='bbox 1795 2885 2046 2963; x_wconf 80' lang='lat' dir='ltr'>.Mrrth.xtx.</span> <span class='ocrx_word' id='word_1_245' title='bbox 2057 2897 2095 2964; x_wconf 87' lang='grc'>6.</span> <span class='ocrx_word' id='word_1_246' title='bbox 2127 2893 2182 2962; x_wconf 73' lang='lat' dir='ltr'>dt</span> 
     </span>
    </p>
   </div>
   <div class='ocr_carea' id='block_1_5' title="bbox 471 2975 2224 4855">
    <p class='ocr_par' dir='ltr' id='par_1_7' title="bbox 471 2975 2224 4855">
     <span class='ocr_line' id='line_1_24' title="bbox 558 2975 2183 3078; baseline 0.005 -24"><span class='ocrx_word' id='word_1_247' title='bbox 558 2979 614 3054; x_wconf 87' lang='lat' dir='ltr'>nis</span> <span class='ocrx_word' id='word_1_248' title='bbox 637 2977 832 3066; x_wconf 81' lang='lat' dir='ltr'><strong><em>duntaxat,</em></strong></span> <span class='ocrx_word' id='word_1_249' title='bbox 864 2978 934 3052; x_wconf 76' lang='lat' dir='ltr'>laec</span> <span class='ocrx_word' id='word_1_250' title='bbox 952 2979 1039 3052; x_wconf 89' lang='lat' dir='ltr'>enim</span> <span class='ocrx_word' id='word_1_251' title='bbox 1064 2977 1123 3053; x_wconf 84' lang='lat' dir='ltr'>lex</span> <span class='ocrx_word' id='word_1_252' title='bbox 1148 2975 1275 3072; x_wconf 76' lang='lat' dir='ltr'>cenni</span> <span class='ocrx_word' id='word_1_253' title='bbox 1296 2979 1359 3078; x_wconf 74' lang='lat' dir='ltr'>efl3</span> <span class='ocrx_word' id='word_1_254' title='bbox 1383 2975 1505 3048; x_wconf 88' lang='lat' dir='ltr'>mulier</span> <span class='ocrx_word' id='word_1_255' title='bbox 1523 2976 1673 3050; x_wconf 74' lang='lat' dir='ltr'>adultere</span> <span class='ocrx_word' id='word_1_256' title='bbox 1694 2977 1732 3050; x_wconf 85' lang='lat' dir='ltr'>fit</span> <span class='ocrx_word' id='word_1_257' title='bbox 1752 3007 1817 3054; x_wconf 85' lang='lat' dir='ltr'>uno</span> <span class='ocrx_word' id='word_1_258' title='bbox 1835 3007 1914 3056; x_wconf 81' lang='lat' dir='ltr'>cero</span> <span class='ocrx_word' id='word_1_259' title='bbox 1936 3012 2015 3058; x_wconf 90' lang='lat' dir='ltr'>cum</span> <span class='ocrx_word' id='word_1_260' title='bbox 2035 2987 2183 3062; x_wconf 75' lang='lat' dir='ltr'>uduloe&#39;ru</span> 
     </span>
     <span class='ocr_line' id='line_1_25' title="bbox 529 3075 2183 3171; baseline 0.007 -21"><span class='ocrx_word' id='word_1_261' title='bbox 529 3079 650 3156; x_wconf 81' lang='lat' dir='ltr'>‚unde</span> <span class='ocrx_word' id='word_1_262' title='bbox 677 3075 894 3151; x_wconf 82' lang='lat' dir='ltr'>Bellrrminus</span> <span class='ocrx_word' id='word_1_263' title='bbox 922 3081 963 3150; x_wconf 81' lang='lat' dir='ltr'>nd</span> <span class='ocrx_word' id='word_1_264' title='bbox 990 3081 1189 3151; x_wconf 90' lang='lat' dir='ltr'>Oecumenii</span> <span class='ocrx_word' id='word_1_265' title='bbox 1215 3079 1361 3166; x_wconf 84' lang='lat' dir='ltr'>explice-</span> <span class='ocrx_word' id='word_1_266' title='bbox 1390 3075 1567 3147; x_wconf 86' lang='lat' dir='ltr'>tCor.Vl.</span> <span class='ocrx_word' id='word_1_267' title='bbox 1583 3085 1633 3148; x_wconf 78' lang='lat'>16.</span> <span class='ocrx_word' id='word_1_268' title='bbox 1695 3083 1784 3171; x_wconf 73' lang='lat' dir='ltr'>Ergo</span> <span class='ocrx_word' id='word_1_269' title='bbox 1808 3105 1875 3152; x_wconf 87' lang='lat' dir='ltr'>non</span> <span class='ocrx_word' id='word_1_270' title='bbox 1895 3084 2045 3170; x_wconf 77' lang='lat' dir='ltr'>emplius</span> <span class='ocrx_word' id='word_1_271' title='bbox 2059 3091 2107 3160; x_wconf 80' lang='lat' dir='ltr'>eli</span> <span class='ocrx_word' id='word_1_272' title='bbox 2125 3091 2183 3160; x_wconf 83' lang='lat' dir='ltr'>uun</span> 
     </span>
     <span class='ocr_line' id='line_1_26' title="bbox 556 3172 2183 3272; baseline 0.004 -22"><span class='ocrx_word' id='word_1_273' title='bbox 556 3177 685 3250; x_wconf 78' lang='lat' dir='ltr'>tionem</span> <span class='ocrx_word' id='word_1_274' title='bbox 707 3173 792 3248; x_wconf 88' lang='lat' dir='ltr'>nihil</span> <span class='ocrx_word' id='word_1_275' title='bbox 817 3172 995 3264; x_wconf 87' lang='lat' dir='ltr'>respondit.</span> <span class='ocrx_word' id='word_1_276' title='bbox 1060 3175 1273 3259; x_wconf 69' lang='lat' dir='ltr'>Ambrosius,</span> <span class='ocrx_word' id='word_1_277' title='bbox 1306 3172 1360 3248; x_wconf 81' lang='lat' dir='ltr'>nel</span> <span class='ocrx_word' id='word_1_278' title='bbox 1384 3195 1558 3253; x_wconf 71' lang='lat' dir='ltr'>cetorum</span> <span class='ocrx_word' id='word_1_279' title='bbox 1579 3177 1718 3252; x_wconf 80' lang='lat' dir='ltr'>merito,</span> <span class='ocrx_word' id='word_1_280' title='bbox 1753 3187 1871 3266; x_wconf 73' lang='lat' dir='ltr'>&amp;per</span> <span class='ocrx_word' id='word_1_281' title='bbox 1891 3178 2098 3272; x_wconf 77' lang='lat' dir='ltr'>consequent</span> <span class='ocrx_word' id='word_1_282' title='bbox 2118 3187 2183 3256; x_wconf 82' lang='lat' dir='ltr'>riu·</span> 
     </span>
     <span class='ocr_line' id='line_1_27' title="bbox 558 3266 2185 3382; baseline 0.006 -37"><span class='ocrx_word' id='word_1_283' title='bbox 558 3275 747 3365; x_wconf 82' lang='lat' dir='ltr'><strong>quicunque</strong></span> <span class='ocrx_word' id='word_1_284' title='bbox 765 3274 846 3344; x_wconf 81' lang='lat' dir='ltr'>nlius</span> <span class='ocrx_word' id='word_1_285' title='bbox 863 3297 959 3344; x_wconf 76' lang='lat' dir='ltr'>tutor</span> <span class='ocrx_word' id='word_1_286' title='bbox 978 3277 1293 3345; x_wconf 81' lang='lat' dir='ltr'>commentariorum</span> <span class='ocrx_word' id='word_1_287' title='bbox 1313 3274 1363 3342; x_wconf 90' lang='lat' dir='ltr'>di·</span> <span class='ocrx_word' id='word_1_288' title='bbox 1385 3266 1498 3344; x_wconf 89' lang='lat' dir='ltr'>culum</span> <span class='ocrx_word' id='word_1_289' title='bbox 1509 3271 1690 3360; x_wconf 70' lang='lat' dir='ltr'>coniugalis</span> <span class='ocrx_word' id='word_1_290' title='bbox 1701 3280 1833 3347; x_wconf 79' lang='lat' dir='ltr'>unitatis</span> <span class='ocrx_word' id='word_1_291' title='bbox 1847 3279 1892 3349; x_wconf 89' lang='lat' dir='ltr'>ell</span> <span class='ocrx_word' id='word_1_292' title='bbox 1907 3278 2062 3355; x_wconf 87' lang='lat' dir='ltr'>solutum.</span> <span class='ocrx_word' id='word_1_293' title='bbox 2075 3285 2185 3382; x_wconf 82' lang='lat' dir='ltr'>Qoru·</span> 
     </span>
     <span class='ocr_line' id='line_1_28' title="bbox 562 3368 2184 3471; baseline -0.001 -28"><span class='ocrx_word' id='word_1_294' title='bbox 562 3373 628 3451; x_wconf 86' lang='lat' dir='ltr'>cit,</span> <span class='ocrx_word' id='word_1_295' title='bbox 659 3372 843 3471; x_wconf 77' lang='lat' dir='ltr'>apostolum</span> <span class='ocrx_word' id='word_1_296' title='bbox 866 3371 958 3466; x_wconf 85' lang='lat' dir='ltr'>loqui</span> <span class='ocrx_word' id='word_1_297' title='bbox 980 3371 1020 3441; x_wconf 84' lang='lat' dir='ltr'>de</span> <span class='ocrx_word' id='word_1_298' title='bbox 1037 3371 1191 3451; x_wconf 66' lang='lat' dir='ltr'>irretirer,</span> <span class='ocrx_word' id='word_1_299' title='bbox 1219 3393 1291 3466; x_wconf 71' lang='lat' dir='ltr'>quc</span> <span class='ocrx_word' id='word_1_300' title='bbox 1312 3393 1362 3443; x_wconf 83' lang='lat' dir='ltr'>re·</span> <span class='ocrx_word' id='word_1_301' title='bbox 1386 3373 1430 3438; x_wconf 92' lang='lat' dir='ltr'>do</span> <span class='ocrx_word' id='word_1_302' title='bbox 1449 3368 1552 3457; x_wconf 81' lang='lat' dir='ltr'>igitur</span> <span class='ocrx_word' id='word_1_303' title='bbox 1571 3393 1706 3441; x_wconf 76' lang='lat' dir='ltr'>ureretur</span> <span class='ocrx_word' id='word_1_304' title='bbox 1723 3398 1859 3448; x_wconf 85' lang='lat' dir='ltr'>uxorem</span> <span class='ocrx_word' id='word_1_305' title='bbox 1876 3377 2064 3453; x_wconf 79' lang='lat' dir='ltr'>adulteram</span> <span class='ocrx_word' id='word_1_306' title='bbox 2078 3385 2184 3454; x_wconf 83' lang='lat' dir='ltr'>dimit.</span> 
     </span>
     <span class='ocr_line' id='line_1_29' title="bbox 561 3465 2184 3570; baseline 0.008 -29"><span class='ocrx_word' id='word_1_307' title='bbox 561 3469 648 3542; x_wconf 84' lang='lat' dir='ltr'>cedit</span> <span class='ocrx_word' id='word_1_308' title='bbox 677 3477 769 3558; x_wconf 89' lang='lat' dir='ltr'>(non</span> <span class='ocrx_word' id='word_1_309' title='bbox 790 3471 834 3540; x_wconf 89' lang='lat' dir='ltr'>ob</span> <span class='ocrx_word' id='word_1_310' title='bbox 857 3469 1137 3560; x_wconf 76' lang='lat' dir='ltr'>fornicationem)</span> <span class='ocrx_word' id='word_1_311' title='bbox 1153 3468 1214 3562; x_wconf 79' lang='lat' dir='ltr'>scd</span> <span class='ocrx_word' id='word_1_312' title='bbox 1232 3468 1274 3541; x_wconf 86' lang='lat' dir='ltr'>ob</span> <span class='ocrx_word' id='word_1_313' title='bbox 1292 3489 1362 3539; x_wconf 83' lang='lat' dir='ltr'>neo·</span> <span class='ocrx_word' id='word_1_314' title='bbox 1387 3469 1445 3544; x_wconf 87' lang='lat' dir='ltr'>tit,</span> <span class='ocrx_word' id='word_1_315' title='bbox 1470 3475 1505 3538; x_wconf 82' lang='lat' dir='ltr'>dc</span> <span class='ocrx_word' id='word_1_316' title='bbox 1521 3465 1617 3536; x_wconf 80' lang='lat' dir='ltr'>oliam</span> <span class='ocrx_word' id='word_1_317' title='bbox 1633 3472 1743 3549; x_wconf 89' lang='lat' dir='ltr'>ducit,</span> <span class='ocrx_word' id='word_1_318' title='bbox 1768 3494 1835 3546; x_wconf 82' lang='lat' dir='ltr'>tem</span> <span class='ocrx_word' id='word_1_319' title='bbox 1850 3468 1917 3546; x_wconf 86' lang='lat' dir='ltr'>non</span> <span class='ocrx_word' id='word_1_320' title='bbox 1934 3501 2072 3563; x_wconf 82' lang='lat' dir='ltr'>peccet,</span> <span class='ocrx_word' id='word_1_321' title='bbox 2092 3504 2184 3570; x_wconf 78' lang='lat' dir='ltr'>quom</span> 
     </span>
     <span class='ocr_line' id='line_1_30' title="bbox 563 3562 2183 3665; baseline 0.007 -25"><span class='ocrx_word' id='word_1_322' title='bbox 563 3569 633 3640; x_wconf 86' lang='lat' dir='ltr'>lom</span> <span class='ocrx_word' id='word_1_323' title='bbox 655 3565 934 3660; x_wconf 79' lang='lat' dir='ltr'>conversationem</span> <span class='ocrx_word' id='word_1_324' title='bbox 949 3567 1025 3638; x_wconf 87' lang='lat' dir='ltr'>oiri.</span> <span class='ocrx_word' id='word_1_325' title='bbox 1076 3567 1292 3638; x_wconf 82' lang='lat' dir='ltr'>Bellarminus</span> <span class='ocrx_word' id='word_1_326' title='bbox 1312 3591 1364 3638; x_wconf 94' lang='lat' dir='ltr'>re·</span> <span class='ocrx_word' id='word_1_327' title='bbox 1388 3562 1410 3633; x_wconf 89' lang='lat' dir='ltr'>sr</span> <span class='ocrx_word' id='word_1_328' title='bbox 1433 3565 1663 3650; x_wconf 79' lang='lat' dir='ltr'>postmortem</span> <span class='ocrx_word' id='word_1_329' title='bbox 1687 3574 1809 3656; x_wconf 84' lang='lat' dir='ltr'>prioris</span> <span class='ocrx_word' id='word_1_330' title='bbox 1833 3576 1984 3665; x_wconf 83' lang='lat' dir='ltr'>coniugis</span> <span class='ocrx_word' id='word_1_331' title='bbox 2005 3579 2109 3650; x_wconf 80' lang='lat' dir='ltr'>aliem</span> <span class='ocrx_word' id='word_1_332' title='bbox 2130 3583 2183 3650; x_wconf 90' lang='lat' dir='ltr'>du·</span> 
     </span>
     <span class='ocr_line' id='line_1_31' title="bbox 561 3655 2224 3786; baseline 0.007 -48"><span class='ocrx_word' id='word_1_333' title='bbox 561 3662 1363 3760; x_wconf 45' lang='lat' dir='ltr'>gerit,perenniumcontraditionemnileilcon-</span> <span class='ocrx_word' id='word_1_334' title='bbox 1388 3662 1456 3739; x_wconf 85' lang='lat' dir='ltr'>cit,</span> <span class='ocrx_word' id='word_1_335' title='bbox 1494 3662 1568 3747; x_wconf 81' lang='lat' dir='ltr'>quir</span> <span class='ocrx_word' id='word_1_336' title='bbox 1598 3683 1664 3733; x_wconf 78' lang='lat' dir='ltr'>tem</span> <span class='ocrx_word' id='word_1_337' title='bbox 1689 3687 1750 3753; x_wconf 86' lang='lat' dir='ltr'>per</span> <span class='ocrx_word' id='word_1_338' title='bbox 1771 3667 1979 3744; x_wconf 78' lang='lat' dir='ltr'>adulterium·</span> <span class='ocrx_word' id='word_1_339' title='bbox 2001 3701 2104 3763; x_wconf 85' lang='lat' dir='ltr'>quum</span> <span class='ocrx_word' id='word_1_340' title='bbox 2130 3699 2184 3766; x_wconf 87' lang='lat' dir='ltr'>per</span> <span class='ocrx_word' id='word_1_341' title='bbox 2217 3655 2224 3786; x_wconf 61' lang='lat' dir='ltr'>l</span> 
     </span>
     <span class='ocr_line' id='line_1_32' title="bbox 561 3759 2224 3860; baseline 0.003 -25"><span class='ocrx_word' id='word_1_342' title='bbox 561 3762 744 3836; x_wconf 85' lang='lat' dir='ltr'>uenientins</span> <span class='ocrx_word' id='word_1_343' title='bbox 767 3763 930 3860; x_wconf 79' lang='lat' dir='ltr'>intelligi,</span> <span class='ocrx_word' id='word_1_344' title='bbox 956 3786 1054 3856; x_wconf 76' lang='lat' dir='ltr'>prtem</span> <span class='ocrx_word' id='word_1_345' title='bbox 1069 3764 1102 3860; x_wconf 86' lang='lat' dir='ltr'><em>st</em></span> <span class='ocrx_word' id='word_1_346' title='bbox 1125 3764 1180 3836; x_wconf 87' lang='lat' dir='ltr'>uir</span> <span class='ocrx_word' id='word_1_347' title='bbox 1199 3759 1302 3835; x_wconf 74' lang='lat' dir='ltr'>tenori</span> <span class='ocrx_word' id='word_1_348' title='bbox 1317 3764 1365 3859; x_wconf 86' lang='lat' dir='ltr'>fi·</span> <span class='ocrx_word' id='word_1_349' title='bbox 1389 3779 1532 3829; x_wconf 81' lang='lat' dir='ltr'>mortem</span> <span class='ocrx_word' id='word_1_350' title='bbox 1556 3760 1724 3834; x_wconf 86' lang='lat' dir='ltr'>vinculum</span> <span class='ocrx_word' id='word_1_351' title='bbox 1744 3769 1926 3858; x_wconf 81' lang='lat' dir='ltr'>coniugalis</span> <span class='ocrx_word' id='word_1_352' title='bbox 1949 3777 2085 3846; x_wconf 78' lang='lat' dir='ltr'>unitatis</span> <span class='ocrx_word' id='word_1_353' title='bbox 2105 3773 2186 3846; x_wconf 91' lang='lat' dir='ltr'>tolli·</span> <span class='ocrx_word' id='word_1_354' title='bbox 2220 3797 2224 3840; x_wconf 80' lang='lat'><em>÷</em></span> 
     </span>
     <span class='ocr_line' id='line_1_33' title="bbox 471 3855 2224 3960; baseline 0.009 -30"><span class='ocrx_word' id='word_1_355' title='bbox 471 3923 474 3930; x_wconf 93' lang='lat'><em>.</em></span> <span class='ocrx_word' id='word_1_356' title='bbox 562 3863 635 3936; x_wconf 82' lang='lat' dir='ltr'>dent</span> <span class='ocrx_word' id='word_1_357' title='bbox 651 3861 847 3956; x_wconf 85' lang='lat' dir='ltr'>nonseruet.</span> <span class='ocrx_word' id='word_1_358' title='bbox 901 3870 944 3932; x_wconf 82' lang='lat' dir='ltr'>At</span> <span class='ocrx_word' id='word_1_359' title='bbox 966 3863 987 3931; x_wconf 85' lang='lat' dir='ltr'>ti</span> <span class='ocrx_word' id='word_1_360' title='bbox 1006 3885 1133 3932; x_wconf 84' lang='lat' dir='ltr'>textum</span> <span class='ocrx_word' id='word_1_361' title='bbox 1148 3862 1363 3948; x_wconf 75' lang='lat' dir='ltr'>apostolieum</span> <span class='ocrx_word' id='word_1_362' title='bbox 1389 3877 1444 3926; x_wconf 92' lang='lat' dir='ltr'>tur</span> <span class='ocrx_word' id='word_1_363' title='bbox 1451 3882 1463 3932; x_wconf 88' lang='lat'>‚·</span> <span class='ocrx_word' id='word_1_364' title='bbox 1488 3881 1554 3927; x_wconf 89' lang='lat' dir='ltr'>non</span> <span class='ocrx_word' id='word_1_365' title='bbox 1573 3855 1629 3929; x_wconf 86' lang='lat' dir='ltr'>hic</span> <span class='ocrx_word' id='word_1_366' title='bbox 1644 3856 1739 3932; x_wconf 87' lang='lat' dir='ltr'>solvit</span> <span class='ocrx_word' id='word_1_367' title='bbox 1755 3863 1876 3944; x_wconf 84' lang='lat' dir='ltr'>homo,</span> <span class='ocrx_word' id='word_1_368' title='bbox 1899 3864 1954 3940; x_wconf 91' lang='lat' dir='ltr'>sed</span> <span class='ocrx_word' id='word_1_369' title='bbox 1970 3867 2041 3960; x_wconf 87' lang='lat' dir='ltr'>ipsa</span> <span class='ocrx_word' id='word_1_370' title='bbox 2055 3873 2106 3945; x_wconf 83' lang='lat' dir='ltr'>lex</span> <span class='ocrx_word' id='word_1_371' title='bbox 2125 3895 2186 3946; x_wconf 81' lang='lat' dir='ltr'>mn·</span> <span class='ocrx_word' id='word_1_372' title='bbox 2218 3897 2224 3928; x_wconf 77' lang='lat'><strong>⁴</strong></span> 
     </span>
     <span class='ocr_line' id='line_1_34' title="bbox 562 3955 2224 4054; baseline 0.005 -20"><span class='ocrx_word' id='word_1_373' title='bbox 562 3961 628 4036; x_wconf 84' lang='lat' dir='ltr'>hoc</span> <span class='ocrx_word' id='word_1_374' title='bbox 649 3958 739 4033; x_wconf 87' lang='lat' dir='ltr'>sensu</span> <span class='ocrx_word' id='word_1_375' title='bbox 760 3964 911 4048; x_wconf 81' lang='lat' dir='ltr'>occipere</span> <span class='ocrx_word' id='word_1_376' title='bbox 931 3959 1089 4041; x_wconf 85' lang='lat' dir='ltr'>velimus,</span> <span class='ocrx_word' id='word_1_377' title='bbox 1124 3966 1364 4033; x_wconf 73' lang='lat' dir='ltr'>contradiceret</span> <span class='ocrx_word' id='word_1_378' title='bbox 1389 3955 1556 4034; x_wconf 87' lang='lat' dir='ltr'>trimonii,</span> <span class='ocrx_word' id='word_1_379' title='bbox 1586 3981 1683 4043; x_wconf 82' lang='lat' dir='ltr'>quom</span> <span class='ocrx_word' id='word_1_380' title='bbox 1703 3961 1853 4034; x_wconf 73' lang='lat' dir='ltr'>adultere</span> <span class='ocrx_word' id='word_1_381' title='bbox 1874 3965 2001 4040; x_wconf 73' lang='lat' dir='ltr'>nefarie</span> <span class='ocrx_word' id='word_1_382' title='bbox 2022 3972 2070 4042; x_wconf 82' lang='lat' dir='ltr'>ell</span> <span class='ocrx_word' id='word_1_383' title='bbox 2089 3993 2185 4042; x_wconf 82' lang='lat' dir='ltr'>tranr-</span> <span class='ocrx_word' id='word_1_384' title='bbox 2219 3965 2224 4054; x_wconf 67' lang='grc' dir='ltr'>ξ</span> 
     </span>
     <span class='ocr_line' id='line_1_35' title="bbox 561 4047 2224 4151; baseline 0.007 -20"><span class='ocrx_word' id='word_1_385' title='bbox 561 4061 727 4150; x_wconf 83' lang='lat' dir='ltr'>aposlolus</span> <span class='ocrx_word' id='word_1_386' title='bbox 745 4057 806 4145; x_wconf 74' lang='lat' dir='ltr'>ipsu</span> <span class='ocrx_word' id='word_1_387' title='bbox 833 4056 985 4134; x_wconf 76' lang='lat' dir='ltr'>Christo,</span> <span class='ocrx_word' id='word_1_388' title='bbox 1016 4057 1073 4144; x_wconf 85' lang='lat' dir='ltr'>qui</span> <span class='ocrx_word' id='word_1_389' title='bbox 1096 4080 1239 4144; x_wconf 88' lang='lat' dir='ltr'>propter</span> <span class='ocrx_word' id='word_1_390' title='bbox 1262 4055 1365 4128; x_wconf 84' lang='lat' dir='ltr'>sorni·</span> <span class='ocrx_word' id='word_1_391' title='bbox 1389 4047 1512 4143; x_wconf 78' lang='lat' dir='ltr'>gresso,</span> <span class='ocrx_word' id='word_1_392' title='bbox 1543 4061 1578 4125; x_wconf 84' lang='lat' dir='ltr'>dt</span> <span class='ocrx_word' id='word_1_393' title='bbox 1602 4052 1733 4127; x_wconf 83' lang='lat' dir='ltr'>ebrius</span> <span class='ocrx_word' id='word_1_394' title='bbox 1755 4060 1959 4151; x_wconf 75' lang='lat' dir='ltr'>obligatione</span> <span class='ocrx_word' id='word_1_395' title='bbox 1981 4061 2185 4142; x_wconf 85' lang='lat' dir='ltr'>sesesubtrr·</span> <span class='ocrx_word' id='word_1_396' title='bbox 2220 4059 2224 4116; x_wconf 67' lang='lat' dir='ltr'>i</span> 
     </span>
     <span class='ocr_line' id='line_1_36' title="bbox 561 4149 2224 4259; baseline 0.008 -32"><span class='ocrx_word' id='word_1_397' title='bbox 561 4159 726 4230; x_wconf 78' lang='lat' dir='ltr'>cntionem</span> <span class='ocrx_word' id='word_1_398' title='bbox 750 4154 924 4226; x_wconf 85' lang='lat' dir='ltr'>mulierem</span> <span class='ocrx_word' id='word_1_399' title='bbox 948 4180 965 4224; x_wconf 80' lang='lat' dir='ltr'>e</span> <span class='ocrx_word' id='word_1_400' title='bbox 987 4156 1060 4225; x_wconf 83' lang='lat' dir='ltr'>viro</span> <span class='ocrx_word' id='word_1_401' title='bbox 1088 4149 1255 4226; x_wconf 85' lang='lat' dir='ltr'>discedere</span> <span class='ocrx_word' id='word_1_402' title='bbox 1277 4150 1365 4243; x_wconf 85' lang='lat' dir='ltr'>posse</span> <span class='ocrx_word' id='word_1_403' title='bbox 1389 4153 1447 4221; x_wconf 88' lang='lat' dir='ltr'>xit.</span> <span class='ocrx_word' id='word_1_404' title='bbox 1498 4154 1572 4221; x_wconf 86' lang='lat' dir='ltr'>Hoc</span> <span class='ocrx_word' id='word_1_405' title='bbox 1593 4177 1848 4242; x_wconf 71' lang='lat' dir='ltr'>argumentum,</span> <span class='ocrx_word' id='word_1_406' title='bbox 1878 4167 1967 4248; x_wconf 84' lang='lat' dir='ltr'>quod</span> <span class='ocrx_word' id='word_1_407' title='bbox 1991 4187 2103 4240; x_wconf 79' lang='lat' dir='ltr'>temen</span> <span class='ocrx_word' id='word_1_408' title='bbox 2124 4169 2184 4259; x_wconf 79' lang='lat' dir='ltr'>pn&#39;·</span> <span class='ocrx_word' id='word_1_409' title='bbox 2216 4189 2224 4244; x_wconf 69' lang='lat' dir='ltr'>j</span> 
     </span>
     <span class='ocr_line' id='line_1_37' title="bbox 561 4248 2224 4357; baseline 0.01 -35"><span class='ocrx_word' id='word_1_410' title='bbox 561 4254 737 4346; x_wconf 87' lang='lat' dir='ltr'>permittit.</span> <span class='ocrx_word' id='word_1_411' title='bbox 783 4253 965 4322; x_wconf 76' lang='lat' dir='ltr'>Fornicatio</span> <span class='ocrx_word' id='word_1_412' title='bbox 982 4250 1105 4339; x_wconf 83' lang='lat' dir='ltr'>species</span> <span class='ocrx_word' id='word_1_413' title='bbox 1118 4254 1164 4323; x_wconf 83' lang='lat' dir='ltr'>eli</span> <span class='ocrx_word' id='word_1_414' title='bbox 1177 4252 1270 4324; x_wconf 79' lang='lat' dir='ltr'>malae</span> <span class='ocrx_word' id='word_1_415' title='bbox 1286 4276 1366 4322; x_wconf 90' lang='lat' dir='ltr'>con·</span> <span class='ocrx_word' id='word_1_416' title='bbox 1390 4248 1610 4328; x_wconf 81' lang='lat' dir='ltr'>meriumcll,</span> <span class='ocrx_word' id='word_1_417' title='bbox 1636 4252 1934 4331; x_wconf 82' lang='lat' dir='ltr'>Bellrrminusnon</span> <span class='ocrx_word' id='word_1_418' title='bbox 1954 4267 2118 4357; x_wconf 79' lang='lat' dir='ltr'>adtingit,</span> <span class='ocrx_word' id='word_1_419' title='bbox 2138 4261 2184 4339; x_wconf 92' lang='lat' dir='ltr'>sed</span> <span class='ocrx_word' id='word_1_420' title='bbox 2221 4249 2224 4328; x_wconf 58' lang='grc' dir='ltr'>Ῐ</span> 
     </span>
     <span class='ocr_line' id='line_1_38' title="bbox 560 4340 2224 4454; baseline 0.007 -28"><span class='ocrx_word' id='word_1_421' title='bbox 560 4348 769 4432; x_wconf 77' lang='lat' dir='ltr'>versationis,</span> <span class='ocrx_word' id='word_1_422' title='bbox 796 4347 850 4422; x_wconf 89' lang='lat' dir='ltr'>sed</span> <span class='ocrx_word' id='word_1_423' title='bbox 872 4375 1028 4440; x_wconf 77' lang='lat' dir='ltr'>ngenere</span> <span class='ocrx_word' id='word_1_424' title='bbox 1047 4353 1087 4421; x_wconf 79' lang='lat' dir='ltr'>nd</span> <span class='ocrx_word' id='word_1_425' title='bbox 1107 4371 1232 4421; x_wconf 78' lang='lat' dir='ltr'>certent</span> <span class='ocrx_word' id='word_1_426' title='bbox 1255 4360 1288 4424; x_wconf 83' lang='lat' dir='ltr'>dc</span> <span class='ocrx_word' id='word_1_427' title='bbox 1307 4355 1366 4421; x_wconf 92' lang='lat' dir='ltr'>de·</span> <span class='ocrx_word' id='word_1_428' title='bbox 1390 4347 1424 4416; x_wconf 93' lang='lat' dir='ltr'>in</span> <span class='ocrx_word' id='word_1_429' title='bbox 1449 4340 1533 4434; x_wconf 84' lang='lat' dir='ltr'>resp.</span> <span class='ocrx_word' id='word_1_430' title='bbox 1554 4350 1595 4415; x_wconf 79' lang='lat' dir='ltr'>ed</span> <span class='ocrx_word' id='word_1_431' title='bbox 1615 4347 1837 4425; x_wconf 67' lang='lat' dir='ltr'>obiectioncm</span> <span class='ocrx_word' id='word_1_432' title='bbox 1862 4383 1888 4436; x_wconf 74' lang='lat'>3·</span> <span class='ocrx_word' id='word_1_433' title='bbox 1914 4359 2026 4434; x_wconf 78' lang='lat' dir='ltr'>edient</span> <span class='ocrx_word' id='word_1_434' title='bbox 2047 4365 2184 4454; x_wconf 81' lang='lat' dir='ltr'>aliquid,</span> <span class='ocrx_word' id='word_1_435' title='bbox 2221 4341 2224 4426; x_wconf 61' lang='lat' dir='ltr'>i</span> 
     </span>
     <span class='ocr_line' id='line_1_39' title="bbox 560 4445 2224 4537; baseline 0.007 -13"><span class='ocrx_word' id='word_1_436' title='bbox 560 4454 771 4524; x_wconf 75' lang='lat' dir='ltr'>terminorum</span> <span class='ocrx_word' id='word_1_437' title='bbox 797 4445 938 4537; x_wconf 87' lang='lat' dir='ltr'>speciem</span> <span class='ocrx_word' id='word_1_438' title='bbox 968 4451 1149 4534; x_wconf 86' lang='lat' dir='ltr'>procedere</span> <span class='ocrx_word' id='word_1_439' title='bbox 1180 4448 1364 4534; x_wconf 87' lang='lat' dir='ltr'>nonlicet,</span> <span class='ocrx_word' id='word_1_440' title='bbox 1390 4447 1478 4529; x_wconf 86' lang='lat' dir='ltr'>quod</span> <span class='ocrx_word' id='word_1_441' title='bbox 1519 4469 1586 4513; x_wconf 90' lang='lat' dir='ltr'>non</span> <span class='ocrx_word' id='word_1_442' title='bbox 1626 4453 1837 4521; x_wconf 82' lang='lat' dir='ltr'>mediocriter</span> <span class='ocrx_word' id='word_1_443' title='bbox 1883 4455 1965 4528; x_wconf 87' lang='lat' dir='ltr'>illud</span> <span class='ocrx_word' id='word_1_444' title='bbox 2001 4463 2183 4536; x_wconf 82' lang='lat' dir='ltr'>confirmet.</span> <span class='ocrx_word' id='word_1_445' title='bbox 2221 4481 2224 4526; x_wconf 67' lang='grc' dir='ltr'><em>Ξ</em></span> 
     </span>
     <span class='ocr_line' id='line_1_40' title="bbox 561 4533 2224 4646; baseline 0.007 -23"><span class='ocrx_word' id='word_1_446' title='bbox 561 4575 639 4624; x_wconf 88' lang='lat' dir='ltr'>cum</span> <span class='ocrx_word' id='word_1_447' title='bbox 661 4573 727 4620; x_wconf 89' lang='lat' dir='ltr'>non</span> <span class='ocrx_word' id='word_1_448' title='bbox 752 4573 815 4619; x_wconf 83' lang='lat' dir='ltr'>uno</span> <span class='ocrx_word' id='word_1_449' title='bbox 834 4544 886 4619; x_wconf 86' lang='lat' dir='ltr'>sed</span> <span class='ocrx_word' id='word_1_450' title='bbox 902 4544 1013 4632; x_wconf 85' lang='lat' dir='ltr'>plures</span> <span class='ocrx_word' id='word_1_451' title='bbox 1033 4545 1092 4614; x_wconf 83' lang='lat' dir='ltr'>tint</span> <span class='ocrx_word' id='word_1_452' title='bbox 1115 4548 1206 4618; x_wconf 81' lang='lat' dir='ltr'>mnlae</span> <span class='ocrx_word' id='word_1_453' title='bbox 1225 4571 1362 4619; x_wconf 86' lang='lat' dir='ltr'>conver·</span> <span class='ocrx_word' id='word_1_454' title='bbox 1391 4542 1539 4640; x_wconf 77' lang='lat' dir='ltr'>Etionrfi</span> <span class='ocrx_word' id='word_1_455' title='bbox 1551 4539 1698 4640; x_wconf 85' lang='lat' dir='ltr'>(inquit)</span> <span class='ocrx_word' id='word_1_456' title='bbox 1705 4548 1901 4639; x_wconf 84' lang='lat' dir='ltr'>fornicatio</span> <span class='ocrx_word' id='word_1_457' title='bbox 1917 4555 2129 4646; x_wconf 75' lang='lat' dir='ltr'>spiritualis,</span> <span class='ocrx_word' id='word_1_458' title='bbox 2142 4562 2187 4634; x_wconf 81' lang='lat' dir='ltr'>n·-</span> <span class='ocrx_word' id='word_1_459' title='bbox 2219 4533 2224 4636; x_wconf 70' lang='lat'>⁴:</span> 
     </span>
     <span class='ocr_line' id='line_1_41' title="bbox 561 4639 2224 4756; baseline 0.008 -37"><span class='ocrx_word' id='word_1_460' title='bbox 561 4644 692 4721; x_wconf 80' lang='lat' dir='ltr'>sationis</span> <span class='ocrx_word' id='word_1_461' title='bbox 716 4643 847 4734; x_wconf 89' lang='lat' dir='ltr'>species.</span> <span class='ocrx_word' id='word_1_462' title='bbox 899 4646 1002 4738; x_wconf 90' lang='lat' dir='ltr'>Quod</span> <span class='ocrx_word' id='word_1_463' title='bbox 1028 4647 1115 4714; x_wconf 89' lang='lat' dir='ltr'>idem</span> <span class='ocrx_word' id='word_1_464' title='bbox 1139 4670 1235 4716; x_wconf 79' lang='lat' dir='ltr'>autor</span> <span class='ocrx_word' id='word_1_465' title='bbox 1259 4648 1292 4717; x_wconf 91' lang='lat' dir='ltr'>in</span> <span class='ocrx_word' id='word_1_466' title='bbox 1318 4642 1364 4717; x_wconf 90' lang='lat' dir='ltr'>se·</span> <span class='ocrx_word' id='word_1_467' title='bbox 1388 4641 1506 4715; x_wconf 79' lang='lat' dir='ltr'>delicet</span> <span class='ocrx_word' id='word_1_468' title='bbox 1525 4639 1743 4730; x_wconf 82' lang='lat' dir='ltr'>idololotria,</span> <span class='ocrx_word' id='word_1_469' title='bbox 1770 4651 1956 4746; x_wconf 80' lang='lat' dir='ltr'>infidelitas</span> <span class='ocrx_word' id='word_1_470' title='bbox 1974 4655 2016 4730; x_wconf 79' lang='lat'><em>&amp;</em></span> <span class='ocrx_word' id='word_1_471' title='bbox 2016 4684 2044 4728; x_wconf 90' lang='lat' dir='ltr'>c.</span> <span class='ocrx_word' id='word_1_472' title='bbox 2058 4662 2106 4756; x_wconf 84' lang='lat' dir='ltr'>fit</span> <span class='ocrx_word' id='word_1_473' title='bbox 2123 4681 2186 4734; x_wconf 79' lang='lat' dir='ltr'>ero·</span> <span class='ocrx_word' id='word_1_474' title='bbox 2221 4663 2224 4684; x_wconf 77' lang='lat'>⁸</span> 
     </span>
     <span class='ocr_line' id='line_1_42' title="bbox 559 4743 2224 4855; baseline 0.01 -38"><span class='ocrx_word' id='word_1_475' title='bbox 559 4743 738 4838; x_wconf 78' lang='lat' dir='ltr'>quentibut</span> <span class='ocrx_word' id='word_1_476' title='bbox 768 4745 840 4815; x_wconf 87' lang='lat' dir='ltr'>viro</span> <span class='ocrx_word' id='word_1_477' title='bbox 864 4769 990 4814; x_wconf 83' lang='lat' dir='ltr'>novum</span> <span class='ocrx_word' id='word_1_478' title='bbox 1014 4746 1262 4814; x_wconf 79' lang='lat' dir='ltr'>matrimonium</span> <span class='ocrx_word' id='word_1_479' title='bbox 1283 4769 1364 4814; x_wconf 88' lang='lat' dir='ltr'>con·</span> <span class='ocrx_word' id='word_1_480' title='bbox 1389 4743 1439 4812; x_wconf 84' lang='lat' dir='ltr'>inc</span> <span class='ocrx_word' id='word_1_481' title='bbox 1459 4751 1626 4834; x_wconf 79' lang='lat' dir='ltr'>peccatum</span> <span class='ocrx_word' id='word_1_482' title='bbox 1644 4744 1812 4832; x_wconf 72' lang='lat' dir='ltr'>obfirlnte,</span> <span class='ocrx_word' id='word_1_483' title='bbox 1837 4760 1947 4823; x_wconf 82' lang='lat' dir='ltr'>tomen</span> <span class='ocrx_word' id='word_1_484' title='bbox 1965 4760 2082 4852; x_wconf 87' lang='lat' dir='ltr'>rnogis</span> <span class='ocrx_word' id='word_1_485' title='bbox 2099 4783 2186 4855; x_wconf 77' lang='lat' dir='ltr'>repn-</span> <span class='ocrx_word' id='word_1_486' title='bbox 2221 4829 2224 4846; x_wconf 80' lang='grc'>,</span> 
     </span>
    </p>
   </div>
   <div class='ocr_carea' id='block_1_6' title="bbox 560 4833 2184 4946">
    <p class='ocr_par' dir='ltr' id='par_1_8' title="bbox 560 4833 2184 4946">
     <span class='ocr_line' id='line_1_43' title="bbox 560 4833 2184 4946; baseline 0.012 -38"><span class='ocrx_word' id='word_1_487' title='bbox 560 4846 650 4918; x_wconf 66' lang='lat' dir='ltr'>cedit</span> <span class='ocrx_word' id='word_1_488' title='bbox 679 4837 806 4914; x_wconf 74' lang='lat' dir='ltr'>dimissu</span> <span class='ocrx_word' id='word_1_489' title='bbox 836 4864 977 4930; x_wconf 89' lang='lat' dir='ltr'>propter</span> <span class='ocrx_word' id='word_1_490' title='bbox 1007 4839 1206 4910; x_wconf 76' lang='lat' dir='ltr'>adulterium</span> <span class='ocrx_word' id='word_1_491' title='bbox 1235 4865 1336 4912; x_wconf 82' lang='lat' dir='ltr'>uxore</span> <span class='ocrx_word' id='word_1_492' title='bbox 1352 4891 1362 4919; x_wconf 86' lang='lat'>‚</span> <span class='ocrx_word' id='word_1_493' title='bbox 1387 4850 1473 4932; x_wconf 81' lang='lat' dir='ltr'>gnot</span> <span class='ocrx_word' id='word_1_494' title='bbox 1487 4839 1642 4932; x_wconf 84' lang='lat' dir='ltr'>coningio</span> <span class='ocrx_word' id='word_1_495' title='bbox 1650 4833 1840 4934; x_wconf 78' lang='lat' dir='ltr'>fornicatio</span> <span class='ocrx_word' id='word_1_496' title='bbox 1855 4855 2058 4946; x_wconf 83' lang='lat' dir='ltr'>corporalis,</span> <span class='ocrx_word' id='word_1_497' title='bbox 2071 4855 2184 4932; x_wconf 76' lang='lat' dir='ltr'>&amp;ideo</span> 
     </span>
    </p>
   </div>
   <div class='ocr_carea' id='block_1_7' title="bbox 555 4905 2224 5148">
    <p class='ocr_par' dir='ltr' id='par_1_9' title="bbox 555 4905 2224 5148">
     <span class='ocr_line' id='line_1_44' title="bbox 557 4905 2224 5040; baseline 0.012 -24"><span class='ocrx_word' id='word_1_498' title='bbox 557 4941 692 5016; x_wconf 85' lang='lat' dir='ltr'>mulieri</span> <span class='ocrx_word' id='word_1_499' title='bbox 713 4964 824 5012; x_wconf 84' lang='lat' dir='ltr'>nutem</span> <span class='ocrx_word' id='word_1_500' title='bbox 840 4944 928 5011; x_wconf 89' lang='lat' dir='ltr'>idem</span> <span class='ocrx_word' id='word_1_501' title='bbox 943 4941 992 5009; x_wconf 85' lang='lat' dir='ltr'>ius</span> <span class='ocrx_word' id='word_1_502' title='bbox 1011 4941 1171 5026; x_wconf 76' lang='lat' dir='ltr'>denegnt,</span> <span class='ocrx_word' id='word_1_503' title='bbox 1196 4941 1228 5008; x_wconf 91' lang='lat' dir='ltr'>in</span> <span class='ocrx_word' id='word_1_504' title='bbox 1248 4966 1287 5012; x_wconf 81' lang='lat' dir='ltr'>eo</span> <span class='ocrx_word' id='word_1_505' title='bbox 1301 4963 1362 5009; x_wconf 91' lang='lat' dir='ltr'>nec</span> <span class='ocrx_word' id='word_1_506' title='bbox 1379 4939 1411 5036; x_wconf 78' lang='lat' dir='ltr'><em>st</em></span> <span class='ocrx_word' id='word_1_507' title='bbox 1426 4939 1616 5028; x_wconf 66' lang='lat' dir='ltr'>¹fornicatio</span> <span class='ocrx_word' id='word_1_508' title='bbox 1624 4941 1981 5040; x_wconf 22' lang='lat' dir='ltr'>spiritualis-solveret</span> <span class='ocrx_word' id='word_1_509' title='bbox 2003 4959 2183 5036; x_wconf 68' lang='lat' dir='ltr'>uinculum.</span> <span class='ocrx_word' id='word_1_510' title='bbox 2219 4905 2224 5036; x_wconf 81' lang='lat' dir='ltr'>i</span> 
     </span>
     <span class='ocr_line' id='line_1_45' title="bbox 555 5034 2182 5148; baseline 0.007 -34"><span class='ocrx_word' id='word_1_511' title='bbox 555 5037 727 5129; x_wconf 83' lang='lat' dir='ltr'>scripturae</span> <span class='ocrx_word' id='word_1_512' title='bbox 745 5034 859 5118; x_wconf 81' lang='lat' dir='ltr'>sacrae,</span> <span class='ocrx_word' id='word_1_513' title='bbox 892 5060 954 5109; x_wconf 88' lang='lat' dir='ltr'>nec</span> <span class='ocrx_word' id='word_1_514' title='bbox 978 5034 1035 5106; x_wconf 86' lang='lat' dir='ltr'>fibi</span> <span class='ocrx_word' id='word_1_515' title='bbox 1052 5035 1131 5123; x_wconf 85' lang='lat' dir='ltr'>rpsr,</span> <span class='ocrx_word' id='word_1_516' title='bbox 1158 5063 1219 5108; x_wconf 89' lang='lat' dir='ltr'>nec</span> <span class='ocrx_word' id='word_1_517' title='bbox 1242 5039 1362 5109; x_wconf 76' lang='lat' dir='ltr'>Bellur·</span> <span class='ocrx_word' id='word_1_518' title='bbox 1379 5035 1526 5134; x_wconf 85' lang='lat' dir='ltr'>solueret</span> <span class='ocrx_word' id='word_1_519' title='bbox 1542 5039 1643 5113; x_wconf 81' lang='lat' dir='ltr'>etiam</span> <span class='ocrx_word' id='word_1_520' title='bbox 1661 5049 1864 5140; x_wconf 68' lang='lat' dir='ltr'>corporalis,</span> <span class='ocrx_word' id='word_1_521' title='bbox 1882 5075 1922 5124; x_wconf 83' lang='lat' dir='ltr'>er</span> <span class='ocrx_word' id='word_1_522' title='bbox 1938 5077 1982 5124; x_wconf 90' lang='lat' dir='ltr'>eo</span> <span class='ocrx_word' id='word_1_523' title='bbox 2003 5055 2048 5126; x_wconf 89' lang='lat' dir='ltr'>src</span> <span class='ocrx_word' id='word_1_524' title='bbox 2063 5057 2182 5148; x_wconf 79' lang='lat' dir='ltr'>colligi·</span> 
     </span>
    </p>
   </div>
   <div class='ocr_carea' id='block_1_8' title="bbox 554 5131 2181 5347">
    <p class='ocr_par' dir='ltr' id='par_1_10' title="bbox 554 5131 2181 5347">
     <span class='ocr_line' id='line_1_46' title="bbox 554 5131 2181 5247; baseline 0.01 -37"><span class='ocrx_word' id='word_1_525' title='bbox 554 5141 648 5227; x_wconf 75' lang='lat' dir='ltr'>nino</span> <span class='ocrx_word' id='word_1_526' title='bbox 673 5132 853 5225; x_wconf 87' lang='lat' dir='ltr'>consentit,</span> <span class='ocrx_word' id='word_1_527' title='bbox 889 5155 927 5210; x_wconf 84' lang='lat' dir='ltr'>ut</span> <span class='ocrx_word' id='word_1_528' title='bbox 946 5131 1004 5210; x_wconf 92' lang='lat' dir='ltr'>suo</span> <span class='ocrx_word' id='word_1_529' title='bbox 1024 5134 1100 5209; x_wconf 89' lang='lat' dir='ltr'>loeo</span> <span class='ocrx_word' id='word_1_530' title='bbox 1122 5136 1252 5231; x_wconf 78' lang='lat' dir='ltr'>plenius</span> <span class='ocrx_word' id='word_1_531' title='bbox 1272 5140 1362 5217; x_wconf 89' lang='lat' dir='ltr'>vide·</span> <span class='ocrx_word' id='word_1_532' title='bbox 1387 5141 1661 5235; x_wconf 78' lang='lat' dir='ltr'>mtthurdquid</span> <span class='ocrx_word' id='word_1_533' title='bbox 1673 5147 1966 5238; x_wconf 63' lang='lat' dir='ltr'>incompactum,</span> <span class='ocrx_word' id='word_1_534' title='bbox 1981 5173 2017 5225; x_wconf 90' lang='lat' dir='ltr'>ut</span> <span class='ocrx_word' id='word_1_535' title='bbox 2030 5157 2181 5247; x_wconf 75' lang='lat' dir='ltr'>magiste-</span> 
     </span>
     <span class='ocr_line' id='line_1_47' title="bbox 2068 5267 2179 5347; baseline 0.009 -1"><span class='ocrx_word' id='word_1_536' title='bbox 2068 5267 2179 5347; x_wconf 69' lang='lat' dir='ltr'>1³¹¹ssnit</span> 
     </span>
    </p>
   </div>
   <div class='ocr_carea' id='block_1_9' title="bbox 0 0 2456 5984">
    <p class='ocr_par' dir='ltr' id='par_1_11' title="bbox 0 0 2456 5984">
     <span class='ocr_line' id='line_1_48' title="bbox 0 0 2456 5984; baseline 0 0"><span class='ocrx_word' id='word_1_537' title='bbox 0 0 2456 5984; x_wconf 95' lang='lat' dir='ltr'> </span> 
     </span>
    </p>
   </div>
  </div>
 </body>
</html>
