4884 5984
400 490 473 584 are
532 425 698 616 'rocos
717 484 842 598 extr.
892 479 992 558 can
1010 484 1052 558 v.
1102 467 1248 559 muna.
1264 485 1312 560 n.
1358 442 1469 561 mr.
1487 488 1532 558 n.
1585 450 1743 562 nater.
1789 484 1913 562 srcr.
1930 486 1965 561 t:

396 701 463 778 qao
488 680 570 756 rede
588 675 690 776 suiffe
712 677 926 778 prohibitor,
958 676 1057 753 modo
1084 677 1125 753 id
1139 681 1212 780 fiat
1235 682 1438 781 magistratu
1457 680 1589 776 gra-lm
1608 680 1743 775 aliquot
1762 679 1958 779 constituere
1972 691 2060 775 prot

388 776 532 877 servato
562 776 720 853 libertate
743 776 971 876 conscientie,
1005 778 1045 853 id
1071 779 1142 879 es,
1171 791 1214 880 at·
1233 781 1374 869 trimos,
1401 777 1483 877 qdos
1500 779 1560 852 icx
1583 778 1704 853 diuina
1724 782 1951 879 constituerat.
1997 773 2052 870 At

397 880 519 979 ronst
533 889 705 975 precntum
735 879 772 952 in
791 876 1032 974 ,moscimria,
1057 880 1091 977 st
1109 874 1207 973 secor
1224 879 1259 981 st
1279 880 1395 953 aeonia
1423 880 1668 957 matrimonio,
1708 899 1780 974 quae
1803 902 1869 952 non
1884 883 2052 1045 Bergoout

281 1055 288 1066 ,
353 1017 363 1050 ·.
386 978 470 1080 fiat.
487 976 1024 1069 Resp.PhilippusMelanchthon
1037 976 1209 1052 &Cleem-
1231 1004 1304 1053 cum
1326 978 1448 1052 divina
1460 976 1707 1075 prohibitione,
1728 974 1855 1073 scroto
1924 997 1981 1055 eo,
2009 968 2050 1052 f}

392 1079 498 1154 nitius
510 1078 600 1150 idem
616 1080 753 1164 omnino
773 1101 850 1150 cum
873 1077 1021 1150 Luthero
1038 1078 1208 1161 statuunt,
1230 1080 1352 1153 dirimi
1369 1088 1554 1174 nequeunt,
1594 1099 1674 1172 ergo
1704 1075 1797 1149 nulla
1827 1072 2081 1165 matrimonia„

348 1183 353 1196 “
393 1195 561 1266 precepta
581 1171 706 1248 scilicet
724 1177 870 1248 Levitico
887 1174 950 1251 esse
973 1176 1055 1265 jurii
1075 1196 1207 1250 natura·
1229 1176 1404 1275 prohiberi
1415 1173 1568 1274 poscent,
1585 1198 1656 1273 quse
1674 1171 1771 1248 Deus
1783 1170 2048 1270 norpradibteit,

380 1275 459 1358 lis,
484 1300 523 1347 ac
545 1276 685 1364 proinde
700 1269 975 1364 dispensationem
997 1271 1124 1346 nullam
1148 1278 1206 1347 ed·
1230 1301 1331 1375 neque
1348 1275 1410 1350 otti
1425 1276 1556 1371 gradus
1572 1272 1751 1374 constitui,
1774 1280 1854 1369 quos
1871 1269 1968 1345 Deos
1982 1293 2050 1344 non

391 1376 538 1447 mittere.
590 1373 694 1466 Quod
711 1374 752 1446 de
771 1370 926 1445 libertate
942 1369 1151 1469 conscientie
1172 1378 1207 1446 in
1231 1377 1418 1479 constituit,
1445 1377 1510 1474 nist
1536 1371 1714 1471 prodidere
1736 1373 1878 1446 velimus
1898 1394 1942 1444 ac
1960 1369 2049 1445 diri·

390 1470 673 1565 prohibitionibus
696 1469 847 1547 humanis
863 1474 1006 1557 addunt,
1031 1473 1065 1542 id
1087 1470 1142 1544 rel
1162 1476 1207 1545 de
1230 1502 1316 1550 mere
1347 1476 1596 1560 matrimonia,
1628 1494 1699 1571 qnae
1732 1468 1828 1546 Deus
1855 1469 2047 1566 conjurarit.

389 1568 674 1666 prohibitionibus
683 1567 861 1658 pontificiis
874 1573 1117 1660 accipiendum,
1131 1595 1205 1657 quae
1229 1572 1334 1665 Resp.
1363 1576 1633 1667 distinguendum
1666 1576 1756 1645 inter
1782 1570 2051 1662 prohihitionem

390 1666 624 1744 conscientiam
651 1693 717 1740 ¹¹0⁸
738 1667 916 1762 obligant,
944 1670 997 1742 vel
1023 1671 1065 1739 de
1088 1666 1204 1757 prohi·
1227 1675 1433 1747 matrimonii
1463 1671 1709 1754 contrahendi,
1740 1681 1777 1745 de
1801 1666 2048 1766 dissolutionem

390 1768 574 1842 bitionibus
592 1770 819 1859 magistratus,
849 1767 872 1839 st
892 1772 931 1840 ad
945 1793 998 1841 eas
1012 1767 1204 1840 acceditdi‹
1226 1774 1431 1845 matrimonii
1446 1772 1620 1844 eontradli.
1658 1772 1872 1861 Magistratus
1888 1793 1958 1839 non
1972 1762 2046 1854 pos

381 1865 575 1965 sponsabo,
604 1891 667 1956 per
685 1891 783 1955 quam
799 1862 1117 1955 prohibitioincasu
1131 1862 1203 1955 spe·
1226 1869 1302 1943 sunt
1322 1871 1412 1943 serre
1432 1871 1597 1958 ejmmodi
1615 1870 1728 1960 leges,
1755 1892 1827 1960 quae
1847 1868 2045 1957 conjugium
2075 1953 2081 1964 Ι

263 2046 268 2066 ⁸
389 1965 464 2041 ciali
484 1968 676 2045 relaxatur,
699 1964 753 2038 vel
777 1969 819 2037 de
839 1965 1066 2056 prohibitione
1088 1969 1202 2038 matri·
1226 1972 1261 2040 in
1281 1967 1441 2061 gradibus
1458 1970 1574 2041 divino
1586 1969 1664 2061 jure
1678 1992 1746 2038 non
1767 1962 1948 2057 prohibitis
1965 1987 2044 2036 con·

312 2065 316 2077 '
389 2069 540 2140 minium
556 2062 820 2137 contrabendum
835 2067 971 2151 quidem
984 2066 1200 2152 impediente,
1227 2074 1371 2139 tracium
1402 2070 1536 2155 penitus
1562 2064 1756 2150 dissblvant,
1795 2068 1830 2138 id
1860 2067 1953 2135 enim
1980 2085 2044 2153 pu·

389 2170 598 2240 contrabium
619 2186 730 2236 tamen
746 2187 816 2236 non
830 2166 1026 2242 dirimente,
1057 2187 1132 2235 cum
1150 2167 1200 2236 di·
1224 2188 1345 2259 gnaret
1363 2190 1441 2236 cum
1454 2169 1545 2237 dieto
1559 2163 1705 2249 Christi,
1740 2161 1842 2262 Quod
1857 2157 1955 2235 Deus
1966 2183 2044 2234 con·

388 2265 474 2337 oinae
495 2259 737 2355 prohibitiones
752 2271 790 2337 bt
805 2260 1069 2336 contrahendum
1091 2265 1198 2351 impe·
1217 2265 1344 2362 junxit
1367 2261 1437 2338 tte.
1466 2260 1600 2354 possunt
1624 2287 1737 2335 nmen
1764 2262 1855 2337 serre
1877 2260 2044 2349 eiusmodi

278 2433 285 2442 ,
388 2365 509 2446 diane,
545 2373 582 2437 δι
612 2364 819 2436 contrabium
847 2358 1046 2443 dissolvant,
1073 2360 1127 2432 vel
1154 2362 1200 2432 de
1222 2364 1342 2455 leges,
1383 2386 1456 2451 que
1492 2366 1743 2435 matrimonium
1772 2359 2051 2434 conuehendum

379 2458 646 2553 ,transgressione
659 2458 892 2548 prohibitionis
910 2484 949 2530 et
964 2458 1061 2547 plena
1076 2467 1110 2531 &
1124 2481 1199 2530 cer·
1222 2463 1427 2551 impediant,
1454 2465 1544 2548 quod
1567 2486 1633 2533 non
1649 2462 1901 2534 existimandum
1915 2461 1963 2531 cst
1975 2466 2041 2556 'pu-

387 2579 421 2632 ta
435 2557 566 2629 scientia
578 2554 747 2647 profem.
766 2581 844 2627 cunt
862 2558 983 2630 divinae
999 2554 1198 2645 prohibitio·
1220 2586 1329 2650 gnare
1343 2586 1421 2633 sum
1434 2563 1653 2631 determinata
1668 2557 1896 2663 prohibitione
1923 2558 1957 2628 in
1977 2561 2041 2628 Le·

387 2681 446 2734 nes
461 2653 693 2727 conscientiam
709 2651 936 2745 obstringant,
956 2651 1197 2745 tiveexptoae-
1222 2661 1344 2746 eirico,
1369 2660 1447 2745 quia
1471 2660 1743 2748 distinguendum
1773 2660 1819 2729 est
1844 2660 1933 2727 inter
1959 2679 2040 2726 cotr-

385 2752 449 2830 rest
463 2752 531 2829 five
546 2777 586 2828 ex
600 2754 785 2848 ignorantia
808 2745 1003 2826 violentur!
1217 2755 1397 2830 cessionem
1419 2753 1526 2854 plone
1557 2753 1749 2851 absolutam
1773 2780 1810 2828 ac
1832 2752 2061 2828 limitatam..

691 2866 722 2939 §.
740 2852 913 2924 ccxctt.
962 2854 1086 2925 Preter
1105 2847 1196 2926 hunc
1219 2860 1314 2931 Deus
1333 2877 1428 2929 extra
1447 2858 1570 2946 gradus
1597 2859 1631 2926 in
1652 2853 1728 2946 lege
1749 2852 1941 2943 prohibitos
1965 2878 2037 2926 ma·

409 2941 571 3041 Chemmis?
643 2944 1196 3039 diffenfitmtribuitsesuitaCdcm-
1219 2956 1369 3025 trimonii
1395 2949 1585 3026 libertatem
1599 2954 1727 3040 dedit,
1759 2948 1814 3023 sed
1838 2978 1877 3025 ea
1901 2950 2039 3024 libertae

405 3025 582 3094 mm·
641 3050 729 3122 nitio
762 3070 829 3120 tres
857 3051 1133 3132 contradidiones
1159 3062 1195 3126 δε
1219 3077 1287 3123 non
1305 3055 1351 3124 est
1369 3048 1542 3131 absoluta,
1574 3077 1612 3123 ac
1630 3051 1729 3140 plane
1747 3049 1933 3135 illimitata‚
1957 3051 2038 3138 quia

642 3173 747 3240 unum
767 3150 987 3221 mendacium.
1038 3147 1085 3245 Ι.)
1100 3147 1195 3224 Pre-
1219 3152 1425 3243 magistratui
1442 3147 1582 3222 honesta'
1594 3151 1803 3240 praecipienti
1821 3147 1961 3222 obedire
1971 3143 2038 3237 jus·

385 3243 1194 3341 ceptaLeoiticidegradibascognationistem-
1220 3248 1278 3336 fit3
1306 3250 1447 3336 proinde
1460 3274 1537 3322 cum
1557 3250 1767 3337 magistratus
1784 3250 1818 3317 in
1835 3244 2038 3335 quibusdam

383 3347 490 3417 nitius
507 3344 597 3417 dicit
625 3341 684 3441 esc
703 3344 865 3418 mandato
885 3348 1088 3433 naturalia,
1121 3370 1196 3446 quc
1217 3349 1396 3439 gradibus,
1422 3350 1478 3435 qui
1499 3345 1648 3435 expretlit
1667 3349 1735 3418 Dei
1750 3347 1826 3436 lege
1846 3329 2036 3437 prohibitos

383 3440 431 3524 ad
450 3466 560 3517 omnes
579 3442 727 3516 homines
750 3442 791 3517 si
812 3447 926 3517 onmia
946 3456 1096 3542 recipcre
1116 3472 1194 3545 per·
1219 3451 1371 3535 proxime
1401 3448 1641 3536 contingunt,
1673 3472 1693 3516 a
1721 3447 1846 3532 nuptiis
1872 3443 2037 3520 abstinere

383 3543 533 3629 tineent,
560 3552 718 3640 tanquam
733 3565 859 3617 norme
867 3546 1009 3645 justitiet
1028 3547 1065 3619 in
1089 3557 1195 3620 mente
1216 3544 1361 3636 jusserit,
1391 3543 1470 3616 huic
1495 3546 1704 3634 magistratus
1729 3545 1935 3614 ordinationi
1954 3543 2036 3617 obe·

388 3633 430 3714 si
445 3642 619 3716 voluntate
636 3644 755 3716 divina
772 3642 1019 3730 immutabiles,
1035 3671 1069 3735 p.
1092 3670 1194 3738 ¹23¹·
1216 3648 1376 3718 dientiam
1397 3645 1550 3732 prestare
1578 3646 1672 3715 Deus
1699 3636 1769 3730 ipse
1794 3637 1896 3731 jussit.
1950 3642 2036 3737 lsi.)

385 3736 428 3816 fd
446 3752 556 3813 tamen
582 3766 615 3829 p.
637 3763 737 3832 1230.
755 3742 911 3829 dixerat,
932 3741 1043 3816 Deum
1062 3742 1194 3842 dispen-
1219 3742 1288 3817 Per
1322 3744 1411 3838 leger
1441 3741 1607 3813 humanas
1633 3751 1738 3813 certos
1766 3740 1922 3839 constitui
1946 3734 2036 3836 posse

374 3835 464 3937 susc
485 3865 558 3913 cunr
570 3840 664 3935 filiis
684 3837 837 3927 Adonei,
862 3842 1040 3936 etsratres
1055 3842 1193 3940 comsa-
1215 3842 1347 3942 gradus
1361 3838 1508 3937 adserit,
1537 3840 1630 3912 intro
1652 3863 1733 3935 qnos
1752 3862 1818 3910 non
1853 3848 1904 3911 mt
1921 3836 2037 3934 iegiti⁴

381 3936 516 4013 roribus
538 3938 797 4033 copularentnr,
826 3943 884 4036 qui
900 3946 943 4039 est
961 3945 1093 4039 primur
1110 3968 1193 4039 gro·
1216 3965 1274 4015 rna
1296 3942 1539 4026 matrimonia,
1561 3938 1623 4036 sed
1645 3950 1755 4012 tamen
1768 3934 1873 4031 solva
1895 3936 2035 4012 liberto·
2076 3965 2079 3972 ·

380 4037 444 4112 dus
457 4039 492 4111 in
508 4038 597 4112 linea
613 4037 805 4136 transverso
824 4042 859 4113 in
874 4039 1030 4115 Levitico
1047 4039 1193 4139 expreffe
1216 4052 1248 4114 te
1268 4039 1496 4139 conscientie,
1521 4049 1560 4110 at
1583 4041 1645 4139 r'sto
1667 4036 1839 4138 ntuniseste
1862 4048 2034 4133 pugnaret.

375 4136 582 4237 prohibitur.
632 4136 735 4230 Resp.
759 4145 911 4228 exceptio
937 4167 1003 4212 non
1034 4141 1121 4214 tollit
1139 4133 1313 4215 re··Ndne
1346 4140 1400 4213 vet
1428 4140 1649 4213 nratrimonio
1682 4139 1774 4210 intra
1804 4135 1936 4231 gradus
1963 4136 2035 4233 iege

275 4304 286 4320 ,
381 4238 519 4331 gulam,
551 4263 589 4310 ac
612 4234 808 4326 dispensatio
830 4242 863 4308 in
893 4238 1085 4327 particulari
1109 4265 1192 4329 quo·
1215 4241 1364 4314 saumana
1377 4237 1593 4336 prescriptos
1610 4236 1782 4310 contentia
1800 4247 1897 4309 erunt
1919 4236 2036 4332 legiti-

381 4344 457 4412 dam
474 4335 548 4418 casu
569 4362 636 4408 non
651 4338 762 4410 abolet
776 4340 945 4411 interdit‘ii
966 4335 1191 4411 universalita·
1216 4363 1299 4426 mo,
1338 4339 1393 4412 trel
1418 4337 1610 4433 illegitima.
1682 4334 1858 4430 Legitima
1872 4332 1943 4432 ese
1964 4359 2033 4410 nort

382 4460 461 4511 tem.
510 4439 679 4527 Praecepta
708 4436 765 4509 illa
788 4438 927 4509 Levitici
959 4441 1128 4526 pertinent
1149 4439 1189 4509 ad
1212 4437 1366 4555 disum>
1384 4459 1463 4508 'cnm
1474 4439 1545 4535 snt
1559 4444 1676 4508 contra
1694 4436 1817 4531 sercin,
1841 4459 1923 4531 ergo
1936 4444 2033 4509 munt

380 4563 496 4610 onanes
510 4536 708 4610 homines&
723 4538 833 4608 omnia
852 4556 1020 4624 tempora,
1044 4539 1191 4632 exceptis
1217 4537 1422 4633 illegitimo,
1448 4560 1527 4633 crgo
1547 4538 1581 4607 in
1603 4534 1805 4630 conscientia
1826 4535 1954 4608 malum
1968 4535 2034 4609 erit

380 4643 455 4718 solis
480 4640 560 4708 hdae
585 4633 659 4705 tiliis
686 4644 720 4709 &
741 4637 858 4724 primis
877 4634 941 4705 illis
964 4639 1080 4705 mundi
1105 4656 1192 4705 tem·
1217 4638 1277 4711 illa
1299 4634 1512 4717 contrahere,
1535 4637 1598 4733 nis
1611 4634 1707 4727 sorte
1725 4660 1791 4707 non
1810 4637 1856 4733 st
1877 4633 2030 4721 multem,

379 4744 536 4836 poribus,
562 4759 626 4820 (tua
641 4736 681 4804 de
700 4759 736 4806 re
761 4736 872 4823 postea
889 4731 1023 4805 uberius
1049 4736 1190 4805 dicetur.
1218 4739 1253 4811 in
1273 4734 1474 4831 corescientio
1494 4737 1627 4807 nomine
1650 4736 1802 4830 corrjngii
1819 4735 2034 4829 fornicatio-

380 4848 444 4930 ΙΙ.)
458 4834 712 4917 Matrimonia,
734 4854 806 4928 que
823 4856 888 4903 non
901 4843 1059 4928 pregnont
1074 4843 1192 4932 contra
1218 4863 1291 4909 nem
1312 4839 1533 4919 committere,
1558 4856 1639 4929 ergo
1669 4835 1726 4908 lex
1754 4834 1838 4919 illc,
1876 4834 2033 4931 momnis

381 4934 519 5018 divinas
527 4933 791 5035 prohibitiones,
810 4928 903 5027 essen
919 4928 993 5004 Deo
1008 4932 1191 5027 consentia,
1217 4936 1392 5019 humano,
1428 4937 1464 5007 in
1485 4933 1686 5028 couscientia
1713 4933 1857 5030 obligat.
1927 4930 2035 5023 Resp.

385 5040 427 5118 Θ
451 5043 524 5117 ideo
546 5062 613 5111 non
632 5035 751 5109 dirimi
771 5028 857 5129 ροβε
880 5028 1007 5127 adserit
1029 5058 1064 5120 p.
1089 5044 1190 5123 1238.
1216 5064 1258 5109 an
1279 5049 1313 5112 δε
1334 5057 1497 5124 quatenus
1511 5032 1722 5125 transgressio
1739 5033 1853 5127 legum
1874 5031 2036 5123 positiva·

245 5170 247 5173 ⁴
380 5143 507 5221 ibidem
521 5154 633 5219 tanen
647 5132 815 5219 concedit,
832 5127 922 5230 posi
937 5131 1020 5206 eccle
1033 5156 1101 5206 tam
1116 5157 1190 5207 com
1215 5163 1293 5212 rum
1318 5138 1354 5209 in
1380 5130 1580 5210 couscientia
1607 5133 1770 5228 obliget,
1808 5137 1844 5207 in
1867 5140 1969 5208 tratt.
1992 5137 2037 5212 de

308 5251 316 5272 ¹
1883 5234 2036 5329 magistr.
