4884 5984
817 557 820 562 -
907 510 968 594 ot
1019 508 1293 628 contrari.
1883 530 1926 600 1³

282 731 370 782 aute
398 731 477 783 curn
510 708 720 782 distretiione
752 710 828 778 Deo
855 704 1091 780 adiecere-ac
1115 715 1150 780 dt
1176 705 1388 780 distractione
1416 707 1522 780 vitam
1550 707 1720 800 transigi,
1756 705 1934 788 sedimus
1966 749 1972 756 ·

283 803 581 881 santiificationcm
610 805 735 880 seclari.
788 803 977 879 Coelibibur
1002 807 1090 877 enim
1114 806 1241 886 innuit,
1265 829 1334 878 noo
1357 802 1422 881 esse
1445 805 1563 879 omnes
1586 815 1630 881 ad
1650 807 1933 887 coelibatnmu'do·
1965 891 1967 896 ,

287 909 452 998 pontiore
486 907 691 1002 obiiciuntur
715 906 954 996 impedimenta
977 907 1012 976 in
1036 931 1093 980 eu·
1116 926 1218 988 ntor,
1246 929 1309 976 nec
1331 904 1487 978 omnibus
1513 903 1578 979 osse
1602 912 1745 988 darum,
1785 931 1823 982 ut
1847 912 1933 980 cane
2065 905 2069 916 '

249 1029 255 1035 ·
291 1007 407 1078 randis
429 1007 487 1086 iit,
513 1029 585 1094 quae
605 1001 679 1075 sunt
700 1002 865 1083 Domini,
889 1029 989 1092 quarn
1014 1028 1093 1076 con·
1118 1027 1209 1075 extra
1237 1006 1430 1096 coniugium
1454 1009 1570 1077 virere
1600 1003 1733 1096 possint.
1800 1005 1855 1106 2.)
1880 1013 1927 1079 Ex

269 1104 428 1196 iugatis.
462 1105 537 1200 t.)
564 1104 772 1193 Cumprimis
798 1125 879 1175 tero
904 1097 1038 1191 respicit
1058 1129 1093 1173 a·
1118 1098 1347 1197 disputatione
1370 1104 1515 1206 apostoli
1535 1132 1545 1174 1
1564 1109 1732 1180 Convll.
1755 1107 1812 1179 ubi
1826 1104 1928 1180 diser-

290 1201 440 1292 postoiua
459 1206 500 1275 ad
522 1206 681 1296 coniugia
701 1203 866 1290 imparia,
891 1203 978 1274 iuter
995 1204 1094 1273 mari·
1118 1221 1152 1274 te
1173 1205 1293 1283 docet,
1330 1227 1399 1276 non
1426 1199 1516 1294 posse
1547 1204 1833 1280 indiscriminatim
1855 1208 1929 1294 qui·

291 1322 365 1374 tum
380 1299 512 1376 fidelem
535 1312 570 1375 dc
591 1325 731 1375 uxorem
748 1296 940 1384 infidelem,
968 1300 1022 1375 vei
1043 1302 1093 1371 in·
1117 1297 1231 1372 busvis
1261 1300 1455 1375 coelibatum
1488 1300 1660 1392 prescribi
1687 1302 1741 1376 vel
1773 1301 1928 1385 suaderi,

289 1420 345 1474 tet
363 1425 504 1474 uxorem
520 1397 656 1473 fidelem
672 1411 706 1476 δι
729 1401 885 1474 maritum
902 1396 1094 1490 infidelem,
1117 1392 1173 1471 sed
1189 1403 1230 1471 ad
1248 1399 1474 1475 diretfitatem
1494 1399 1737 1491 personarum,
1761 1407 1928 1477 donorum

289 1501 327 1573 iu
342 1499 465 1590 quibos
479 1500 587 1574 multa
602 1500 841 1589 impedimenta
854 1500 986 1587 pietatis
1000 1525 1095 1573 exet·
1118 1507 1154 1572 de
1177 1500 1395 1572 vocationum
1417 1497 1473 1571 hic
1495 1496 1560 1573 esse
1572 1497 1829 1591 respiciendum.
1847 1531 1879 1575 v.
1896 1524 1925 1576 1.

288 1600 377 1672 eitiia
394 1598 494 1673 obiici
517 1593 637 1672 solent.
682 1595 738 1696 7.)
764 1599 836 1690 Qui
849 1591 1038 1688 disputent,
1060 1603 1093 1670 in
1117 1597 1221 1669 dicit:
1251 1593 1388 1671 Bonum
1417 1599 1483 1698 ιβ,
1510 1597 1641 1674 stomini
1668 1602 1838 1676 moliorem
1861 1625 1927 1676 non

286 1698 451 1790 coniugio
471 1700 574 1790 queri
599 1696 729 1770 delitias
752 1698 881 1782 carnia,
905 1705 1094 1786 expendant
1117 1705 1265 1791 tongere.
1317 1700 1380 1772 Sed
1405 1699 1514 1770 statim
1534 1702 1624 1771 addit
1649 1726 1681 1773 r.
1698 1727 1732 1775 2.
1781 1701 1928 1799 Propter

282 1794 350 1874 effe
364 1792 608 1871 hunc-abutum
628 1797 797 1887 coniugii,
822 1820 900 1868 curn
913 1817 1032 1869 contra·
1044 1799 1094 1888 pii
1108 1793 1382 1888 fornicationem
1409 1797 1629 1893 unnsquisque
1646 1798 1769 1873 inient
1786 1824 1927 1876 uxorem

282 1895 444 1987 exemplo
454 1893 572 1969 Tobiae
588 1915 704 1980 orent,
728 1896 819 1968 Tob.
833 1901 924 1967 vlit.
936 1921 977 1987 9.
1018 1892 1094 1988 Do·
1108 1889 1242 1989 ficum,
1268 1893 1309 1970 ὅ
1326 1894 1481 1992 quaelibet
1502 1897 1613 1970 niman
1628 1895 1755 1993 sanent
1782 1904 1925 1975 ostendit

261 2037 264 2044 =
284 1997 376 2070 mirre
394 2005 432 2068 tn
448 1990 540 2094 scis,
562 1993 643 2090 quio
663 2015 731 2066 non
749 1992 900 2067 roxaria
918 1989 1019 2090 conso
1035 2017 1092 2067 oc·
1113 1994 1222 2084 igitur
1239 1992 1287 2067 ob
1308 1993 1544 2069 sornirrtionir
1571 1997 1759 2086 periculum
1789 1998 1927 2088 quibus·

282 2096 379 2194 cipio
389 2091 540 2190 sororem
558 2116 698 2167 notorem
711 2150 726 2180 ,
743 2090 801 2186 sed
811 2090 893 2188 soso
911 2095 1090 2194 posterito·
1113 2095 1191 2164 dam
1207 2094 1316 2185 magis
1333 2097 1514 2167 convenire
1529 2098 1724 2186 coniugium
1740 2121 1839 2187 quam
1856 2124 1925 2171 cce·

280 2196 328 2270 tis
353 2192 553 2273 diieiiionet
592 2195 783 2284 expendant
805 2195 908 2264 etiam
929 2217 1090 2286 conruga-
1112 2189 1269 2265 libatum.
1294 2191 1573 2285 Origenerhoua.
1592 2195 1825 2270 X1.inExod.
1851 2193 1926 2270 Bo·

278 2293 350 2370 leur
363 2290 622 2368 castitatemetie
636 2294 766 2364 donum
782 2293 874 2380 Dei,
895 2295 1090 2367 tconvlt.
1112 2313 1191 2362 num
1215 2293 1259 2390 ιβ
1281 2289 1448 2380 nomini,
1478 2291 1648 2366 nmir'erem'
1675 2317 1740 2366 noa
1763 2306 1922 2391 tongere,

280 2415 316 2480 7.
341 2387 432 2488 (quo
450 2387 545 2467 sentit
566 2393 698 2464 ditium
725 2388 811 2461 illud
831 2389 1051 2479 apostolieum
1068 2418 1089 2464 a
1103 2384 1337 2484 salvatamen
1353 2391 1498 2465 remedio
1518 2388 1597 2476 iris,
1621 2392 1683 2487 qni
1690 2415 1755 2490 pro
1777 2396 1923 2494 infirmi·

277 2493 454 2583 plerisque
478 2492 669 2581 accipitur)
699 2497 736 2562 dt
763 2492 799 2559 in
829 2484 908 2579 ipso·
927 2489 1090 2581 coniugio
1111 2497 1186 2561 tote
1202 2486 1271 2585 suo
1293 2488 1442 2563 remedio
1459 2490 1615 2586 indigent
1639 2491 1800 2590 nuptiali.
1827 2501 1867 2569 vi
1885 2517 1919 2590 7.
1990 2570 1992 2574 ,
2063 2511 2069 2519 ’

266 2595 390 2666 carnia
407 2583 1020 2679 concupiscentiamesiefrenandam,
1044 2614 1086 2662 ne
1108 2589 1243 2677 inquit:
1273 2588 1368 2674 Volo
1389 2612 1498 2663 omnes
1526 2589 1677 2664 homines
1705 2587 1795 2688 effe,
1840 2594 1923 2679 fient

274 2712 353 2764 ruat
372 2694 409 2762 in
423 2688 546 2764 telina
563 2711 685 2761 contra
698 2688 847 2762 divinam
866 2685 1083 2776 iegemttin
1108 2708 1172 2781 ego
1180 2684 1287 2781 sum,·
1323 2686 1380 2760 sed
1405 2691 1512 2762 statim
1539 2684 1701 2760 subiicit:
1749 2689 1922 2767 Vernnto·

275 2790 439 2882 coniugio
457 2791 617 2876 cuiusque
635 2809 699 2859 nor
709 2783 933 2883 poffldendnm
952 2785 989 2856 in
997 2782 1085 2879 son·
1108 2808 1181 2857 men
1209 2787 1428 2882 unnsquisque
1455 2787 1632 2882 proprium
1665 2786 1787 2861 donum
1819 2789 1919 2864 iubet
1989 2797 1991 2802 ’

275 2888 479 2988 ffisieotione
494 2883 536 2970 tt
555 2886 704 2968 honore,
725 2906 791 2955 non
809 2884 845 2955 in
861 2877 991 2963 πάθεσι
1008 2906 1084 2954 con·
1107 2907 1153 2957 ιιι
1174 2879 1276 2971 Deo,
1297 2884 1388 2966 oiim
1399 2885 1472 2983 βι,
1494 2883 1585 2958 oiim
1605 2907 1683 2959 vero
1694 2889 1754 2987 βι.
1807 2893 1921 2965 Docet

275 2985 515 3086 tnpisemtiaet
544 2981 681 3058 1Thcss.
705 2988 762 3055 lV.
786 3008 821 3069 4.
845 2993 879 3054 dt
903 3002 934 3069 5.
960 3006 1084 3072 expen-
1107 2984 1215 3075 igitur
1235 2983 1423 3073 quemlibet
1439 2982 1563 3056 debere
1577 2987 1618 3054 ad
1633 2984 1820 3060 mensurum
1837 2985 1918 3062 doni
2006 3003 2032 3084 J

272 3089 383 3172 daut,
408 3080 597 3178 apostolum
615 3085 727 3173 potius
739 3079 998 3155 triturationem
1008 3105 1087 3153 cor·
1108 3082 1270 3154 divinitus
1285 3081 1347 3154 fibi
1364 3082 1508 3155 couceffi
1525 3084 1561 3152 in
1576 3078 1738 3172 eligendo
1757 3084 1919 3162 caelibatu

272 3185 332 3262 aris
348 3211 452 3280 qoam
467 3182 597 3258 delitias
612 3183 721 3253 carnis
739 3179 938 3272 coniugibus
956 3178 1082 3251 tribue·
1106 3177 1298 3271 respicere,
1330 3203 1393 3252 nec
1415 3182 1544 3253 maiora
1567 3181 1692 3254 vitibus
1718 3179 1780 3256 suis
1796 3188 1916 3277 adgre·
1935 3197 1937 3202 '

272 3311 339 3370 τις
369 3312 381 3358 ι
399 3288 485 3360 Gor.
497 3288 572 3353 vn.
587 3297 648 3366 ιε.
661 3282 871 3368 expendant,
886 3280 1083 3369 coniugium
1106 3281 1154 3353 di.
1180 3307 1215 3351 v..
1238 3297 1276 3368 3.
1298 3282 1403 3351 dicit:
1433 3274 1568 3349 Bonnm
1585 3275 1644 3374 ιβι
1662 3305 1728 3355 non
1745 3284 1859 3379 nuptis
1874 3309 1916 3358 oc

270 3381 339 3460 esse
358 3381 509 3458 sciolum
527 3382 660 3459 crucis,
684 3380 878 3468 patientia,
898 3378 1081 3447 invocatio·
1105 3376 1286 3474 vidais,fi
1311 3379 1347 3452 r’n
1372 3373 1430 3449 illo
1455 3378 1537 3450 oitae
1553 3379 1649 3475 stato
1668 3396 1912 3474 permaneant,-

268 3487 324 3557 nir
339 3493 379 3558 dc
396 3482 541 3555 aliarum
558 3479 812 3550 christianarum
826 3477 1084 3563 virtutumm.
1105 3472 1158 3549 sed
1186 3478 1295 3548 statim
1324 3477 1417 3550 addit
1439 3503 1475 3548 r.
1493 3498 1529 3566 9.
1601 3471 1703 3572 Quod
1722 3481 1755 3578 β
1784 3502 1851 3552 non
1873 3481 1914 3578 se

269 3585 422 3674 pendeat
437 3578 530 3652 estus
552 3577 700 3648 libidinis
718 3601 781 3665 per
795 3573 989 3646 coelibatum
1012 3598 1084 3644 non.
1103 3575 1294 3652 continent,
1319 3571 1471 3661 nubant,
1499 3572 1618 3648 meiius
1641 3577 1685 3744 ιβ
1705 3578 1792 3651 enim
1812 3579 1912 3655 nube·

268 3674 523 3774 utiingui',sed
537 3676 707 3749 honestate
719 3667 1077 3762 nuptianamexcusari.
1102 3696 1251 3769 requam
1266 3673 1340 3762 nri;
1363 3673 1475 3744 statuit
1493 3673 1599 3765 igitur
1620 3673 1703 3760 iiia,
1731 3680 1789 3767 qui
1808 3704 1914 3754 uron-

257 3844 262 3850 ,
431 3799 437 3804 ·
587 3784 626 3862 §.
649 3774 907 3848 ccccxctv.
962 3766 1077 3843 Tertio
1102 3794 1185 3852 tur,
1210 3792 1250 3845 ut
1271 3768 1303 3842 se
1326 3773 1501 3845 continere
1523 3797 1596 3843 non
1613 3771 1762 3861 poffint,
1790 3778 1915 3853 melius,

268 3869 489 3964 montmor-
535 3871 748 3964 psoposatio:
793 3866 985 3943 Coiibotm
1009 3892 1077 3941 non
1100 3867 1165 3944 esse
1180 3874 1219 3942 io
1233 3870 1408 3961 coniugio,
1435 3893 1534 3956 quam
1551 3892 1644 3944 extra
1669 3873 1753 3945 iliud
1780 3878 1907 3960 vivere.

268 3962 320 4050 *¹9⁸
340 3971 403 4016 ”⁰³¹
430 3953 489 4044 mfi
539 3973 603 4072 ιιιβ
627 3973 663 4044 in
679 3967 834 4070 persrtnir
853 3967 983 4042 idoneis
994 3990 1078 4064 pro-
1104 3975 1149 4057 3.)
1171 3968 1518 4041 &determinatione
1539 3968 1761 4065 temporit&
1780 3978 1904 4051 aetotir.

265 4027 488 4179 ms&
538 4070 670 4145 bandus
718 4067 760 4142 ἔθ’
800 4066 992 4142 laudandus
1020 4069 1076 4166 ιβ
1102 4069 1220 4141 rTim.
1232 4073 1272 4139 V.
1281 4091 1317 4158 9.
1341 4063 1510 4158 sexaginta-
1521 4091 1686 4141 tonorum
1705 4074 1835 4154 aetatem
1853 4099 1906 4148 re.

430 4211 446 4257 ,-
537 4176 677 4244 idoncar
691 4166 1079 4259 personasvinteliigirnur
1096 4167 1203 4253 quirit
1217 4164 1384 4261 apostolus
1404 4167 1440 4235 in
1456 4164 1555 4240 vidua
1574 4169 1615 4237 ad
1637 4167 1781 4241 erciefiae
1805 4171 1906 4245 mini·

529 4295 612 4356 ear,
645 4293 718 4358 quae
744 4271 836 4341 dono
857 4265 1075 4340 continentie
1096 4265 1192 4339 steria
1200 4263 1371 4356 eligenda3
1381 4259 1437 4336 scd
1452 4266 1495 4336 de
1511 4264 1700 4339 iunioribus
1714 4269 1797 4339 dicit
1806 4298 1838 4343 v.
1849 4294 1904 4357 ¹4·

262 4374 344 4452 sani
363 4361 563 4456 bastardi,
591 4393 654 4444 occ
676 4362 820 4439 sentimt
843 4367 1019 4439 interiores
1031 4388 1071 4435 u·
1095 4363 1342 4452 ouoddebeant
1356 4359 1510 4441 nubere,
1527 4360 1612 4435 filios
1628 4389 1827 4453 procreare,
1844 4372 1906 4444 do·

260 4479 386 4550 stione
405 4481 442 4546 δι
462 4469 622 4542 flammaa
673 4464 837 4537 Probatur
851 4462 921 4535 hec
942 4485 1070 4553 propo·
1093 4486 1168 4535 mus
1187 4486 1328 4554 regere,
1353 4461 1495 4534 ostendit
1510 4462 1616 4552 igitur
1633 4464 1819 4536 iunioribus
1833 4489 1902 4542 aon

259 4575 356 4650 itio:
381 4593 397 4643 r
406 4580 430 4661 .)
448 4574 495 4641 Ex
506 4566 694 4664 adsertione
706 4558 833 4663 Christi
845 4560 1067 4636 Mannxtx.
1092 4559 1216 4636 debere
1236 4561 1291 4634 vei
1309 4560 1451 4650 percipi
1468 4557 1524 4632 vel
1544 4556 1671 4632 suaderi
1691 4562 1900 4658 caelibatum,

262 4695 320 4754 ιι.
371 4665 458 4746 Non
474 4691 585 4741 omnes
597 4666 736 4762 copiunt
750 4661 885 4738 verbnm
904 4658 983 4747 hoc,
1003 4657 1072 4756 sed
1091 4657 1152 4731 aii
1180 4664 1269 4733 dono
1288 4659 1503 4733 continentie
1525 4659 1690 4731 instrutio:
1715 4654 1809 4742 sont,
1826 4683 1902 4752 qua

259 4771 385 4873 quibant·
400 4770 520 4842 domm
539 4769 592 4868 ιβ.
643 4765 806 4836 Dixerant
831 4760 988 4851 apossoli:
1020 4754 1065 4833 Sa·
1089 4762 1134 4833 de
1146 4783 1185 4833 re
1206 4761 1242 4832 iu
1261 4760 1412 4846 sequenti
1429 4757 1608 4844 quastione
1623 4757 1721 4847 plura
1734 4762 1894 4840 dicemus.

258 4873 365 4950 toste
408 4869 580 4964 negotium
594 4862 740 4938 hominis
762 4887 834 4935 com
855 4882 980 4941 uxore,
995 4881 1063 4931 non
1174 4866 1204 4948 t.
1226 4859 1466 4931 CCCCXCV.
1513 4859 1728 4946 Opporendr
1750 4860 1797 4931 est
1824 4859 1895 4936 haee

257 4873 399 5072 tarpeii*
410 4966 530 5044 nubere
541 4993 558 5050 ,·
583 4962 646 5034 iliis
659 4962 810 5037 Christus
829 4985 870 5034 eo
889 4965 991 5033 mado
1006 4984 1059 5031 rc·
1086 4953 1269 5048 propofitio
1289 4953 1487 5045 pontificiis,
1513 4956 1571 5042 qui
1598 4957 1649 5046 r.)
1667 4956 1825 5034 omnibus
1835 4983 1896 5034 ec.

254 5071 399 5166 spondet
407 5117 422 5154 ,
443 5087 566 5138 utnon
580 5082 699 5153 neget,
722 5059 811 5152 poiie
834 5080 925 5132 extra
944 5059 1060 5131 coniu-
1083 5055 1186 5129 ctefiae
1204 5056 1361 5126 ministris
1377 5057 1412 5126 in
1429 5050 1609 5126 maioribus
1622 5055 1794 5151 ordinibus
1810 5081 1893 5130 eon.
1957 5083 1959 5088 ·

250 5176 353 5274 mum
370 5168 583 5251 commodius
602 5175 640 5239 dt
660 5164 786 5235 minori
808 5184 887 5233 cum
910 5154 1059 5233 mannia
1083 5155 1201 5229 stitutio
1228 5151 1404 5230 crelibatur
1432 5152 1551 5245 iugum
1573 5154 1781 5246 imponente
1811 5179 1893 5229 cum·
2007 5177 2014 5184 ·

573 5293 576 5300 ·
1128 5257 1156 5326 B
1182 5276 1204 5344 3
1259 5271 1271 5284 ·
1754 5268 1886 5341 temen
1970 5273 2016 5310 ··*-.
