4884 5984
678 506 747 620 nr!
791 493 1055 582 cousrusvs
1102 483 1381 614 aruerunt·
1412 489 1737 584 uecessrntra.'
1988 523 2060 600 105

364 707 458 798 quiri
479 698 605 779 scilicet
627 724 777 778 tutorum
808 699 1021 779 consensum:
1056 708 1106 796 r.)
1125 706 1200 792 quia
1224 706 1315 778 trim.
1342 701 1411 780 fol.-
1432 730 1488 790 29.
1512 731 1551 778 ac
1572 707 1698 794 requiri
1725 700 1912 796 expressum
1936 701 2057 796 puellae

346 819 499 908 ¹tutores
527 800 712 910 succedunt
738 806 774 875 in
789 805 910 890 ,locam
939 827 1139 894 parentum,
1166 813 1202 877 de
1225 800 1416 877 consensum
1442 807 1476 874 in
1496 800 1723 895 sponsalibus,
1753 830 1825 895 quae
1852 825 1978 880 tutores
1997 827 2059 879 no-

371 907 587 980 eontineutur
606 900 666 975 sub
679 905 813 977 nomine
831 927 1007 994 parentum
1026 907 1062 975 in
1082 926 1202 991 quarto
1225 905 1316 976 mine
1332 902 1539 994 pupillorum
1558 905 1770 979 contrahunt.
2183 941 2186 948 ·

376 1002 530 1096 decalogi
542 1023 734 1093 precepto,
759 1003 836 1073 inde
855 1003 1022 1075 Lutherus
1035 1006 1069 1075 in
1084 1001 1142 1073 lib.
1159 1004 1202 1074 de
1272 1016 1300 1091 5.
1320 1003 1444 1078 XCV.x
1480 1005 1654 1098 Quaeritur
1668 1001 1800 1089 X.)1ln
1847 1001 2059 1082 xlsim-
2098 1043 2101 1048 >

359 1097 460 1176 'erus
485 1105 629 1176 matrim
650 1105 758 1179 addit:
798 1097 885 1175 Wos
905 1125 951 1175 on
976 1100 1102 1176 Eltem
1116 1104 1203 1202 flori
1227 1102 1367 1187 marris,
1391 1125 1437 1174 an
1456 1113 1605 1178 tutonem
1625 1102 1799 1203 consensus
1849 1091 2058 1156 ll¹⁸’⁰'⁸l¹“⁰·
2126 1193 2130 1200 ⁶

376 1200 453 1301 [eyn
470 1221 571 1296 mog.·
615 1199 666 1297 2.)
693 1193 821 1290 Puriilla
838 1205 872 1272 in
891 1202 960 1273 aliie
980 1200 1204 1274 contradibus
1229 1201 1408 1298 innuptiis
1423 1201 1542 1302 puelle
1553 1205 1800 1300 praeferendus?
1837 1179 1918 1329 ff
1942 1164 2060 1308 ‘m‘

383 1301 443 1376 ine
465 1303 584 1392 tutori}
601 1301 796 1371 auctoritate
815 1295 845 1372 se
864 1326 931 1372 non
948 1304 1056 1391 potest
1075 1299 1205 1393 obliga.
1229 1304 1336 1375 Exstat
1355 1301 1416 1373 liae
1441 1305 1482 1374 de
1503 1327 1539 1373 re
1555 1301 1702 1392 expressa
1721 1331 1800 1378 con·
1882 1242 2035 1390 mitiss

385 1425 435 1486 rea
455 1409 590 1487 equum
604 1393 709 1491 igitui
724 1401 788 1483 esi,
814 1421 850 1471 ιιι
867 1402 901 1471 ἱιι
918 1402 1075 1494 conjugio
1089 1402 1205 1472 ineun·
1230 1403 1354 1474 stitutio
1368 1404 1607 1492 imperatorum
1634 1408 1747 1477 Severi
1768 1414 1803 1480 δι

386 1505 425 1574 do
436 1522 592 1590 tanquam
611 1523 647 1570 re
664 1500 801 1569 maximi
818 1503 980 1572 momenti
994 1501 1111 1571 tutoris
1127 1523 1208 1570 con·
1230 1499 1414 1584 Antonini,
1427 1500 1461 1586 l.
1484 1523 1511 1573 1.
1529 1505 1570 1574 C.
1590 1505 1632 1574 de
1653 1507 1788 1593 nuptiis.
1840 1495 1925 1574 Cum
1946 1496 1986 1572 de
2002 1523 2063 1572 nu-

388 1595 505 1674 sensum
525 1596 691 1690 adhibeat.
718 1600 771 1682 ς.)
797 1598 819 1669 s.
841 1607 875 1673 6.
905 1602 947 1671 de
970 1593 1143 1689 sponsalib.
1160 1599 1207 1669 di·
1228 1601 1318 1699 ptris
1329 1597 1446 1696 puelle
1460 1602 1638 1698 quaritur,
1663 1627 1721 1676 nec
1743 1603 1831 1676 inter
1848 1611 1990 1673 retorem
2023 1593 2065 1671 Es

389 1701 487 1785 eitur,
514 1709 639 1772 tutores
659 1720 725 1769 non
735 1692 825 1796 poffe
834 1694 968 1796 soloas
978 1685 1118 1867 'orffnliti
1132 1721 1211 1772 con·
1236 1709 1374 1772 niobem
1395 1695 1436 1771 ss
1455 1702 1660 1798 propinquos
1686 1701 1727 1775 de
1757 1698 1910 1800 eligendo
1941 1697 2064 1793 sarum

387 1799 532 1902 diruere,
556 1796 619 1869 boc
641 1798 862 1896 eli—‚absque
885 1722 1042 1870 conselnu
1067 1797 1211 1886 puellari
1237 1801 1361 1872 nrnriro
1389 1802 1570 1884 conuenit,
1604 1799 1786 1876 arbitrium
1808 1796 1962 1900 panidis
1985 1822 2065 1896 pro·
2091 1811 2095 1820 ‘

393 1895 529 1990 sequitur
543 1921 627 1988 ergo
646 1919 762 1967 eorum
782 1891 973 1968 consensum
998 1895 1212 1968 nibilominus
1239 1899 1357 1972 vincire
1376 1896 1585 1996 neceffctriunr
1600 1903 1654 2000 est.
1704 1905 1819 1995 Quare
1841 1925 1917 1970 cum
1939 1921 2013 1969 non·
2027 1896 2066 1969 fit

383 2001 520 2088 requiri.
588 1994 643 2095 q.)
675 1992 859 2069 Consensus
893 2001 1011 2067 tutoris
1034 1994 1213 2068 adhibetur
1238 1999 1409 2090 virginalis
1424 1985 1560 2086 pudoris
1576 2002 1730 2070 maritum
1752 2000 1897 2091 eligere,
1925 2003 1966 2068 ad
1981 1999 2069 2085 judi-

392 2120 478 2192 prtre
497 2091 815 2177 suriosoexiliente3
841 2093 863 2167 l.
881 2097 913 2196 fi
924 2093 1088 2190 furiosus.
1110 2100 1150 2170 C.
1170 2101 1213 2165 de
1237 2124 1291 2169 ees
1324 2093 1493 2168 causarum
1520 2097 1812 2170 matrimonialium
1840 2096 1911 2168 hac
1933 2120 2069 2167 contro-

369 2210 479 2288 'nupt
502 2198 701 2289 ergoetiam
729 2220 825 2284 patre
848 2219 983 2266 mortuo
1008 2192 1213 2266 adhibendus
1240 2195 1341 2276 versia
1363 2194 1567 2282 deserenda,
1603 2201 1657 2285 qui
1690 2197 1940 2270 circumstantiis
1963 2197 2069 2266 utrin-
2151 2277 2154 2284 ¹

392 2299 460 2372 erit.
488 2300 650 2385 Cyoraeus
669 2295 710 2369 de
732 2287 836 2383 spons.
855 2318 928 2383 cap.
951 2291 1015 2365 Vl.
1031 2302 1058 2386 ς.
1073 2317 1105 2385 ι).
1133 2299 1215 2366 Βιιι·
1239 2322 1303 2384 que
1329 2293 1590 2383 petrfitatisqeatn
1613 2299 1781 2368 dirimerit.
1813 2323 1816 2328 ·
1857 2296 2070 2386 Quandoque

379 2397 464 2482 lius
480 2401 524 2468 de
536 2390 673 2484 sponsal.
691 2419 762 2482 cap.
779 2391 871 2463 xxi.
923 2398 1003 2466 lude
1018 2395 1050 2463 in
1067 2397 1213 2466 ordinat.
1239 2398 1329 2467 enim
1346 2417 1463 2474 mater,
1487 2399 1684 2482 quandoque
1707 2417 1833 2466 tutores
1855 2397 1978 2465 restius
1992 2413 2073 2464 con-

393 2497 534 2569 motrim.
555 2494 787 2592 Wirtenberg.
809 2517 881 2586 cap.
912 2490 936 2564 l.
968 2515 1116 2562 tutorum
1138 2516 1216 2563 con·
1243 2490 1374 2574 salunt;
1406 2496 1439 2568 in
1460 2495 1562 2564 dubio
1584 2519 1697 2565 tomen
1717 2519 1780 2583 pro
1794 2515 1899 2564 matre
1914 2488 1984 2564 eise.
2019 2515 2073 2562 ro·

393 2590 496 2669 sensus
524 2588 671 2683 expresse
699 2593 890 2677 requiritur.
942 2590 1055 2661 Plures
1077 2591 1217 2661 rationes
1243 2595 1484 2675 nunciandum,
1507 2617 1573 2663 non
1587 2592 1819 2666 dubitaverim.
1846 2517 2072 2663 Tutoriebim

394 2699 547 2782 utrinque
562 2688 724 2764 cumulari
737 2685 878 2778 possunt.
933 2690 1018 2760 lllud
1039 2713 1166 2760 certum
1184 2713 1218 2758 e·
1244 2715 1385 2762 matrem
1405 2693 1438 2761 in
1456 2686 1521 2761 filia
1538 2690 1695 2764 elocandn
1711 2691 1951 2781 preferendam
1964 2692 2074 2762 olien-

394 2795 456 2877 do,
480 2792 648 2882 pupillum
673 2788 879 2880 pupillamve
904 2792 1021 2859 tutoris
1048 2786 1219 2859 confilium
1245 2795 1329 2861 dunt
1351 2789 1573 2880 ardumenta,
1598 2816 1670 2878 que
1697 2815 1764 2879 pros
1782 2791 1977 2862 adstruenda
2005 2813 2075 2859 ma·
2184 2815 2189 2828 ‘

383 2894 428 2966 ¹itt
456 2891 671 2964 matrimonio
701 2890 1041 2974 ineundo.exquirere
1073 2885 1220 2970 debere,
1246 2891 1331 2960 tetni
1353 2882 1524 2958 consensus
1547 2885 1733 2960 necessitate
1753 2886 1899 2978 superius
1913 2889 2074 2964 iudaea,

386 2993 472 3066 'cum
493 2984 641 3080 persone
659 2993 753 3057 datus
777 2985 832 3073 stt,
862 3008 897 3056 ut
916 3010 987 3055 eam
1010 2984 1144 3057 consilio
1166 2979 1222 3054 suo
1247 3014 1318 3077 quae
1335 2986 1436 3077 longe
1457 2989 1591 3076 majoris
1609 2982 1681 3058 sunt
1697 2988 1857 3058 momenti
1876 3009 1975 3073 atque
1990 3009 2077 3074 pon.
2188 3047 2196 3056 .

397 3111 505 3198 regat,
533 3099 568 3163 δι
588 3088 735 3176 parentis
749 3073 1049 3166 vicem'sustineat3
1072 3081 1129 3155 ubi
1144 3105 1224 3156 vero
1247 3089 1360 3170 deris,
1384 3108 1482 3173 quem
1497 3111 1568 3173 que
1587 3111 1649 3175 pro
1669 3107 1817 3157 tutorum
1833 3079 1987 3157 consensu
2002 3077 2077 3153 sunt

398 3192 433 3262 iu
451 3184 648 3279 specialibus
668 3182 863 3271 quibusdam
892 3181 1039 3262 casabus,
1070 3185 1225 3271 (quando
1248 3186 1364 3260 adlata.
1422 3187 1512 3258 idem
1531 3186 1564 3255 in
1585 3184 1713 3273 populo
1730 3190 1883 3257 Romano
1906 3191 1972 3272 jam
1996 3180 2078 3260 olim

399 3285 521 3362 scilicet
539 3308 632 3357 tutor
653 3278 845 3354 consensum
863 3265 955 3352 suum
973 3278 1109 3371 pupillae
1127 3285 1226 3353 dene·
1249 3281 1446 3362 obtinuisse,
1478 3285 1618 3354 ostendit
1643 3280 1860 3355 memorabile
1887 3277 2079 3370 exemplum

401 3409 484 3480 gat,
508 3408 547 3458 ut
564 3384 660 3455 bonis
675 3389 744 3469 ejus
762 3383 883 3452 diutius
898 3378 1048 3470 fruatur)
1063 3383 1227 3468 cittnejus
1250 3385 1339 3474 apud
1371 3384 1501 3454 Livium
1527 3382 1585 3454 lib.
1617 3381 1680 3455 sV.
1694 3384 1818 3466 decad,
1850 3407 1878 3454 t.
1904 3385 1946 3452 de
1967 3378 2080 3470 puella

401 3479 588 3559 consensum
613 3481 888 3552 matrimonialem
914 3476 1013 3550 fidem
1035 3479 1130 3551 alteri
1149 3481 1228 3550 dare'
1253 3484 1456 3554 matrimonii
1479 3479 1627 3563 haerede,
1668 3489 1760 3569 cttjus
1788 3476 1895 3552 forma
1920 3480 2020 3550 etiam
2045 3477 2081 3548 iri

401 3582 536 3676 pupilla
558 3579 672 3660 liceat,
699 3578 753 3651 vel
773 3584 882 3650 datam
905 3575 1102 3658 confirmare
1127 3586 1163 3651 &
1180 3601 1229 3646 ra·
1254 3579 1374 3673 vulgus
1404 3601 1476 3652 erat
1508 3602 1610 3660 nota,
1649 3581 1691 3652 de
1719 3601 1784 3667 qua
1820 3577 1907 3649 inter
1940 3598 2082 3648 matrem

403 3705 469 3756 tam
488 3679 613 3752 habere
627 3682 760 3757 deceat,
782 3682 963 3768 prudentes
978 3673 1146 3748 causarum
1161 3701 1230 3746 ma·
1253 3677 1374 3771 puelle
1390 3688 1423 3751 &
1447 3685 1518 3765 eius
1529 3701 1672 3752 tutorem
1692 3701 1802 3752 ortum
1820 3697 1890 3749 erat
1902 3671 2082 3753 diffidiare,

404 3776 643 3864 trimoniqlium
664 3775 794 3873 judices
823 3771 1004 3864 dispicienr.
1057 3775 1231 3859 chineus
1256 3773 1492 3849 cuinamforet
1511 3775 1680 3850 elocanda.
1741 3781 1830 3852 Cum
1846 3777 1948 3848 enim
1976 3795 2084 3846 mater
2165 3808 2179 3834 ι

404 3883 437 3954 in
465 3903 589 3952 comm.
619 3877 725 3947 Levit.
759 3871 893 3946 XVIII.
922 3899 1000 3967 pag.
1035 3895 1117 3964 419.
1189 3865 1233 3944 Si
1257 3874 1381 3954 nobili,
1404 3897 1496 3945 tutor
1512 3901 1591 3947 vero
1614 3873 1746 3964 plebeio
1767 3902 1840 3948 earn
1854 3875 1932 3947 dare
1951 3871 2053 3946 vellet
2072 3919 2085 3952 ‚

406 3973 594 4074 adolescens
610 3973 706 4066 infra
720 3997 775 4049 ιο.
799 3968 839 4045 ri
847 3971 957 4068 pireisa
975 3975 1067 4044 intro
1087 3988 1137 4055 13.
1152 3981 1235 4046 ura-
1258 4001 1309 4048 res
1325 3975 1482 4064 componi
1506 3975 1593 4046 inter
1607 3979 1754 4064 priuatos
1770 3977 1913 4066 parietes
1939 3997 2007 4044 non
2026 3991 2089 4061 po·-
2152 4042 2154 4046 ,
2201 4035 2215 4066 Ι.

405 4079 587 4153 tirannum
604 4069 731 4170 insciir‚
749 4083 810 4144 ortt
828 4095 892 4145 aon
907 4067 1235 4167 adibatieatilmscu·
1261 4077 1350 4159 tuit,
1384 4077 1521 4145 ventum
1549 4077 1655 4167 igitur
1677 4080 1716 4146 ad
1744 4083 1816 4162 jus,
1856 4075 1889 4146 δι
1923 4067 2088 4162 postulato

409 4172 796 4269 mimidoncoajagiurn
814 4172 915 4245 alieri
926 4169 1162 4265 fraudulentis
1183 4191 1240 4241 nr·
1262 4174 1376 4245 marris
1393 4195 1430 4243 ac
1445 4192 1593 4244 tutorum
1614 4172 1899 4259 utrinqueaudito
1918 4170 2090 4263 magistra·

408 4275 499 4352 iilius
511 4272 665 4372 seducitis
681 4274 885 4367 pronriiiot,
923 4269 963 4344 is
997 4281 1074 4343 aute
1101 4271 1239 4366 nuptias
1263 4297 1314 4344 tus
1332 4267 1513 4367 secundum
1533 4273 1654 4346 aramis
1681 4270 1862 4344 arbitrium
1886 4278 1937 4357 jut'
1959 4268 2092 4356 nuptia·

401 4373 604 4478 selibrmri
627 4381 738 4468 print,
756 4371 927 4466 judicibus
947 4371 1179 4467 pertrritiirnr,
1201 4378 1239 4439 ni
1264 4397 1338 4442 rum
1360 4373 1493 4444 dedere.
1557 4376 1597 4441 Et
1624 4372 1686 4441 hoe
1707 4375 1877 4443 decretum
1895 4369 2091 4439 Ardeatium

410 4471 628 4577 consuleretis
644 4472 920 4570 circumstantiis,
946 4469 1170 4566 qttodaeqtrum
1185 4471 1242 4568 rfl,
1264 4473 1408 4543 Romani
1429 4470 1524 4540 tutati
1552 4465 1649 4552 sunt,
1685 4495 1761 4540 cunt
1790 4466 1885 4557 plebs
1907 4476 1940 4541 &
1966 4459 2092 4537 tutore&

410 4575 625 4676 constituant.
676 4572 927 4642 Videturetiam
948 4566 1121 4642 discrimen
1136 4570 1240 4655 quod·
1265 4577 1334 4658 ejus
1359 4563 1562 4640 rescitidendi
1588 4562 1683 4640 eausa
1710 4563 1933 4658 gravissimam
1962 4561 2095 4636 seditio-

356 4751 363 4761 ,
411 4681 490 4753 dam
507 4673 734 4751 statuendum3
760 4672 793 4739 in
807 4677 929 4758 juvene
949 4691 1015 4739 non
1030 4690 1096 4738 tam
1118 4663 1241 4736 solicite
1266 4694 1343 4741 nem
1360 4665 1550 4749 movissent,
1574 4693 1612 4740 ac
1629 4665 1774 4757 puellam
1802 4667 1834 4740 vi
1858 4666 2023 4739 abducere
2039 4687 2096 4736 co·-
2172 4705 2181 4714 ·

410 4774 597 4867 requiritur
610 4791 758 4840 tutorum
770 4763 958 4852 consensus,
984 4793 1082 4856 quam
1095 4769 1133 4836 'in
1148 4763 1243 4854 puel·
1268 4788 1434 4839 narentur.

389 4875 461 4966 12,
490 4892 634 4962 propter
665 4865 756 4938 serua
779 4865 1015 4938 infirmitatem.
1065 4864 1150 4936 illud
1178 4889 1244 4933 non
1331 4876 1357 4956 ς.
1383 4863 1507 4937 XCVI.
1561 4867 1734 4961 Quaetitur
1763 4864 1840 4950 xl.)
1890 4858 2095 4928 XLlAnco‘-
2150 4939 2154 4946 Ι

416 4971 611 5048 dubitanter
631 4961 874 5038 adfirmaverim
888 5014 899 5047 ,
925 4988 1070 5043 tutores,
1092 4959 1245 5034 dissensus
1270 4958 1454 5034 Arretium
1473 4962 1628 5057 fratrum
1659 4961 1700 5038 ss
1717 4965 1840 5059 proxi·
1889 4947 2082 5050 sinalf’m'l'*

418 5067 467 5145 sni
481 5073 650 5151 rationes,
676 5087 714 5134 ιιι
733 5089 920 5154 exponant,
944 5066 1068 5145 teneri,
1093 5065 1182 5150 quod
1198 5062 1231 5130 vi
1270 5085 1397 5135 ntorum
1420 5074 1638 5157 cognotorum
1652 5059 1837 5159 consensis,
1890 5019 2096 5182 {Wlfflin

418 5177 484 5247 den
503 5165 640 5256 probari
661 5166 760 5236 etiam
780 5164 1002 5237 Bidenbaehio
1021 5165 1063 5236 de
1080 5154 1163 5234 caus.
1179 5184 1247 5233 ma·
1270 5161 1412 5235 mortuis
1428 5161 1643 5262 parentibus,
1663 5165 1719 5266 'stt
1739 5157 1843 5254 neces·
1875 5163 1891 5192 ⁰
2009 5167 2014 5182 '
2061 5169 2083 5188 ‘·

475 5263 569 5343 Toni.
598 5258 689 5338 XV.
1319 5263 1355 5337 O
1696 5256 1843 5362 sarius?
