4884 5984
918 467 1038 548 ‘nr
1089 417 1497 593 sponsalium.
1655 465 1670 488 ·'
2005 493 2110 600 ur
2206 499 2211 506 ·

360 661 558 736 &rimantur
586 687 648 763 per
683 664 819 764 aliquid
842 688 927 744 noua
950 663 1208 770 saaperomienr,
1234 695 1338 753 mtu,
1366 671 1430 744 linc
1457 671 1558 744 mado
1583 665 1808 760 procedimus.

370 761 748 854 quudliproecellilset,
779 761 850 838 non
867 765 1001 842 suilsent
1027 775 1208 844 contram.
1234 777 1274 861 l.)
1307 775 1332 842 Α
1359 766 1597 860 sponsaliorum
1620 765 1810 865 dissolutio·
1861 759 1907 838 1·)
1933 760 2068 858 Dissilio·

705 874 733 962 ς,
758 870 880 940 clxi.
925 862 1025 968 ,Jure
1054 867 1209 942 Romano
1233 894 1273 942 aar
1295 871 1528 960 distinguenda
1548 870 1596 941 eli
1619 893 1737 940 eornm
1757 869 1811 941 di·

395 973 568 1043 Secundum
636 960 796 1059 sponsalia
827 963 1092 1041 dissolvebantur
1126 965 1210 1038 alte·
1234 968 1332 1040 lolio.
1393 968 1673 1061 Quandocumque
1699 969 1790 1038 enim
1803 987 1881 1056 pars
1910 987 1986 1047 una,
2010 961 2067 1036 vel

389 1057 449 1142 jus
467 1061 562 1123 ‘ivis‘-
635 1066 760 1136 rutrius
780 1067 883 1152 partia
899 1065 1049 1139 dissensu.
1066 1067 1090 1139 l.
1114 1094 1142 1141 ι.
1166 1061 1207 1139 C.
1235 1089 1374 1154 utraque
1396 1066 1665 1138 contrahentium
1702 1061 1940 1154 sponsaliorum
1967 1059 2068 1134 dilib-

634 1160 676 1234 ἀι
697 1158 813 1258 spaonfi
837 1161 861 1236 l.
896 1195 927 1239 a.
956 1161 996 1239 C.
1020 1166 1060 1238 de
1080 1164 1207 1261 repud..
1233 1166 1432 1237 lotionema
1453 1167 1644 1255 magistratu
1661 1168 1797 1252 querit,
1823 1154 1980 1254 sponsalia
1995 1184 2064 1232 non

371 1255 449 1350 Qui
464 1251 512 1328 sui
531 1261 612 1349 juris
631 1283 745 1346 erant,
775 1286 837 1350 per
864 1256 896 1334 se
924 1260 1126 1352 sponsalibus
1155 1289 1208 1337 re·
1232 1267 1367 1351 quidem
1388 1285 1466 1336 ante
1489 1258 1590 1335 causae
1609 1254 1835 1356 cognitionem
1865 1261 1972 1332 slatim
2000 1255 2065 1331 dis-

371 1353 605 1438 nunciabant,
629 1363 687 1447 qui
721 1386 802 1431 vero
826 1356 886 1430 sub
913 1365 1018 1436 aliena
1046 1365 1208 1452 potestate
1227 1359 1425 1456 solvuntur,
1456 1365 1590 1435 interim
1625 1385 1736 1434 tamen
1772 1389 1834 1453 per
1869 1357 2064 1432 sententiam

372 1455 573 1537 constituti,
595 1482 656 1546 per
676 1453 889 1556 suatotopluc.
952 1467 1005 1534 Sic
1036 1459 1207 1532 filiaesami·
1231 1465 1349 1550 judicis
1368 1465 1409 1533 ad
1429 1481 1561 1552 tempus
1581 1458 1809 1544 differunrnr3
1834 1457 1914 1530 licut
1934 1468 1970 1532 &
1985 1456 2064 1554 jure

371 1547 436 1622 lias
450 1548 609 1642 sponsalia
628 1577 724 1644 pater
740 1556 918 1632 dillblvere
936 1582 1088 1650 poterat,
1111 1558 1135 1630 l.
1153 1587 1206 1635 ro.
1232 1563 1393 1632 canonico
1421 1583 1484 1648 per
1514 1559 1724 1634 interdictam
1760 1559 1899 1656 ecclafiae
1929 1558 2064 1646 nuptias
2096 1639 2098 1644 ¹

376 1644 422 1723 C.
437 1648 716 1750 desponfhiibus.
744 1679 812 1728 non
838 1656 921 1729 item
944 1681 1061 1740 tutor,
1085 1657 1145 1729 nisa
1167 1684 1208 1730 ex
1232 1659 1429 1734 contrahere
1450 1660 1674 1748 prohibetur,
1699 1663 1807 1748 quoad
1833 1659 1873 1730 lis
1893 1654 1983 1728 linita
2004 1651 2061 1738 sit,

370 1746 548 1826 voluntate
561 1753 711 1844 papilla.
731 1753 754 1825 l.
777 1759 814 1827 6.
836 1755 908 1829 eod.
960 1760 1031 1852 Qui
1053 1761 1210 1848 repudia·
1232 1763 1289 1846 qui
1310 1759 1560 1830 matrimonium
1582 1759 1679 1831 alteri
1705 1757 1868 1848 promisit.
1894 1775 1967 1852 cap.
1987 1776 2063 1827 cum
2169 1769 2204 1802 ·'

371 1845 479 1931 bant,
508 1853 666 1925 nuncium
684 1851 878 1940 mittebant,
907 1855 971 1927 hoc
991 1861 1063 1941 est,
1087 1882 1208 1931 tenun-
1232 1857 1425 1958 apostolico.
1443 1856 1493 1928 de.
1498 1853 1728 1953 sponsalibus.
1769 1857 1861 1930 Talia
1883 1848 2062 1944 sponsalia·
2155 1889 2166 1916 κ

326 2011 343 2024 ..
363 1947 519 2036 raabam,
536 1950 590 2023 vel
612 1951 775 2040 prasenti,
799 1954 853 2025 vel
868 1950 1017 2042 absenti,
1051 1960 1207 2046 quomod
1232 1983 1307 2029 rum
1333 1954 1448 2029 dilatio
1477 1981 1515 2027 ac
1551 1953 1712 2045 suspensio
1741 1959 1840 2029 variis
1872 1958 1905 2025 in
1935 1951 2062 2024 casabus
2145 1999 2148 2004 -

372 2059 452 2118 rem
470 2061 612 2125 certa&
632 2046 959 2139 soleanniaquardam
984 2056 1086 2129 verba
1113 2053 1207 2126 adhi-
1230 2057 1341 2128 locum
1373 2053 1530 2134 obtinet,
1577 2075 1704 2145 utpote·
1732 2055 1754 2126 sa
1783 2056 1906 2126 incidat
1928 2052 2062 2140 questio

330 2149 341 2164 ⁴
372 2141 564 2230 bebantuc,
589 2150 625 2220 in
639 2152 785 2221 divortio
801 2155 1030 2238 quidemear
1040 2151 1109 2228 Res
1130 2164 1208 2227 tuor
1230 2154 1487 2244 praejudicialis,
1514 2179 1587 2241 quac
1606 2157 1700 2243 priua
1722 2153 1760 2225 stt
1783 2155 2010 2235 terminanda,
2036 2148 2083 2221 st‘

371 2241 444 2318 ribi
460 2245 599 2327 habetor
622 2258 700 2320 lotus
712 2253 769 2323 'res
787 2247 854 2323 ribi
866 2253 984 2346 agit03
1008 2256 1041 2325 in
1064 2255 1206 2343 repudio
1230 2247 1382 2344 sponsus,
1400 2251 1455 2324 vel
1469 2252 1583 2342 sponsa
1601 2250 1815 2325 diffamentur
1833 2300 1844 2332 ,
1870 2237 2062 2340 quodcum
2138 2297 2144 2320 t

371 2365 460 2417 veto
474 2347 608 2421 isthec:
637 2342 841 2422 Conditione
861 2362 1112 2434 tornaturae,
1135 2347 1203 2426 &n
1229 2347 1454 2441 aliapersona
1474 2347 1633 2440 sponsalia
1652 2354 1896 2434 contraxerint,
1922 2346 1946 2432 li
1974 2369 2066 2420 tem·
2166 2371 2170 2384 ¹

372 2441 402 2517 l.
421 2465 456 2520 ι.
470 2453 499 2538 §.
518 2469 551 2518 2.
572 2446 614 2519 de
625 2445 751 2522 divort.
803 2450 877 2547 Qui
890 2447 1040 2538 sponsam
1055 2449 1119 2523 lroc
1132 2443 1205 2522 mo·
1228 2475 1290 2542 pus
1304 2451 1411 2524 ludius
1431 2451 1562 2543 legibus
1584 2448 1795 2542 praefinitum,
1814 2447 1868 2522 vel
1887 2442 2062 2521 consuetu·-
2171 2519 2173 2524 ,
2220 2497 2222 2502 -

372 2546 422 2616 do
457 2542 683 2636 repudiabat,
707 2548 831 2620 etiamsi
860 2546 961 2634 nulla}
994 2551 1047 2622 vel
1068 2552 1206 2621 minima
1229 2552 1306 2623 dioc
1325 2572 1500 2637 receptum
1522 2553 1670 2623 nondum
1686 2549 1724 2621 sat
1738 2545 1909 2638 elapsum,
1936 2545 2061 2636 sapra-

367 2638 470 2715 causa
490 2640 652 2733 subesset,
675 2671 738 2719 nec
756 2644 889 2734 culpam
906 2646 1128 2730 commisse,
1145 2673 1206 2720 nec
1228 2671 1388 2742 gnantem
1412 2649 1584 2721 foeminam
1609 2651 1681 2736 quis
1705 2651 1854 2730 duxerit,
1880 2644 2060 2732 dequibus

371 2737 547 2816 infamiam
563 2741 759 2818 contraxisse
771 2743 988 2828 censebatur,
1014 2749 1207 2838 quodenim
1229 2748 1383 2821 omnibus
1405 2747 1470 2821 late
1494 2751 1614 2820 tradat
1637 2750 1799 2837 Cypraeus
1814 2751 1856 2818 de
1884 2739 2059 2834 sponsalib.

371 2837 452 2932 lege
470 2845 688 2933 permittente
704 2840 765 2925 fia,
791 2843 873 2916 illud
890 2872 1026 2936 pomam
1049 2871 1118 2919 non
1133 2872 1206 2919 me·
1229 2873 1302 2936 cap.
1324 2845 1420 2920 Xlll.
1447 2855 1480 2928 ᾗ.
1500 2855 1556 2932 86.
1575 2857 1609 2920 δι
1627 2840 1716 2934 seqq.
1786 2844 1954 3014 (fuamaia
1977 2864 2059 2918 ¹uero

371 2961 494 3022 returt
518 2945 654 3016 interim
678 2933 752 3030 jitre
773 2945 895 3016 codicis
927 2943 970 3018 ab
992 2947 1203 3032 imperatori·
1229 2971 1293 3035 per
1322 2945 1421 3018 talem
1445 2941 1686 3035 suspensionem
1715 2941 1795 3034 spon
1812 2942 1873 3014 alia
1898 2966 1966 3013 non
1994 2936 2061 3010 dis·

370 3037 438 3110 bus
461 3038 699 3128 posterioribus
719 3045 874 3121 condito,
900 3046 946 3126 is,
970 3047 1027 3132 qni
1048 3035 1205 3116 finerau·¹
1232 3042 1421 3124 solvantur,
1460 3038 1513 3115 sed
1534 3069 1650 3116 eorum
1675 3068 1736 3129 per
1758 3045 1888 3133 nuptias
1911 3036 2061 3128 comple·

375 3131 407 3208 sa
430 3141 667 3221 renuntiabat,
692 3152 726 3214 δι
744 3141 902 3231 legitimae
921 3165 991 3213 erat
1008 3146 1121 3226 atatis,
1134 3168 1205 3214 arr·
1231 3166 1382 3216 mentum
1400 3146 1558 3215 duntaxat
1576 3136 1777 3226 differatur,
1808 3166 1883 3216 cum
1913 3137 2061 3229 plurima

375 3233 433 3309 lau
447 3239 632 3326 duplicatas
651 3241 867 3319 restituebat,
893 3244 1002 3313 minor
1023 3241 1204 3332 simplices,
1231 3239 1391 3331 sponsalia
1406 3267 1469 3332 per
1488 3242 1606 3330 iudicis
1630 3236 1822 3311 sententiam
1842 3233 2059 3320 differantur,
2125 3269 2127 3274 ·

326 3329 334 3438 ζ
380 3329 536 3424 sjullam
560 3340 773 3410 renunciandi
798 3337 925 3411 causam
949 3340 1112 3421 haberet,
1134 3339 1204 3424 hare
1233 3365 1305 3430 quae
1338 3331 1473 3430 expleto
1509 3342 1594 3413 certi
1632 3333 1792 3427 temporis
1821 3336 2061 3411 intervallum

326 3441 337 3517 i
379 3432 1051 3535 ooemcelsabat.1.alr.Caeparius.
1206 3442 1363 3530 ¹nuptias
1383 3442 1596 3530 postmodum
1619 3435 1812 3517 transeunt,
1850 3459 1961 3510 tomen
1987 3431 2061 3506 talia
2109 3467 2113 3476 ·

373 3577 376 3582 ·
709 3546 736 3620 §.
765 3542 901 3610 CLXll.
942 3538 1035 3611 Talia
1067 3540 1206 3627 repudia
1231 3534 1394 3628 suspensio
1409 3535 1523 3627 sapius
1541 3541 1588 3609 est
1608 3535 1824 3610 dissolutionis
1843 3539 1971 3624 primns
1984 3557 2062 3623 gra·

326 3665 331 3690 ν
403 3625 485 3718 Μ,
513 3628 552 3693 1¹²
643 3661 661 3706 a
687 3635 971 3717 contrahentibus,
995 3635 1052 3710 vel
1075 3661 1206 3710 contra.
1230 3639 1312 3716 dua,
1327 3659 1367 3708 ut
1378 3640 1589 3725 expierientiae
1609 3637 1831 3718 tessimonium
1844 3634 2061 3706 demonstrat.

373 3705 556 3852 -lsffl'sfswt‘
568 3822 584 3837 .
640 3733 791 3810 hortium
822 3737 1014 3823 parentibus
1041 3761 1081 3807 cx
1105 3735 1207 3819 nulla,
1279 3729 1803 3831 §.Clxllllllsidedifflala-
1846 3785 1848 3790 ·

326 3895 328 3906 .
386 3805 455 3930 2¹3⁸„
482 3787 591 3933 m,
628 3832 695 3906 ,vel
717 3836 851 3906 minima
868 3832 960 3905 caula
979 3833 1063 3906 laeta
1085 3837 1206 3906 merito
1230 3836 1321 3908 lione
1337 3831 1573 3924 sponsaliorum
1598 3836 1731 3923 quaestio
1752 3836 1803 3906 in·
1882 3879 2040 3969 sponsam

457 3947 536 4013 aaa?
648 3935 684 4004 in
704 3932 838 4004 ecclelia
860 3935 1033 4003 christiana
1054 3928 1128 4004 sunt
1149 3935 1206 4004 ab.
1230 3938 1319 4006 cidat
1338 3980 1365 4029 ,¹
1383 3935 1495 4022 primo
1521 3936 1671 4005 omnium
1696 3936 1732 4004 di
1750 3935 1801 4022 pi·
1867 3947 1873 3982 ·'
1889 3960 2049 4030 compa,
2177 4013 2179 4018 ,

359 4039 369 4048 “
640 4053 780 4123 rogota3
806 4056 867 4103 nec
889 4032 976 4102 ullus
1002 4031 1145 4122 amplius
1166 4030 1206 4101 il·
1229 4036 1398 4113 ciendum,
1412 4057 1453 4106 un
1473 4030 1564 4117 bino,
1579 4059 1619 4103 an
1632 4054 1699 4104 orto
1714 4037 1799 4102 dun·
1972 4043 1975 4058 '

390 4120 536 4204 l'ubodie
553 4135 650 4204 datur
673 4129 782 4210 luctu,
807 4127 861 4201 sed
880 4131 927 4203 od
941 4130 1073 4227 judicet
1085 4132 1207 4204 matri-
1230 4155 1318 4203 taxat
1334 4136 1502 4206 contradita
1523 4131 1650 4203 suerint
1673 4127 1832 4218 sponsalia
1846 4128 1888 4201 ab
1906 4153 2057 4220 utraque,

331 4235 342 4316 ξ
389 4230 578 4304 monialium
596 4227 772 4326 causarum
789 4235 961 4320 negotium
972 4228 1204 4310 deserendam,
1229 4231 1283 4301 vel
1299 4229 1458 4302 alterutra
1472 4230 1739 4301 contrahentium
1763 4248 1875 4317 parte?
1927 4233 1959 4303 Si
1981 4232 2058 4305 bina

327 4341 339 4402 -f
388 4321 570 4416 sutraqne,
586 4329 641 4402 vel
658 4329 815 4400 alterutra
835 4355 910 4418 pars
927 4327 1082 4417 sponsalia
1095 4326 1205 4401 dislbl·
1230 4327 1385 4415 sponsalia
1402 4327 1474 4400 snnt
1497 4336 1684 4411 contrusio,
1711 4350 1790 4401 tunc
1817 4328 1935 4424 priora
1961 4353 2058 4401 taete-
2169 4385 2171 4394 .

326 4415 340 4514 d
387 4425 583 4516 iimperat,
607 4426 887 4517 quinonniliob
908 4453 1027 4520 graves
1049 4443 1083 4502 dt
1105 4432 1205 4516 julias
1230 4430 1274 4497 ris
1297 4431 1433 4515 paribus
1467 4427 1705 4516 proferuntur·
1728 4425 1986 4528 posterioribus,
2018 4455 2057 4502 tc

326 4561 339 4626 a
385 4523 483 4597 musas
508 4529 644 4617 publica
676 4533 872 4601 autloritata
905 4525 1088 4617 sponsalitia
1108 4533 1206 4618 pocla
1230 4530 1370 4614 proinde
1390 4530 1501 4612 priora
1530 4529 1912 4615 pronuntianturrata,
1949 4530 2059 4620 polle-

326 4651 340 4724 ᾗς
385 4621 581 4706 dissolvunt,
612 4651 685 4714 qaaae
715 4626 879 4700 dill'olutio
912 4633 1046 4700 atonaine
1073 4627 1205 4720 repudii
1229 4629 1316 4695 riora
1350 4650 1429 4696 vtro
1458 4627 1562 4697 irrita.
1630 4629 1750 4722 Neque
1773 4630 1862 4698 enim
1896 4625 2059 4718 intrusa
2138 4701 2143 4712 ,.

326 4773 332 4786 .
385 4717 413 4792 ia
432 4726 582 4818 genardi
614 4723 851 4814 significatione
885 4751 1023 4816 accepto
1042 4729 1206 4818 indigita-
1230 4724 1526 4796 matrimonialibus
1558 4725 1668 4794 lotum
1701 4723 1801 4798 babet
1828 4723 1911 4799 illud
1940 4726 2058 4818 vulga·

326 4819 334 4896 i
385 4835 455 4908 tur,
480 4827 614 4895 cumin
637 4825 748 4896 locum
770 4828 900 4913 repudii
922 4828 1002 4896 olim
1023 4831 1113 4914 apud
1137 4832 1207 4899 Ro·
1232 4845 1320 4893 rum:
1349 4815 1495 4922 δευτέρη
1516 4809 1679 4920 φ’ραντὶἕες
1695 4818 1898 4927 oopta'rtptq,
1921 4821 1973 4896 sed
1995 4849 2059 4914 po·¹

326 4909 334 5006 l·
385 4941 488 4997 manos
504 4921 612 4995 ustati
630 4919 824 4998 successerit.
879 4917 1206 4997 Utantemdocau-
1233 4920 1393 4992 tinsillud
1413 4933 1578 4994 alterum:
1612 4918 1712 5016 Qraod
1724 4925 1828 5018 sinici
1851 4924 1999 5018 placatio,
2022 4925 2059 4995 in

326 5019 335 5120 ξ’
385 5013 415 5094 is
431 5022 627 5097 ailsolv'endi
648 5019 804 5110 sponsalia
822 5028 855 5095 in
878 5026 994 5094 nolli-ia
1007 5017 1209 5095 ¹coralilloriis
1232 5023 1393 5120 posternat
1406 5019 1607 5116 displicere
1630 5021 1759 5116 nimiis)
1805 5029 1887 5094 laem
1905 5049 1914 5093 ε
1935 5019 2060 5097 labem

326 5127 342 5218 i.
382 5113 475 5229 bodie
500 5123 626 5212 ubique
652 5119 725 5194 sere
753 5127 895 5215 receptis
925 5125 1109 5196 dillinsliuo
1133 5147 1209 5216 aga·
1233 5131 1270 5192 al
1288 5119 1413 5194 rtaslau'.
1462 5122 1541 5191 Diti
1561 5135 1695 5207 autcm',
1722 5120 2057 5218 ·caeteris;poridttt.,

326 5257 333 5268 --
370 5237 384 5284 a
608 5265 611 5270 -
816 5299 826 5322 .
1282 5224 1366 5298 Ua.
1638 5237 1646 5242 '
1817 5269 1820 5276 -
1957 5223 2064 5320 posic-

1851 3805 1900 3879 ι)
1927 3801 1966 3866 ει·
1986 3801 2060 3864 arna
2173 3817 2214 3868 .·
