4884 5984
359 479 431 557 190
517 425 520 430 ’
712 460 864 540 rocus
892 463 1020 538 xxva
1071 459 1182 537 cro.
1212 464 1256 534 u.
1305 463 1452 536 nuno.
1478 461 1506 535 t.
1529 559 1532 564 Ι
1556 463 1667 538 aur.
1687 467 1717 538 r.
1847 479 1854 497 =-
1961 463 1964 469 ·
2038 512 2042 520 .

262 692 277 714 .
339 640 459 736 ¹tionis
479 657 554 734 loco
569 657 773 744 adducitur,
796 662 942 751 petitum
956 662 1004 735 est
1024 684 1065 733 ax
1080 659 1194 759 porti·
1220 660 1332 738 oritur
1344 683 1480 759 pugna,
1508 658 1697 833 inteffinurn
1705 653 1875 756 praeiiurn.
1924 651 2008 731 Non
2021 655 2065 732 ii*

267 768 270 772 ’
360 759 483 835 tutori.
551 764 589 832 ld
618 761 709 833 enim
737 762 896 834 duntaxat
931 758 1075 852 probat,
1107 763 1199 852 qma
1222 760 1308 838 tebit
1326 758 1391 836 tibi
1404 783 1521 834 onore
1536 758 1566 833 ii
1589 784 1679 842 eros,
1702 782 1760 830 nec
1779 758 1882 854 aequir
1895 755 2064 855 adspicere

344 864 455 942 ,Deus
476 885 552 934 cum
565 883 603 932 en
617 854 775 950 persona,
800 886 900 951 quarn
918 885 980 954 per
998 882 1201 934 mortemer
1225 860 1357 942 ocutis,
1385 854 1467 958 quos
1490 860 1643 960 genuisti.
1716 853 2004 955 Ciomporriger·
2019 853 2066 932 o·-
2095 931 2098 940 ,

362 957 427 1034 hac
446 963 517 1035 vita
535 980 672 1044 eruent,
700 953 909 1050 superstitem
928 967 1109 1053 coniugem
1127 962 1204 1034 diu·
1226 964 1307 1043 bor,
1333 958 1501 1035 invidebis
1520 969 1669 1045 mortuo,
1695 953 1736 1032 ii
1753 957 1817 1058 nist
1839 949 2065 1057 oderisfiiion

363 1062 429 1136 tius
451 1061 487 1133 in
523 1060 737 1133 matrimonio
760 1062 875 1133 rivere
898 1059 1063 1145 noluerit,
1098 1084 1141 1133 ex
1163 1081 1203 1131 eo
1228 1060 1340 1137 oditur
1352 1084 1465 1135 eorum
1478 1058 1645 1134 videberis
1660 1080 1776 1130 onore
1784 1066 1933 1154 patrem.
1967 1052 2088 1155 Quod

295 1201 298 1208 ‚
364 1183 448 1235 vero
465 1182 677 1249 nequaquam
691 1153 809 1231 inferri
824 1161 949 1250 potest,
971 1160 1063 1251 quod
1076 1156 1118 1230 ab
1128 1173 1204 1231 'ortt-
1220 1165 1255 1266 fi
1269 1161 1325 1235 oir
1347 1158 1388 1234 dr
1398 1160 1513 1260 priore
1530 1182 1637 1264 uxore
1643 1154 1795 1254 sobolem
1815 1153 1925 1229 odim
1945 1154 2073 1231 tatem·

365 1260 402 1334 ni
412 1262 549 1346 omnino
564 1258 776 1331 matrimonio
784 1284 857 1332 eam
873 1252 1037 1331 exclusam
1048 1256 1202 1330 voluerit.
1228 1261 1365 1337 domum
1389 1271 1419 1333 te
1442 1259 1692 1343 introduxerit,
1719 1256 1848 1356 etiamst
1864 1252 2068 1371 ciemrntrffi·

226 1379 231 1388 ’
366 1361 483 1445 Adde,
508 1362 598 1448 quod
615 1355 732 1450 regulo
750 1359 920 1430 titionum
935 1360 1122 1430 nostrarum
1141 1349 1205 1428 effe
1230 1384 1287 1437 noo
1299 1358 1433 1455 fueris,
1457 1356 1721 1433 ornnescontudi
1736 1353 1779 1431 &
1791 1356 1960 1454 mimogro
1984 1354 2070 1430 trit

328 1519 332 1526 .
369 1456 490 1533 debeat
517 1456 668 1531 voluntas
684 1458 752 1529 Dei
774 1459 810 1529 in
825 1456 933 1530 verbo
953 1455 1120 1539 revelata,
1146 1478 1206 1527 ne·
1229 1482 1410 1537 novaram
1417 1457 1633 1561 saevifflnrnm
1645 1454 1891 1534 declamabunt.
1973 1455 2071 1555 iuri·

393 1580 534 1656 unquam
557 1579 638 1630 vero
656 1553 789 1654 occulta
809 1562 880 1645 ejus
899 1556 1035 1648 judicia.
1087 1561 1207 1646 Augu·
1232 1563 1356 1659 oignus
1371 1558 1545 1657 languerit
1569 1556 1611 1635 ii
1634 1556 1844 1632 condoluerit
1868 1567 1995 1653 caput,
2021 1555 2072 1632 ia·
2104 1565 2106 1570 '

367 1581 472 1730 iinon
484 1659 518 1728 in
543 1654 671 1729 enchir.
692 1658 852 1746 cap.Cl.·
898 1648 1102 1754 Aliquando
1119 1651 1207 1729 bonu
1228 1657 1423 1760 sanaberis
1438 1671 1477 1733 nt
1496 1659 1660 1759 venefico,
1671 1659 1709 1774 st
1727 1679 1793 1731 non
1808 1653 1941 1734 dederis
1959 1655 2085 1744 cibos&

296 1807 307 1858 3
370 1755 546 1831 uoluntate
574 1753 674 1827 nomo
703 1752 954 1852 nutationi,
992 1753 1082 1853 quoti
1113 1748 1209 1826 Deus
1233 1773 1272 1840 „r
1303 1758 1469 1840 crudetis,
1504 1759 1714 1862 stnrdms,
1758 1755 1913 1929 molyiro
1939 1755 2073 1835 diceris.

303 1867 330 1884 ‘
372 1879 440 1930 non
458 1855 534 1930 uuit
550 1850 639 1926 bono
663 1851 768 1927 multo
784 1877 840 1928 orn
866 1852 1119 1954 iius‘muitoque
1139 1874 1210 1927 cer·
1234 1859 1402 1959 johannes
1422 1863 1587 1933 Garonins
1603 1862 1638 1931 in
1651 1861 1747 1931 trost.
1769 1861 1812 1930 de
1839 1860 1960 1931 ecund.
1978 1876 2075 1949 nupt.

371 1955 444 2033 tius
461 1953 648 2030 uoluntate.
699 1949 794 2027 Nom
821 1878 914 2029 iiior
937 1954 1031 2029 moin
1050 1953 1211 2029 uoluntas
1237 1989 1297 2056 49.
1320 1963 1437 2033 recitat
1461 1955 1602 2032 secundo
1630 1957 1828 2032 nubentium
1851 1959 2074 2048 incommodi.

374 2050 434 2231 iffi
457 2075 625 2152 nunquam
648 2056 777 2169 iniust?
811 2063 971 2153 tunquam
985 2056 1019 2157 st
1045 2053 1150 2130 bonus
1164 2050 1478 2153 fi·1njurecivili
1499 2053 1647 2132 secunde
1666 2058 1794 2147 nuptie
1814 2054 1929 2129 multia
1950 2058 2076 2150 prinei·

345 2213 349 2220 .
393 2155 446 2231 ius
467 2163 602 2256 patrem
620 2150 705 2227 urirt
727 2177 858 2239 ornere,
888 2177 981 2252 quem
1004 2149 1098 2230 Dent
1126 2152 1214 2229 tona
1240 2187 1323 2252 pum
1347 2155 1639 2233 constitutionibus
1662 2154 1842 2248 multisque
1848 2151 2078 2327 duriacont'ul·

296 2305 300 2314 ·
375 2253 551 2331 ootnnrou
566 2250 642 2334 vuit
656 2254 753 2327 mori.
805 2250 859 2328 Et
873 2250 1078 2356 norsussirri
1088 2255 1214 2355 potest,
1240 2283 1354 2333 torum
1375 2252 1535 2347 responiis
1561 2260 1641 2330 odio
1662 2252 1736 2329 sunt
1759 2279 1845 2347 expo
1872 2277 1935 2339 te·‚
1956 2259 2077 2330 dieitur

233 2421 237 2426 .
376 2366 416 2431 ut
432 2353 507 2431 rior
534 2352 619 2428 velit
645 2348 743 2427 borno
760 2352 943 2428 'uoluntate
977 2352 1089 2442 noio.
1128 2349 1216 2452 quoti
1236 2361 1330 2432 eninr
1354 2382 1419 2447 per
1435 2383 1489 2429 eas
1508 2357 1620 2452 priori
1636 2359 1789 2443 morito„
1807 2356 1938 2456 ejusque
1962 2354 2079 2432 liberio
2117 2365 2119 2458 t

379 2452 476 2530 Deus
491 2452 567 2536 vult
584 2450 690 2538 tono,
715 2450 808 2527 velut
822 2454 856 2554 fi
876 2451 989 2529 molus
1003 2453 1106 2556 fitius
1130 2450 1214 2527 uelit
1242 2458 1373 2554 injurio
1392 2454 1534 2550 inserti,
1569 2459 1646 2558 inde
1665 2456 1990 2548 superstraconjunx
2011 2480 2082 2532 oot-
2117 2537 2119 2544 ,

378 2556 468 2631 mori
481 2564 637 2653 putrent,
661 2551 746 2626 uelit
759 2553 861 2626 etiam
877 2550 939 2626 iot
952 2549 1058 2630 Deus.
1109 2549 1214 2629 Nem·
1238 2561 1331 2632 nium
1348 2580 1486 2641 eorum,
1513 2582 1586 2646 quae
1602 2581 1801 2646 quacunque
1816 2556 2003 2630 rationeea
2022 2557 2080 2632 bo-
2116 2555 2119 2572 ”

375 2673 421 2757 pe
437 2653 491 2729 ilic
510 2649 606 2733 vuit,
634 2650 724 2748 quod
743 2675 809 2724 non
827 2651 901 2725 vuit
920 2652 1032 2742 Dent,
1056 2654 1113 2756 isit
1138 2674 1213 2726 otro
1238 2660 1289 2730 nis
1331 2653 1483 2728 defuncti
1510 2659 1553 2750 nd
1593 2650 1802 2748 superstitem
1837 2653 2081 2746 peruenerunt.

381 2753 421 2830 id
440 2750 538 2840 nuit,
564 2748 654 2849 quon
674 2750 748 2825 uuit
764 2747 806 2826 ὃ
824 2747 938 2839 Dent,
968 2752 1010 2828 u
1027 2766 1137 2827 tomen
1158 2750 1217 2826 bo·
1240 2755 1483 2847 proprietatem
1497 2758 1632 2835 amittit,
1657 2752 1726 2829 snio
1747 2750 1923 2828 usufructu
1941 2777 2084 2845 retento,

373 2875 435 2952 ‚nra
458 2847 530 2927 Dei
553 2848 725 2926 uoluntati
744 2852 853 2947 pictos
881 2850 973 2926 iliius
998 2856 1112 2952 potins
1139 2850 1452 2958 ron-‘ipsatautem
1481 2859 1670 2945 proprietas
1693 2882 1712 2927 a
1734 2876 1888 2942 tempore
1920 2881 2086 2933 novatum

372 2953 503 3057 strunt,
527 2951 680 3049 quumvis
696 2950 794 3024 alind
809 2949 974 3039 uolentis,
997 2976 1097 3051 quom
1119 2950 1218 3048 injus
1243 2956 1437 3045 nuptiarum
1460 2960 1501 3027 ad
1524 2958 1679 3045 priorum
1711 2957 1905 3045 nuptiarum
1927 2954 2088 3052 liberos'a
2117 2963 2119 2974 '

290 3077 297 3083 ·
384 3056 472 3132 idern
493 3050 638 3127 uolentis
656 3052 823 3147 impietas.
874 3048 1031 3126 Multum
1058 3053 1221 3127 enimin⁴
1243 3051 1405 3127 defuneto
1429 3076 1496 3123 non
1524 3053 1741 3128 exheredatos
1764 3052 1879 3127 tronfit
1903 3063 1969 3129 &n
1993 3060 2086 3133 Nor.

385 3157 496 3256 teresi,
531 3149 614 3249 quid
648 3148 729 3224 velie
758 3150 906 3238 homini,
937 3151 1021 3249 qnid
1040 3153 1120 3228 veile
1144 3148 1220 3224 Deo
1245 3149 1548 3226 xxtt.c.xx111.
1580 3158 1631 3225 Aa
1654 3155 1806 3241 quamvis
1826 3154 2029 3245 Justinianus
2051 3160 2087 3230 in

387 3263 573 3352 congruat,
601 3246 642 3324 ii
657 3249 704 3324 od
723 3272 815 3347 quem
831 3251 937 3350 finem
952 3246 1053 3347 [raom
1086 3253 1221 3350 quisque
1246 3254 1337 3325 Nov.
1364 3249 1404 3324 de
1422 3271 1491 3321 non
1513 3251 1658 3347 eligenti.
1666 3248 1802 3347 secund.
1830 3264 1924 3349 nupt.
1943 3279 2016 3346 erp.
2027 3254 2089 3330 111.

387 3355 516 3451 reserat
538 3348 746 3425 voluntatem
756 3401 768 3436 ,
793 3359 832 3424 ut
850 3348 1074 3447 adnotetur,
1091 3350 1144 3426 uti
1159 3352 1222 3425 im·
1245 3374 1361 3424 omnes
1379 3375 1494 3442 purnes
1515 3377 1534 3424 e
1555 3350 1847 3441 predecetioribus
1865 3354 1928 3425 suis
1942 3350 2089 3430 secundo

286 3471 289 3478 '
385 3452 558 3558 probetur.
617 3447 729 3624 Potlest
756 3451 844 3524 enim
871 3449 950 3523 veile
970 3449 1108 3538 bonum,
1139 3448 1229 3549 quod
1250 3449 1453 3524 nubentibus
1474 3454 1665 3526 constitutas
1688 3453 1911 3541 antiquaverit
1932 3470 1969 3529 or
1987 3450 2091 3529 sustu-

389 3581 457 3633 non
480 3562 647 3651 congrunt
667 3551 681 3624 i
706 3552 720 3625 i
744 3549 843 3637 vello,
881 3547 922 3624 ii
937 3553 1043 3651 potest
1069 3549 1149 3625 velie
1170 3550 1228 3626 bo·
1251 3550 1346 3634 ierit,
1380 3571 1492 3621 tamen
1519 3553 1553 3622 in
1575 3549 1637 3624 alio
1662 3557 1752 3626 Nor.
1775 3550 1816 3624 de
1839 3563 1933 3648 nupt.
1957 3578 2015 3628 22.
2035 3569 2093 3629 ana

390 3682 487 3743 num,
518 3649 606 3752 qnod
626 3652 799 3748 congruit,
819 3647 884 3746 sed
908 3674 974 3724 non
993 3650 1097 3746 refert
1121 3650 1168 3725 od
1180 3652 1229 3750 fi·
1252 3675 1295 3722 no
1317 3668 1516 3740 &quatuor
1539 3649 1705 3724 mensibus
1728 3654 1801 3741 post
1824 3654 1912 3725 edita
1943 3655 2093 3746 priorem

392 3783 467 3834 nrm
488 3754 627 3837 retium,
654 3747 694 3823 ii
709 3750 783 3825 ideo
803 3773 869 3823 non
890 3753 933 3852 est
953 3749 1042 3825 bono
1057 3750 1227 3825 uoluntas.
1252 3748 1551 3841 illamnbrogavit,
1571 3760 1605 3825 δι
1618 3747 2096 3826 antecessorumsnorumenn-

392 3854 602 3933 Loatbardua
617 3847 666 3922 lib
676 3852 701 3923 1.
725 3846 863 3923 sentent.
885 3853 1100 3940 diuinum.
1118 3850 1167 3925 lit.
1187 3858 1227 3923 Α.
1254 3850 1437 3921 stitutionea
1453 3846 1689 3934 confirmavit,
1716 3872 1852 3924 notante
1870 3851 2020 3925 forstero
2035 3851 2094 3926 tib.

655 3950 720 4047 11.)
751 3947 891 4026 Iterotae
919 3951 1046 4048 nuptiae
1077 3949 1232 4047 plurimo
1257 3944 1340 4019 Vll.
1364 3951 1406 4021 de
1427 3940 1557 4022 sorceti.
1580 3949 1713 4041 caplX.
1732 3975 1825 4023 num.
1845 3971 1875 4039 t.
1901 3948 2002 4048 Resp.
2028 3976 2097 4030 non

397 4095 443 4170 α)
457 4092 511 4158 Ab
526 4047 591 4155 ins
645 4046 765 4147 secant
807 4046 947 4123 trahunt
988 4050 1201 4125 incommoda
1223 4105 1233 4136 ‚
1257 4062 1419 4139 negamus
1439 4048 1571 4121 iteratas
1590 4053 1723 4143 nuptias
1744 4052 1944 4141 quandoque
1967 4054 2110 4134 incom-¹

398 4142 563 4241 ‘immun
649 4148 839 4248 praesertim
862 4150 889 4244 fi
911 4175 955 4224 ex
973 4151 1091 4248 priore
1114 4150 1236 4226 notri·
1259 4149 1437 4219 modorum
1454 4154 1676 4236 quorumdam
1694 4144 1805 4221 secum
1825 4149 1957 4241 trahere
1973 4174 2099 4244 conge·

342 4287 344 4292 ·
396 4278 468 4323 rom
489 4250 585 4340 const·
641 4247 1234 4351 ¹moniosuperstitetsuerintliberi.
1261 4237 1372 4332 nient,
1409 4249 1604 4334 cumprimis
1629 4247 1653 4320 sr
1682 4274 1723 4320 ex
1747 4250 1861 4339 priore
1886 4252 2115 4342 matrimonia¹

398 4341 528 4416 milvii*
659 4350 829 4443 Graphice
844 4376 889 4437 ‚ea
906 4353 1061 4443 depingit
1079 4359 1114 4426 δι
1137 4374 1235 4443 exag·
1263 4343 1449 4436 superstites
1467 4343 1530 4427 fint
1547 4344 1662 4437 liberi3
1687 4343 1741 4419 sed
1754 4371 1793 4420 ea
1809 4373 1872 4422 nea
1889 4344 1962 4421 sunt
1975 4373 2101 4440 perpe⁴

660 4471 756 4545 gerat
774 4453 997 4536 Hieronymus
1025 4453 1060 4521 in
1089 4451 1182 4542 epist.
1197 4452 1239 4521 ad
1265 4468 1340 4525 tuo.
1363 4470 1440 4517 cum
1460 4447 1672 4537 experientiae
1693 4448 1880 4520 testimonio
1905 4447 2104 4540 comproba·

404 4555 548 4632 Furiam.
601 4547 826 4647 Superducit,
854 4552 984 4638 inquit,
1027 4558 1134 4623 motor
1147 4546 1242 4646 filiis
1264 4567 1336 4617 tum
1364 4542 1427 4627 stt,
1455 4541 1596 4619 secunda
1616 4568 1695 4621 vota
1718 4541 1782 4620 etse
1806 4551 2004 4638 quandoque
2029 4548 2103 4622 satia

286 4715 295 4720 ..
400 4680 469 4731 non
490 4651 696 4736 nutricium,
710 4646 775 4749 sni
802 4648 940 4750 nostem,
966 4671 1032 4722 non
1048 4659 1239 4746 parentent,
1265 4646 1376 4735 quieta
1399 4653 1435 4719 δι
1460 4642 1586 4730 felicia,
1613 4673 1674 4720 nec
1692 4643 1864 4732 efficiunt,
1887 4669 1924 4719 ut
1945 4644 2017 4738 ipsa
2039 4673 2103 4721 nu·

398 4753 464 4857 sed
487 4765 688 4849 tyronnnnrr
714 4751 931 4843 inflammato
957 4747 1102 4824 libidine
1119 4743 1243 4822 obiioi·
1267 4746 1414 4838 ptirrum
1437 4745 1567 4818 iteratio
1590 4766 1750 4838 proptera
1770 4742 1896 4821 censeri
1915 4746 2037 4821 debeat
2057 4746 2105 4821 le·

394 4852 507 4956 scitur
521 4852 609 4926 uteri
616 4848 681 4948 sui
698 4845 738 4924 ii
762 4847 1024 4950 interporonios
1038 4847 1123 4947 suos
1144 4846 1242 4946 mise-
1265 4870 1310 4938 ge
1332 4845 1443 4916 divina
1466 4845 1659 4936 prohibita,
1696 4872 1774 4919 cum
1801 4849 1843 4921 dr
1863 4849 1977 4937 priate
2001 4851 2104 4921 etiam

402 4956 478 5033 rior
502 4948 679 5050 nescientes
709 4949 827 5047 iugens
859 4949 984 5025 dudum
1019 4972 1107 5023 nouo
1135 4960 1242 5047 nupto
1266 4946 1479 5018 matrimonio
1493 4946 1658 5037 apostolus
1672 4950 1871 5035 pronunciet
1890 4944 2106 5023 r.Cot.Vli.

404 5053 625 5152 componitur.
684 5056 788 5125 Item:
811 5046 854 5125 Si
876 5049 1036 5136 evenerit,
1071 5061 1109 5124 ut
1133 5075 1177 5124 too
1188 5046 1244 5145 st-
1268 5065 1325 5135 28.
1368 5041 1634 5121 Tribulotionenr
1656 5047 1769 5121 carnis
1799 5045 1965 5122 iubebunt
1989 5046 2109 5147 injur·

404 5152 512 5259 cunio
527 5151 746 5233 matrimonio
768 5148 893 5231 iubeor
905 5148 1007 5253 filios
1026 5147 1243 5258 domestifos,
1264 5145 1371 5225 nodi.
1422 5144 1498 5222 Alia
1525 5147 1660 5242 questio
1681 5148 1751 5230 est,
1779 5150 1861 5239 quio
1891 5146 2007 5227 liceat-t
2042 5149 2107 5224 atie

2007 5273 2114 5340 teto·
