4884 5984
558 503 622 576 or
670 495 815 578 corso
864 499 1121 610 emersura
1171 497 1436 576 rnrncnsts
1486 497 1716 579 comvcu.
1812 443 1814 450 ⁵
1925 471 1972 594 ei

279 693 510 788 ,etsexvut
525 703 603 790 §.p
621 693 1107 798 Atiusconjugnlistonsincm
1131 695 1357 771 concubinam.
1416 703 1494 773 Huc
1519 696 1695 776 referenda
1719 726 1782 776 vox
1808 695 1970 795 flagiciofi

278 799 508 874 reddittotum
521 794 690 871 currulem
708 794 749 872 i!
762 795 965 897 ineptumnsi
976 795 1106 869 diuino.
1132 799 1337 890 Campegii,
1369 796 1461 870 Hosti
1480 854 1489 886 ‚
1522 803 1612 874 Eeeii
1637 811 1672 875 δι
1693 803 1853 884 Coileri,
1881 801 1970 897 quod

280 901 362 990 Cap.
377 897 475 971 ΧΙΧ.
497 921 560 970 rat.
577 925 609 990 5.
632 894 895 974 Matrimonium
909 895 1108 970 veliementer
1123 893 1284 991 sacerdos
1325 917 1464 970 uxorem
1509 897 1628 972 ducens
1654 902 1798 996 grauius
1826 911 1967 998 peccet,

277 997 419 1096 impedit
433 995 789 1099 officiocccicfinstico‚
814 995 952 1094 impedit
956 995 1106 1098 sluo'ium
1130 1019 1228 1092 quom
1244 995 1501 1097 stsornicetrsr,
1532 1010 1595 1071 aut
1619 997 1714 1073 domi
1743 1000 1964 1076 concubinam

277 1097 467 1182 orationis,
492 1096 673 1192 efficacium
689 1096 969 1193 predicationi,
992 1117 1105 1167 curum
1129 1094 1215 1168 nint.
1281 1102 1385 1175 ltem,
1421 1101 1511 1185 quod
1543 1096 1760 1172 Bellarminus
1784 1104 1826 1174 de
1852 1102 1964 1178 cleric.

274 1219 468 1296 pauperum.
518 1200 610 1268 idem
631 1197 667 1266 in
685 1193 812 1284 praefat.
840 1219 920 1270 tosn.
943 1193 1001 1268 ΠΙ.
1027 1220 1106 1265 con·
1128 1189 1345 1284 capXXlV.
1362 1190 1523 1284 disputat,
1539 1202 1629 1270 τεᾶς
1648 1196 1746 1286 fieri,
1771 1207 1859 1292 qood
1872 1206 1968 1296 dign.
1989 1213 1993 1220 '

278 1309 362 1376 uon.
386 1292 507 1370 celion
531 1293 687 1366 coelibatu
704 1295 895 1387 conjugium
916 1296 1000 1365 inire
1024 1295 1105 1364 dicit
1129 1318 1228 1377 mus,
1254 1291 1318 1364 lnoc
1347 1294 1420 1374 eil,
1452 1295 1510 1384 qui
1536 1290 1710 1370 succeffive
1739 1303 1820 1373 dues
1851 1301 1968 1375 habuit

278 1392 479 1496 elleslcilone
500 1389 541 1466 sie
558 1392 647 1465 coelo
664 1392 792 1479 rodere,
818 1393 864 1466 od
887 1403 1032 1467 terrenos
1049 1390 1106 1464 de·
1129 1416 1263 1478 uxores,
1294 1415 1315 1463 a
1342 1387 1524 1465 sacerdotio
1546 1394 1739 1484 repellitur,
1764 1399 1967 1475 nonensem

278 1491 399 1581 litias,
424 1503 524 1588 oeque
545 1489 593 1566 asi
607 1494 741 1588 negotio
760 1490 858 1589 isssjus
872 1493 952 1566 ssitae
972 1490 1104 1576 delabi,
1128 1489 1353 1571 fornicarius,
1393 1494 1471 1579 quia
1497 1495 1603 1586 magis
1631 1496 1851 1584 prohibeatur
1873 1501 1968 1594 diga·

279 1594 431 1682 incarne
446 1589 663 1688 &sunguine
674 1589 822 1665 notnenri
831 1647 840 1678 ,
869 1588 937 1666 &c
991 1595 1106 1665 Cotte·
1129 1593 1218 1671 mia,
1244 1614 1343 1679 quam
1377 1590 1601 1680 adulterium,
1629 1594 1684 1668 vel
1716 1597 1966 1674 concubinatus.

278 1717 329 1766 roc
345 1698 382 1766 in
405 1691 534 1767 enchir.
556 1716 629 1779 cop.
641 1689 718 1765 XV.
751 1688 820 1764 Per
846 1688 1105 1787 conjunliioncm
1129 1691 1271 1761 Maritus
1289 1690 1394 1760 vidua
1408 1692 1549 1778 perinde
1568 1717 1606 1764 ne
1622 1689 1774 1788 bigamus
1786 1697 1821 1769 in
1834 1685 1980 1773 cierunt

279 1788 487 1889 conjugalem
507 1790 625 1864 neimo
643 1787 787 1863 ioneinis
806 1788 853 1862 osi
867 1790 1033 1885 inferiora
1048 1786 1106 1860 dc·
1128 1786 1207 1881 eligi
1229 1788 1421 1876 neutiquam
1437 1791 1557 1914 potest.
1586 1793 1671 1882 Cap.
1702 1799 1871 1883 quomodo
1896 1805 1965 1873 dte.
1988 1883 1991 1890 ¹

274 1892 454 1992 primitur,
478 1899 517 1963 oe
531 1889 642 1962 missus
659 1889 792 1964 idoneos
812 1891 854 1980 fit
869 1888 1019 1987 coelestio
1041 1912 1106 1959 me·
1131 1910 1187 1974 31·
1201 1912 1234 1976 q.
1260 1913 1286 1963 ι.
1308 1910 1346 1958 ac
1368 1906 1392 1958 t.
1412 1908 1436 1959 t.
1462 1891 1503 1960 de
1523 1884 1647 1982 bigrm.
1673 1915 1740 1964 non
1769 1897 1879 1970 ordin.
1908 1891 1965 1972 sed

278 1991 383 2066 ditari
398 2013 444 2062 oc
472 1987 627 2064 narare.
692 1989 748 2080 3.)
790 1981 1002 2063 Coeiibotsun
1031 2012 1104 2060 cum
1127 1979 1312 2071 scortator,
1338 1985 1396 2073 qui
1416 2007 1546 2059 mortua
1565 2011 1669 2062 uxore
1687 2016 1727 2063 er
1751 1992 1870 2068 aneilla
1886 1993 1964 2084 plu·

279 2087 477 2170 sontrsrneiio
505 2087 659 2184 conjugii
691 2085 875 2162 laudando.
952 2093 1106 2162 Statuunt
1130 2111 1181 2158 res
1210 2080 1352 2172 suscepit
1382 2082 1533 2170 liberos,
1565 2088 1722 2160 diaconus
1752 2087 1824 2164 fieri
1842 2095 1963 2184 potest.

278 2192 360 2264 enim
382 2186 580 2262 coelibatum
598 2185 662 2259 elie
681 2182 932 2262 tdsfaoionem
952 2207 1107 2276 peccato·
1130 2189 1214 2272 Cap.
1237 2183 1460 2255 fraternitatis
1486 2194 1550 2258 dcc.
1578 2184 1650 2259 dio.
1674 2212 1730 2275 54„
1782 2194 1838 2286 6.)
1868 2191 1965 2266 Vota

276 2313 345 2366 rum
362 2285 545 2362 maximnm
564 2295 600 2360 te
624 2288 778 2360 meritum
798 2288 894 2379 regni
917 2283 1106 2363 erulorum,
1130 2278 1313 2355 coelibatus
1330 2303 1353 2352 o
1370 2305 1431 2376 per
1448 2283 1521 2356 onir
1542 2281 1589 2355 od
1603 2307 1676 2357 cum
1696 2286 1806 2361 minor
1834 2289 1963 2365 idoneis

232 2475 237 2482 ,
277 2385 332 2464 elie
354 2389 477 2476 sletupn
492 2381 722 2476 perfectionis,
747 2396 782 2460 &
797 2389 854 2473 qui
869 2387 958 2455 ineo
976 2385 1106 2462 vivunt,
1128 2378 1296 2477 exigendo
1314 2375 1407 2475 orsu
1423 2381 1592 2478 cipricitin,
1617 2409 1682 2473 qua
1705 2389 1832 2460 ratione
1852 2386 1965 2463 effica·

282 2483 462 2578 poffeplus
484 2483 657 2574 prestare,
683 2507 779 2572 quam
799 2488 891 2556 Deus
904 2485 939 2553 in
960 2479 1034 2572 lege
1053 2505 1108 2552 re·
1129 2504 1202 2554 cem
1224 2477 1352 2550 causcm
1375 2479 1527 2570 prrebent
1553 2482 1747 2555 voluntariis
1769 2484 1964 2574 pollutioni·

231 2587 235 2594 '
279 2581 425 2676 pifivit,
453 2591 489 2660 dc
509 2582 583 2652 berc
601 2575 654 2653 suc
669 2585 781 2654 merita
796 2581 884 2661 eliis,
910 2583 1014 2668 quiin
1028 2577 1217 2659 con-bus,
1255 2576 1432 2649 libidinum
1458 2581 1616 2653 incendiis
1640 2591 1675 2655 δε
1696 2584 1794 2655 variis
1815 2589 1965 2660 crimini.

231 2715 235 2770 ;
279 2687 364 2778 jugie
406 2684 557 2762 vivunt,
587 2678 752 2769 adplicare
781 2677 895 2768 potie,
932 2680 1012 2766 quin
1038 2677 1107 2748 imo
1132 2677 1213 2754 bus,
1240 2695 1278 2748 ut
1295 2680 1328 2746 in
1347 2678 1524 2765 quastione
1543 2682 1585 2751 de
1600 2679 1759 2753 coelibatu
1776 2685 1963 2763 docebitur.

231 2793 235 2822 '
279 2781 526 2858 etiemmininsa
542 2802 663 2868 opera,
690 2803 761 2868 quc
779 2781 812 2849 in
828 2777 986 2850 coelibatu
1005 2773 1107 2860 fiunt,
1133 2781 1186 2867 7.)
1213 2772 1416 2872 Imporsoria
1432 2775 1572 2873 publico
1596 2779 1632 2850 in
1654 2782 1807 2877 conjugii
1826 2782 1965 2864 dedecus

280 2883 348 2956 Deo
369 2875 439 2956 effe
464 2877 669 2967 acceptiora,
694 2901 791 2966 quam
820 2877 961 2947 maxima
981 2899 1108 2962 opera,
1132 2873 1319 2948 tolerando.
1386 2879 1503 2948 Rom-‘e
1528 2877 1562 2948 in
1593 2870 1664 2966 ipso
1689 2877 1856 2970 pontificis
1883 2911 1965 2958 con.

279 3005 343 3070 oua
362 2977 707 3068 fiuntaeonjugatis,
732 2975 916 3063 cujusmodi
938 2972 1034 3063 plura
1057 2977 1109 3044 in⁴
1133 2972 1246 3064 speon
1282 2971 1423 3063 publicae
1460 2974 1523 3046 illae
1557 2979 1802 3065 turpitudinum
1823 2979 1965 3058 officinae

278 3075 373 3154 lenius
393 3073 602 3150 adferentur.
619 3078 706 3163 Cap.
719 3071 943 3164 Hospitiolum
954 3082 1017 3145 &c
1033 3073 1106 3145 dist.
1131 3095 1245 3162 aperte
1279 3075 1447 3161 prostant,
1482 3082 1517 3146 ἃ
1552 3078 1651 3146 tertis
1681 3079 1900 3170 vestigalibus
1927 3085 1965 3160 in
2017 3087 2027 3096 ”

281 3200 330 3272 μ.
381 3171 572 3251 Siborum
597 3175 641 3273 esi
667 3169 835 3247 mulierem
860 3193 925 3242 uon
948 3182 1106 3266 tongere,
1131 3173 1252 3260 patrati
1275 3169 1363 3241 illius
1388 3173 1489 3257 pntris
1515 3174 1666 3244 crurium
1692 3174 1872 3251 inferendis
1891 3179 1963 3254 elo·

277 3275 398 3352 uotum
421 3275 467 3376 est
489 3295 571 3368 ergo
593 3282 738 3368 tongere.
798 3281 847 3362 4)
887 3265 964 3342 Tosi
993 3270 1107 3343 ordini
1130 3293 1257 3341 cantur.
1309 3272 1399 3342 Cum
1419 3268 1595 3342 concilium
1612 3276 1846 3350 Tridentinum
1874 3305 1962 3354 anno

231 3441 233 3484 Ι
276 3375 484 3478 ecciefiastico
502 3373 660 3468 conjugio
682 3369 932 3455 interdicendo,
963 3391 998 3440 ut
1025 3395 1106 3441 con·
1136 3392 1237 3454 ¹55²·
1256 3366 1500 3452 celebraretur,
1527 3373 1642 3442 Romae
1670 3375 1768 3445 initus
1791 3374 1854 3448 fuit
1875 3376 1964 3453 seor·

231 3503 233 3508 ·
274 3475 327 3550 bet
342 3501 386 3550 ex
405 3473 532 3563 praxi,
566 3473 601 3543 id
629 3475 717 3560 quod
741 3492 870 3563 pugnet
894 3495 970 3540 cum
994 3471 1104 3539 divino
1130 3489 1240 3539 torum
1264 3492 1446 3547 numerus,
1468 3492 1540 3557 qua
1565 3471 1707 3562 velligcl
1735 3479 1963 3551 meretricium

274 3576 419 3666 conjugii
456 3571 695 3650 institutione,
742 3595 815 3658 quse
856 3569 1104 3640 matrimonium
1129 3571 1285 3640 Romano
1315 3563 1465 3656 pontifici
1492 3571 1581 3654 petri
1608 3591 1738 3657 potrato
1761 3570 1962 3657 solverunt,

275 3673 431 3745 omnibus
448 3666 613 3756 relinquit
623 3667 765 3739 liberum
781 3717 792 3748 ,
806 3688 853 3737 ut
877 3669 912 3736 in
940 3670 1034 3737 trasl.
1062 3669 1104 3736 de
1128 3668 1184 3754 qui
1211 3663 1298 3735 ultra
1320 3689 1377 3758 24.
1406 3662 1509 3735 millia
1530 3662 1722 3742 adsurrexit.
1745 3671 1963 3750 Bellrrminut
1990 3695 1994 3704 ·

272 3773 389 3843 minist.
411 3773 448 3840 in
465 3767 641 3854 quastione
654 3769 695 3836 de
715 3769 870 3856 conjugio
895 3759 1112 3835 secerdotum·
1127 3764 1186 3837 lib.
1203 3761 1244 3835 Il.
1260 3766 1301 3834 de
1321 3761 1422 3835 curili.
1441 3766 1556 3855 gratia
1577 3774 1612 3838 &
1636 3769 1719 3838 iloto
1739 3775 1867 3858 peccati
1884 3797 1959 3863 cap.

272 3867 365 3942 letius
389 3865 456 3940 suit
484 3865 755 3937 demonstratum.
805 3865 860 3956 5.)
892 3855 1103 3934 Concubitu·
1126 3859 1261 3934 XVlIl.
1274 3861 1417 3946 §.Dicet
1433 3872 1498 3935 &c
1525 3858 1960 3969 Nonpeccotenngistrntus,

273 3977 340 4044 tene
364 3961 408 4040 si
430 3985 543 4060 rogos
558 3959 718 4036 libidines
737 3963 771 4036 in
782 3959 933 4060 personis
953 3961 1103 4062 ecclestn·
1119 3963 1153 4060 st
1175 3958 1402 4035 meretricibus
1425 3970 1549 4036 certum
1566 3959 1674 4037 iocum
1697 3965 1791 4040 urbis
1816 3970 1963 4044 incolcet-
1987 4035 2026 4062 ,,

267 4068 361 4167 Jlicis
379 4064 494 4156 potios
509 4056 702 4149 tolerando,
729 4087 825 4150 quam
841 4061 1011 4134 honestum
1025 4085 1104 4133 con·
1127 4059 1205 4133 sium
1233 4057 1436 4146 adtribuat,
1469 4063 1623 4156 quamuis
1649 4075 1737 4139 certo
1765 4066 1876 4159 snut,
1902 4068 1962 4144 illo

270 4168 413 4356 iiiii
430 4157 1012 4333 ³⁹⁶2“mi‘tttitlttl
1037 4169 1105 4332 ⁶⁶&
1123 4156 1324 4357 illiti:
1339 4156 1682 4336 sibilabit:
1703 4154 1842 4340 „iiii
1856 4171 1962 4342 tf?

331 4320 341 4336 ο
415 4314 426 4333 ·
535 4312 546 4343 s
1017 4313 1027 4343 s
1608 4309 1616 4344 s
1943 4308 1961 4328 ·
2059 4321 2067 4328 ··

266 4386 331 4463 pro
347 4381 456 4436 uxore
477 4380 579 4431 consu
602 4359 694 4432 inorn
712 4355 834 4443 sobet,
860 4358 1106 4434 ncommustio·
1128 4358 1277 4434 dicutur.
1310 4362 1396 4448 Cap.
1434 4364 1525 4431 Inter
1558 4384 1662 4449 opera
1694 4292 1772 4438 &ci
1794 4370 1883 4440 dees.
1900 4293 1963 4443 pde

271 4483 393 4540 meson
410 4435 608 4556 repeisotrcr,
633 4451 746 4531 tomen
767 4459 918 4531 utunior
942 4456 1104 4545 mulinis,
1125 4454 1267 4550 ¹sponsal.
1315 4451 1524 4543 Statuimos‚
1549 4469 1588 4531 ut
1616 4460 1788 4552 omnibus,
1819 4468 1878 4563 qui
1897 4490 1961 4565 pu-

271 4554 1105 4657 eatasotoric,oatconcrsbinaefitconjontiionecon·
1128 4556 1238 4632 blicos
1266 4555 1421 4634 mulieres
1453 4555 1502 4631 de·
1522 4554 1686 4656 lupanari
1716 4566 1958 4654 extraxerint,

273 4671 403 4750 tentum
428 4656 487 4730 ubi
506 4653 611 4754 glosis
629 4659 738 4730 addit:
774 4655 936 4731 mensio
954 4655 1104 4752 mondo·
1132 4653 1173 4732 ii
1187 4658 1349 4733 duxerint
1362 4659 1398 4732 io
1419 4681 1565 4743 uxores,
1591 4660 1681 4756 quod
1701 4673 1831 4760 agunt,
1857 4667 1895 4739 in
1909 4690 1961 4744 re·

274 4785 332 4860 que
341 4757 526 4932 pstremo
541 4753 652 4842 tates,
667 4777 767 4854 quom
784 4758 930 4857 castitas,
950 4758 1030 4852 quio
1046 4778 1104 4829 co·
1128 4756 1305 4857 mcffonem
1331 4758 1491 4856 proficiet
1507 4770 1739 4853 peccatorums
1764 4788 1804 4837 ex
1828 4792 1894 4854 quo
1909 4765 1961 4840 lo*

268 4865 429 4978 fluerepe
485 4865 582 4936 croc,
602 4851 667 4954 sesi
712 4858 883 5029 gille-otor
911 4878 987 4931 nore.
1014 4859 1103 5027 59⁹⁹:
1125 4856 1574 5028 {nondinifflltileclgzniileael'e
1587 4860 1964 5035 qgtodllgpanagatgle·

275 4941 744 5160 teumhnlliislui‘scsbsisidisobcre
756 4958 908 5142 subsellii?
923 4977 1100 5154 eiistnunlecin
1124 5055 1200 5145 gius
1218 5006 1252 5124 in
1266 5048 1356 5124 conf.
1373 5078 1406 5141 p.
1431 5010 1509 5126 sos.
1535 4967 1696 5132 voiatssn
1712 4987 1838 5132 crisim
1849 4988 1961 5157 acirici:
1986 5015 1993 5026 -

277 5166 416 5246 torum
431 5165 496 5232 cor
513 5176 674 5246 uxorem,
694 5165 756 5230 out
776 5166 861 5232 certe
884 5153 959 5230 loco
980 5155 1101 5234 uxoris
1117 5148 1254 5252 sossium
1269 5148 1317 5224 ct
1329 5149 1404 5230 olio
1418 5147 1582 5242 vimmo,
1600 5173 1672 5254 que
1680 5159 1802 5258 chnro
1822 5181 1864 5231 nc
1877 5181 1962 5272 gra.

522 5277 525 5282 '
796 5279 804 5288 '
1865 5279 1965 5337 osoro
