4884 5984
434 521 508 614 334
590 515 879 627 Loovsxnvl.
917 441 1016 586 Clll‘.
1043 516 1085 584 V.
1119 511 1299 620 MEMBR.
1318 514 1359 585 ll.
1396 513 1502 587 ΛΚΤ.
1519 515 1563 585 11.
1597 509 1754 585 rausa
1788 505 1911 585 SECT.
1933 511 2011 584 tv..

434 733 530 794 „aar
549 708 588 783 dc
608 713 756 800 matrim.
774 736 801 785 c.
816 706 991 785 XXVII.
1007 729 1083 808 arg.
1101 733 1131 799 3.
1156 713 1235 782 Mo-
1259 730 1314 783 tur
1328 703 1512 793 concedit,
1537 701 1592 780 sed
1615 732 1715 782 mere
1740 705 2002 800 prohibitiones,
2026 695 2070 777 ad

433 807 512 893 „ses
537 812 572 881 in
593 815 741 884 Levitico
765 816 913 898 quedam
943 813 1098 903 conjugia
1119 807 1235 897 prohi-
1258 833 1338 897 quas
1360 808 1461 879 etiam
1480 809 1626 897 pertinet
1645 808 1715 878 hnc
1728 803 1797 897 ipsa
1810 805 1851 879 dc
1866 804 2070 880 natt'drrccn·

431 910 557 995 ‚,buit‚
583 921 619 982 δι
638 914 786 998 quaedum
802 906 951 996 permisit
974 911 1007 978 in
1025 913 1143 981 eodem
1157 933 1236 998 gra·
1259 906 1304 980 da
1322 906 1443 980 axoris
1457 901 1586 1001 sorore.
1637 909 1700 997 11.)
1719 911 1768 977 Ex
1783 904 1860 1004 hyp
1919 900 2069 1002 (fiilia,

433 1012 517 1092 „du
572 1006 746 1079 l’rohibuir
765 1012 853 1079 euim
876 1010 1071 1099 conjuginm
1098 1030 1175 1080 cum
1197 1032 1235 1077 u·
1258 1009 1349 1095 quod
1369 1008 1412 1076 in'
1425 1006 1574 1077 Leuitico
1592 1029 1658 1076 uon
1682 1023 1819 1077 tantum·
1829 1029 1892 1102 per
1908 1023 1983 1078 artae
2004 1023 2069 1074 no-

433 1130 543 1186 „xote
560 1102 672 1178 fratris
689 1109 788 1178 etiam
806 1104 975 1185 defuntti,
998 1117 1034 1180 dc
1060 1131 1128 1178 non
1156 1126 1235 1196 pro·
1263 1106 1415 1176 minutim
1432 1099 1604 1190 expreffae,
1633 1100 1686 1175 sed
1712 1106 1812 1175 etiam
1836 1128 1928 1193 reque
1949 1102 2071 1173 dilian-

433 1203 576 1283 „hibuit
593 1205 787 1302 conjugium
810 1231 886 1276 cum
904 1202 1016 1277 sorore
1032 1206 1164 1285 uxoris,
1178 1200 1236 1275 uili
1262 1225 1311 1275 tes
1323 1201 1453 1299 gradus
1466 1199 1527 1273 lint
1545 1200 1729 1290 prohibiti,
1749 1223 1786 1274 ut
1800 1199 2075 1291 comprobatum

402 1339 409 1351 ·
434 1325 505 1382 „ea
524 1304 669 1390 virente,
686 1329 722 1374 ac
735 1306 876 1395 proinde
891 1329 957 1376 non
972 1302 1145 1392 prohibuit
1158 1327 1236 1375 cum
1263 1302 1327 1373 fuit
1343 1296 1502 1392 superius.
1553 1305 1629 1391 Jam
1654 1325 1735 1373 vero
1755 1325 1822 1374 non
1843 1300 1922 1372 licet
1941 1302 2069 1369 ducere

433 1397 576 1482 „sorore
595 1407 704 1475 uxoris
718 1411 785 1491 jam
802 1401 986 1483 defuncta,
1013 1412 1048 1477 dc
1062 1426 1172 1476 tamen
1190 1401 1237 1472 est
1255 1401 1387 1497 fratris
1413 1398 1563 1494 desantii
1581 1422 1721 1473 uxorem
1745 1405 1827 1472 Lev.
1849 1393 1988 1471 XVlll.
2013 1401 2069 1470 16.

432 1502 552 1581 „idem
575 1498 708 1590 prorsus
724 1506 846 1594 gradus
862 1500 1037 1573 adfinitatis
1053 1526 1131 1573 rum
1148 1496 1236 1571 soro·
1262 1507 1353 1593 Ergo
1380 1526 1441 1573 nec
1466 1497 1629 1572 defuntlae
1652 1501 1762 1569 uxoris
1790 1495 1959 1579 sororem,
1990 1518 2071 1566 cum

432 1623 503 1679 „re
521 1602 647 1683 uxoris,
672 1612 707 1675 δι
730 1626 807 1672 cum
830 1626 932 1672 uxore
958 1599 1078 1674 fratris.
1113 1595 1237 1670 Carac-
1261 1599 1322 1673 smt
1340 1603 1374 1670 in
1390 1603 1525 1683 eodem,
1551 1597 1665 1687 primo
1681 1594 1804 1677 scilieet
1819 1593 1953 1684 equalis
1972 1591 2070 1664 linet.

304 1719 308 1736 ·
433 1693 571 1779 „linia
593 1696 728 1796 Lapide
745 1700 781 1770 in
802 1721 916 1772 comat.
938 1695 1050 1772 Lavit.
1077 1695 1235 1773 XVIII.
1260 1703 1366 1791 gradu
1382 1701 1416 1769 in
1435 1695 1603 1767 adfinitate
1631 1698 1808 1789 constituti.
1859 1693 2040 1781 Excipiunt
2052 1737 2067 1776 ‚

433 1820 497 1892 ap·
527 1819 607 1887 704.
662 1804 778 1870 Uxore
808 1820 939 1870 mortua
969 1819 1064 1889 potes
1086 1801 1236 1886 accipe‘re
1260 1793 1569 1894 rfflhicdisparcrn
1585 1796 1764 1867 rationem.
1824 1800 1871 1880 t.)
1894 1785 2067 1862 Focarirrae

433 1891 700 1992 „uniformem
725 1898 759 1965 in
778 1906 976 1986 conjugem,
1006 1896 1069 1974 hot
1083 1900 1172 1970 eninr
1190 1896 1236 1970 le·
1260 1919 1325 1969 nan
1342 1896 1552 1992 pernrittitrr
1569 1891 1697 1968 duabus
1705 1890 1883 1988 fratribus
1891 1885 2067 1988 fircccffiue

432 2018 509 2086 „ge
531 1997 635 2067 reteri
663 1993 766 2066 licuit.
785 2040 805 2078 „
866 1998 929 2066 Sed
955 1994 1033 2068 hnic
1057 1994 1237 2067 Hoffman-
1260 1994 1379 2068 urben
1403 2003 1544 2089 propter
1570 1992 1793 2091 cansufioncm
1841 1992 1988 2063 emittunt
2011 2009 2067 2059 ca·

433 2095 537 2161 niune
552 2090 694 2165 censurae
704 2087 1238 2182 HenrieusHesshuliua,superin·
1259 2104 1442 2189 gnatorum
1464 2092 1499 2163 irt
1520 2112 1585 2163 aaa
1600 2089 1779 2188 srtbjctia,
1862 2091 1908 2182 fic
1925 2095 2067 2186 propter

261 2231 267 2242 ·
343 2251 346 2255 Δ
434 2192 596 2271 tendens,
611 2203 645 2266 &s
665 2193 784 2279 reliqui
802 2188 943 2262 ecclestae
963 2190 1159 2263 Hildefianae
1176 2192 1237 2261 mi·
1260 2195 1440 2292 incestam:
1463 2201 1503 2262 at
1527 2193 1616 2263 mari
1632 2188 1822 2289 permistum
1843 2188 1995 2289 esiliam
2006 2181 2066 2282 sa·

434 2290 527 2360 nistri
559 2293 761 2362 contrarium
792 2284 951 2388 [eriptam
982 2285 1237 2379 opposuerunt,
1261 2315 1352 2365 rores
1368 2286 1547 2389 'srtcccfflue
1578 2290 1711 2376 ducere,
1741 2314 1817 2363 cant
1851 2290 1889 2361 in
1925 2285 2066 2386 divnsts

243 2431 251 2440 ι
307 2395 310 2400 ’
377 2377 402 2488 ’ἢ
435 2388 469 2458 in
488 2390 811 2477 quodomnium,
837 2388 961 2458 nemini
983 2390 1118 2464 omnino
1135 2385 1237 2466 licere
1257 2388 1409 2488 personis
1428 2413 1495 2461 nan
1513 2387 1918 2485 confundantursemr'na.
1959 2382 2063 2473 Resp.

434 2483 599 2557 defuncte
627 2488 735 2557 uxoris
763 2482 828 2555 suae
862 2480 1008 2557 sororem
1034 2489 1068 2556 in
1098 2508 1235 2556 uxorem
1260 2488 1444 2580 probibitio
1464 2493 1631 2580 graduum
1659 2515 1727 2560 non
1752 2491 1877 2576 pendet
1901 2513 1920 2558 a
1945 2479 2063 2556 coufe-

435 2578 655 2677 perfecunda
677 2606 753 2654 vota
774 2586 906 2657 ducere.
957 2588 1108 2656 Tandem
1132 2586 1236 2674 igitur
1261 2587 1349 2660 lione
1369 2583 1550 2669 seminum,
1578 2588 1677 2681 (alias
1698 2585 1803 2678 pollet
1826 2587 1899 2673 quis
1920 2601 2059 2655 matrem

435 2684 596 2771 judicium
613 2684 654 2753 ad
675 2678 890 2753 antecessores
911 2685 1037 2754 nostros
1058 2686 1090 2752 in
1108 2673 1236 2753 theolb·
1261 2696 1296 2760 dc
1317 2683 1418 2757 filiam
1439 2683 1615 2760 succeslire
1638 2690 1783 2765 ducere,
1806 2687 1895 2773 quod
1911 2672 2058 2771 exprella

436 2782 511 2872 pica
529 2776 684 2854 facultate
702 2776 833 2873 Jeuenl'r
849 2778 1016 2870 delatum,
1034 2782 1091 2866 qui
1107 2784 1161 2850 die
1176 2781 1234 2854 26.
1261 2784 1477 2876 prohibetur)
1504 2782 1558 2857 sed
1594 2812 1614 2857 a
1649 2777 1900 2874 propinquitate
1932 2778 2056 2858 carah.

330 2909 335 2920 ·
436 2879 532 2952 Febr.
565 2903 652 2951 anuo
686 2903 790 2971 ¹597·
819 2879 1013 2967 improbata·
1039 2875 1237 2962 Hoffmanni
1262 2884 1383 2972 qtraein
1403 2907 1504 2954 uxore
1521 2881 1683 2956 fratris&
1703 2886 1737 2959 in
1760 2883 1869 2953 uxoris
1891 2874 2057 2950 sororeell

438 2974 572 3051 censura
598 2987 633 3051 &
658 2974 842 3066 adprobato
869 2974 1135 3050 Hildefianorum
1157 2970 1236 3046 scri·
1263 2984 1398 3052 omniuo
1424 2983 1551 3052 eadem.
1620 2981 1728 3075 Quod
1751 2981 1774 3052 a
1804 3003 1890 3070 ergo
1918 2973 2054 3058 firmina

438 3098 510 3172 pto,
526 3081 617 3148 reite
633 3076 835 3163 judicarunt,
863 3077 1024 3162 ejusmodi
1044 3077 1173 3163 nuptias
1185 3080 1238 3160 jn·
1264 3105 1333 3149 non
1356 3078 1435 3151 licet
1453 3078 1582 3150 nubere
1603 3076 1755 3150 defunui
1769 3080 1879 3150 mariti
1902 3073 1999 3146 fratri
2017 3065 2053 3140 ab

437 3200 474 3248 re
497 3176 638 3254 diuina,
661 3172 777 3253 ciuili,
800 3174 958 3246 canonico
981 3169 1023 3245 δ’
1038 3172 1239 3266 municipali
1263 3180 1450 3267 proximam
1465 3176 1691 3258 adfinitatem,
1713 3181 1825 3264 utique
1845 3199 1908 3248 nec
1924 3165 2053 3243 marill-

436 3270 500 3346 else
519 3272 716 3361 prohibitas.
768 3275 821 3342 De
839 3280 913 3360 jure
932 3274 1091 3343 canonica
1108 3271 1238 3342 dubita.
1262 3277 1364 3345 citum
1397 3277 1461 3345 erit
1489 3280 1610 3347 ducere
1636 3273 1801 3347 defuuttae
1829 3271 1944 3346 uxoris
1974 3265 2050 3338 sora·
2099 3283 2101 3330 l

438 3373 484 3443 tio
499 3369 562 3444 elle
576 3373 708 3459 nequit,
731 3371 856 3460 quippe
870 3373 959 3456 qnod
977 3370 1237 3459 prohibitionem
1261 3397 1333 3443 rem
1351 3370 1395 3442 ob
1412 3377 1563 3444 eamdem
1574 3372 1750 3445 adfinitatis
1765 3371 2048 3462 propinquitatem.
2097 3369 2101 3455 l

310 3483 318 3494 “
437 3496 540 3560 usque
555 3474 595 3542 acl
612 3491 767 3558 quartum
788 3472 930 3559 gundum
952 3470 984 3537 in
1006 3464 1236 3558 consanguiui-
1268 3466 1339 3565 Qui
1361 3471 1454 3542 aucit
1477 3496 1615 3543 uxorem
1637 3470 1770 3563 fratris
1785 3469 1846 3565 sni
1856 3527 1866 3555 ,
1892 3492 1962 3541 rem
1985 3462 2049 3558 sae·
2096 3476 2100 3517 ¹

439 3592 506 3642 tate
527 3581 560 3644 δε
581 3567 747 3639 adfinitate
768 3568 942 3649 extendit,
962 3567 1030 3655 jam
1052 3592 1132 3638 vero
1157 3588 1235 3634 cau·
1261 3572 1340 3640 riam
1361 3566 1401 3641 Εἴ
1414 3569 1583 3662 ursariam
1601 3581 1758 3664 operatur
1766 3597 1778 3647 ‚·
1794 3572 1901 3641 Lavit.
1913 3563 1988 3635 XX.
2004 3578 2046 3631 rr.
2095 3645 2100 3660 .

436 3672 567 3759 jugium
583 3691 659 3736 cum
675 3662 838 3734 defuntiae
856 3668 964 3738 uxoris
988 3661 1098 3737 sorore
1118 3664 1150 3733 in
1166 3668 1235 3749 pri·
1260 3672 1350 3759 Ergo
1366 3667 1422 3756 qui
1438 3668 1533 3739 nubit
1552 3665 1671 3740 sororis
1688 3671 1831 3748 marito,
1856 3671 1972 3738 itidem
1984 3680 2047 3730 ‘retu
2094 3671 2100 3715 ἐ

437 3763 683 3837 moadfinitatia
704 3764 811 3852 gradu
836 3760 1053 3834 contrahitur.
1079 3785 1082 3790 ‘
1104 3769 1142 3830 ln
1161 3768 1235 3845 jure
1260 3765 1383 3835 foedam
1408 3777 1441 3838 &
1464 3764 1625 3837 nefariam
1646 3790 1815 3857 operatur.
1865 3769 1919 3852 2.)
1938 3753 2047 3834 Prolt'·
2093 3771 2100 3815 l

437 3862 536 3935 ciuili
551 3857 696 3949 expressa
713 3860 813 3929 exstat
829 3860 1021 3949 prohibitio.
1041 3859 1066 3933 1.
1086 3855 1234 3931 Fratris.
1260 3862 1383 3936 ditioni
1396 3864 1436 3934 de
1451 3887 1516 3934 nan
1532 3864 1685 3936 ducenda
1697 3863 1835 3957 statua
1849 3863 1992 3936 additur
2003 3871 2056 3927 ra·
2092 3875 2100 3915 ε

442 3987 472 4055 5.
499 3955 540 4030 C.
566 3958 605 4029 alc
632 3959 737 4049 incest.
771 3953 812 4028 δ’
842 3959 926 4030 inat.
957 3970 1049 4053 nupt.
1100 3964 1235 4042 lnjure
1260 3964 1352 4033 tiaa
1386 3965 1499 4034 curuis
1524 3966 1801 4060 propinquitate,
1835 3965 1917 4059 quia
1933 3962 2047 4130 ‘plat‘
2092 3971 2100 4021 t

432 4056 645 4157 prouinciali
675 4054 849 4129 Saronico
877 4061 1064 4126 extenditur
1085 4053 1236 4142 prohibi⁴
1259 4062 1351 4133 ditas
1365 4061 1497 4151 fratris
1514 4064 1591 4141 rui,·
1610 4062 1673 4157 sed
1688 4061 1917 4157 prohibitioni
1957 4070 2049 4130 ctat
2098 4146 2100 4149 ι

437 4161 484 4229 tio
510 4184 613 4246 usqne
637 4160 677 4227 ad
707 4155 842 4226 tertiana
866 4153 1011 4249 graciam
1034 4153 1130 4226 linere
1156 4155 1235 4225 inae-
1259 4158 1406 4231 ducenda
1417 4160 1535 4255 surore
1551 4165 1670 4234 uxoris
1690 4161 2049 4234 additurratiaacar·
2095 4165 2100 4206 ¹

436 4258 548 4356 qualis
567 4281 632 4327 non
652 4259 685 4324 in
699 4248 979 4341 consanguinitate
1003 4272 1150 4330 tautum,
1179 4247 1234 4321 sed
1252 4257 1404 4355 seqrrrutc
1425 4259 1634 4332 incommoda
1657 4260 1703 4331 ad
1723 4262 2049 4354 castigationem.

436 4360 536 4429 etiam
551 4360 583 4425 in
600 4351 777 4426 adfinitate.
805 4357 895 4442 Ergo
913 4350 1018 4421 multo
1038 4353 1142 4439 magis
1156 4375 1236 4440 pro·
1259 4353 1360 4445 Resp,
1387 4361 1481 4445 prior
1510 4362 1594 4429 ratio
1626 4359 1737 4430 locum
1777 4361 1878 4431 habet
1906 4361 2006 4433 etiam
2024 4354 2054 4423 iu

436 4454 571 4526 hibetur
588 4455 715 4543 primus
735 4450 828 4521 liueae
846 4450 977 4536 aqualis
993 4454 1124 4540 gradus.
1175 4454 1236 4538 Ju·
1259 4453 1333 4525 casu
1357 4458 1566 4542 posteriore,
1594 4461 1669 4528 ideo
1700 4464 1734 4528 in
1765 4457 1993 4547 prohibitione
2017 4454 2054 4522 ‹le

436 4581 473 4626 re
496 4554 609 4624 diviua
629 4553 758 4636 nuptias
779 4573 855 4619 cum
878 4545 1041 4625 defirmat-a
1057 4548 1165 4617 uxoris
1187 4542 1234 4615 so-
1259 4577 1327 4623 non
1350 4556 1499 4623 ducenda
1521 4561 1633 4627 uxoris
1657 4552 1771 4629 sorore
1791 4561 1907 4628 eadem
1926 4577 1994 4627 non
2009 4571 2054 4621 re·
2095 4585 2100 4670 3

435 4678 513 4724 rore
533 4646 717 4738 prohibitus
737 4644 799 4717 elle
819 4648 1079 4716 demonstramus
1098 4641 1234 4732 sequen·
1259 4653 1411 4738 petitur,
1435 4648 1487 4721 sed
1512 4652 1574 4724 alia
1596 4658 1747 4741 quadam
1769 4658 1903 4726 additur
1925 4658 1961 4726 in
1983 4672 2056 4722 con·
2094 4669 2100 4742 'r

435 4750 522 4821 tibus
544 4746 775 4818 fundamentis.
828 4751 875 4832 l.)
903 4748 949 4816 Er
977 4742 1103 4838 diserta
1116 4740 1235 4839 pratri·
1258 4752 1353 4839 jugia
1370 4775 1446 4820 cura
1468 4754 1577 4823 uxoris
1596 4753 1704 4823 adhuc
1722 4756 1864 4825 viventis
1886 4750 1998 4826 sorore
2012 4743 2062 4819 lo·'
2098 4747 2100 4758 ’

435 4848 560 4944 bitirpu
580 4852 659 4916 Lea.
679 4841 814 4914 XVlll.
835 4852 887 4922 ¹8·
941 4836 1098 4915 Sororem
1114 4842 1235 4914 axoris
1260 4872 1336 4916 cunr
1350 4847 1522 4929 obtinens,
1546 4877 1618 4937 qnae
1639 4854 1788 4939 priorem
1806 4877 1880 4937 ,nou
1896 4846 2057 4927 excludit,

435 4960 500 5021 tra
514 4951 579 5016 riou
595 4942 747 5036 accipies.
797 4942 891 5040 Quid
906 4943 946 5012 de
963 4945 1094 5040 adjetip
1110 4935 1236 5011 clausu-
1259 4969 1320 5016 nec
1337 4945 1457 5017 abolet.
1510 4949 1589 5045 111.)
1609 4957 1654 5021 Ex
1678 4950 1797 5043 regala
1810 4949 1973 5047 superius
1990 4956 2058 5019 tra·

434 5046 558 5140 inipso
578 5044 708 5116 uiuente
725 5040 929 5111 statuendum
949 5038 1007 5125 stt,
1032 5044 1142 5128 postea
1160 5063 1234 5109 mo·
1258 5043 1332 5115 dita
1349 5056 1383 5117 dr
1400 5049 1634 5133 comprobata,
1664 5056 1752 5136 quod
1770 5072 1806 5120 ut
1829 5043 2060 5143 consanguini·
2076 5093 2089 5124 ,ι

431 5141 577 5220 uehitur.
628 5137 732 5216 Nulla
751 5140 787 5209 in
816 5156 887 5211 toto
911 5136 973 5211 illo
996 5142 1104 5232 capite
1130 5135 1234 5213 habe·
1258 5163 1333 5224 tas,
1371 5140 1414 5215 fic
1448 5148 1549 5218 etiam
1577 5145 1727 5221 adfinitas
1761 5144 1862 5225 semel
1893 5146 2060 5227 coum&
2093 5157 2101 5208 t

1844 5361 1854 5381 .
1988 5215 2100 5349 ’Μ
