4884 5984
898 463 995 540 ⁵oa
1044 463 1451 552 stauratium·
1935 433 2004 564 in

348 655 418 734 'aial
432 656 548 735 locum
568 684 637 733 non
656 659 795 736 obtinet.
845 664 944 760 Uror
964 665 1011 736 ell
1034 663 1071 744 in
1096 665 1157 736 do·
1178 663 1250 742 nit,
1274 665 1364 750 quod
1386 683 1522 750 uxorem
1538 661 1637 740 ducat
1658 657 1842 748 libertam
1865 681 2003 752 proctc⁴
2135 705 2137 710 ·

348 759 463 845 aium,
491 761 653 850 potestate
673 764 803 842 morit-i,
827 757 941 850 sponsa
957 787 1038 835 vero
1058 763 1156 852 mini·⁵
1177 766 1342 844 aridorum
1357 755 1481 848 causa.¹
1513 767 1554 838 lta
1568 756 1771 851 sponsalibus
1790 757 1875 834 nihil
1899 765 2003 835 inter.

348 881 398 930 ne.
448 855 742 949 Utorposlidetur
758 887 777 932 a
793 866 932 941 marito,
957 856 1072 950 sponsa
1087 884 1155 954 pon
1177 862 1251 941 eil,
1283 882 1395 932 utrum
1418 862 1546 934 tellatio
1574 859 1837 952 interponatur,
1869 886 1912 932 an
1941 859 2001 932 ali-

348 951 529 1030 offidemr.
579 960 688 1030 Uxori
719 953 885 1031 incumbit
909 962 957 1033 rei
985 956 1155 1042 familiaris
1177 960 1250 1046 quis
1267 954 1334 1046 stne
1347 953 1508 1048 scriptura
1529 953 1746 1048 spondeant.
1765 954 1999 1054 inspmtsosib.

349 1057 594 1138 aministratio,
623 1051 745 1145 sponsa
762 1083 842 1129 vero
857 1062 1004 1130 minime.
1056 1062 1154 1130 Uxor
1177 1055 1217 1128 tic
1230 1054 1420 1153 sponsalib.
1442 1053 1447 1064 ’
1472 1063 1525 1130 De
1540 1055 1591 1136 his
1611 1054 1821 1130 &similibus
1839 1054 2000 1131 differen-

348 1174 440 1224 nutat
460 1153 690 1244 domicilium,
714 1152 826 1242 sponsa
843 1183 913 1230 non
935 1179 1051 1229 mutat.
1101 1159 1153 1242 U·
1177 1157 1231 1226 tiae
1253 1158 1341 1228 inter
1363 1150 1577 1244 sponsalitiae
1599 1158 1730 1244 rutptias
1752 1153 1914 1244 capitibus
1932 1155 2000 1248 late

348 1275 395 1324 :or
410 1273 543 1323 tenetur
561 1252 677 1344 lugere
696 1252 890 1327 defanata
913 1258 1092 1338 maritum,
1118 1262 1154 1327 δι
1179 1265 1214 1330 &
1232 1257 1363 1329 erudite
1376 1249 1501 1328 dusera
1513 1255 1672 1344 Cppraeus
1687 1256 1729 1326 de
1745 1247 1853 1343 spons.
1868 1279 1940 1345 cap.
1955 1260 1999 1329 V.

348 1349 540 1452 imaritum
568 1377 635 1422 non
669 1351 805 1436 eluxit,
844 1351 980 1427 iufamia
1009 1377 1152 1427 notatur.
1177 1378 1240 1443 per
1257 1376 1377 1428 totum.
1427 1351 1501 1428 Ubi
1526 1353 1627 1426 etiam
1655 1359 1683 1445 ς
1715 1374 1773 1447 34,
1801 1355 2001 1426 convenien-

348 1445 458 1536 :ponsa
471 1475 539 1524 non
556 1449 650 1539 luget
667 1446 831 1540 sponsum.
895 1459 992 1527 Uxor
1020 1455 1155 1546 cogitur
1176 1455 1257 1524 tiam
1274 1446 1511 1541 sponsaliorum
1538 1459 1574 1526 oc
1603 1451 1795 1541 nuptiarum
1826 1449 1999 1542 explicet,

348 1541 426 1635 'equi
441 1551 714 1642 peregrinantem
731 1553 916 1631 maritum,
949 1546 1062 1641 sponsa
1086 1575 1154 1622 noo
1180 1551 1405 1640 utpotequod
1422 1570 1493 1620 tum
1512 1543 1683 1646 sponsalia,
1693 1569 1765 1619 tum
1782 1551 1906 1638 nuptie
1919 1561 2001 1623 can·

348 1666 478 1718 enetm.
527 1643 735 1738 sponsalibus
747 1648 882 1735 publiea
901 1649 1071 1738 honestes,
1093 1671 1166 1722 nu·.
1178 1644 1270 1722 sensu
1293 1645 1552 1727 contrahantur,
1577 1651 1665 1734 quod
1697 1649 1784 1718 inter
1816 1642 2000 1737 personat,

348 1745 412 1814 ttiir
427 1742 575 1816 adfinitas
592 1747 814 1834 contrahitur,
825 1749 891 1820 &a
944 1751 996 1842 8.)
1016 1744 1155 1844 Adjuva-
1178 1751 1266 1819 inter
1283 1772 1363 1836 quar
1379 1749 1503 1838 nuptia:
1523 1745 1768 1836 prohibt-tur,
1788 1748 1887 1819 etiam
1903 1742 2003 1838 spon·

348 1840 405 1916 lis.
457 1837 586 1934 Sponsa
604 1842 718 1916 habitu
736 1856 770 1921 δι
796 1852 914 1919 vestitu
933 1874 952 1921 a
973 1852 1085 1937 nuptis
1105 1848 1156 1918 di.
1179 1845 1255 1918 salia
1277 1847 1400 1936 nuptiis
1419 1846 1546 1916 aditum
1572 1840 1804 1933 patefacientia
1835 1842 1909 1932 snt¹
1923 1870 2002 1935 pro·

348 1942 557 2034 lingtruutur.
606 1941 772 2031 Sponsalia
791 1939 851 2018 sub
866 1947 1055 2022 conditione
1075 1937 1155 2019 con-
1179 1943 1305 2029 hibita,
1328 1946 1418 2034 quod
1439 1936 1554 2034 sponsa
1583 1939 1682 2034 poffit
1705 1948 1820 2015 dotem
1849 1967 1916 2015 ooo
1938 1945 2004 2046 ιιιίτ

348 2039 424 2114 ralu
450 2037 611 2130 possunt,
646 2046 770 2132 nuptie
794 2070 877 2116 vero
897 2047 1045 2133 minime.
1116 2050 1156 2116 ln
1180 2059 1657 2134 nus,quamuaorrepeuere;
1683 2033 1912 2130 qoodsponsa,
1927 2066 2002 2131 quae

348 2139 461 2228 ruptiis
474 2162 565 2211 certa
579 2163 655 2212 aetas
671 2140 806 2214 definita
819 2144 865 2213 cst
881 2151 956 2231 jure
975 2142 1156 2222 civili,an·
1180 2144 1293 2215 dotem
1320 2142 1438 2230 dedit,
1465 2138 1535 2217 eliis
1557 2136 1755 2230 preferatur
1777 2139 2006 2240 creditoribuo

348 2261 468 2326 equam
489 2242 738 2310 matrimonium
761 2263 829 2312 non
847 2244 895 2312 esl
917 2244 1038 2331 justum
1061 2251 1094 2314 ὅ(
1109 2240 1156 2312 le·
1180 2243 1280 2314 instat
1305 2243 1438 2320 moris,
1464 2241 1554 2328 quod
1575 2230 1709 2327 sponsus
1728 2237 1892 2311 ratonem
1911 2238 2002 2327 inju-

348 2337 516 2429 titimum,
535 2340 570 2407 in
587 2332 788 2426 sponsalibus
802 2362 878 2410 atat
889 2340 1155 2412 contrahentium
1180 2343 1304 2412 marum
1325 2335 1462 2423 habeat,
1498 2330 1667 2428 sisponsae
1695 2333 1895 2409 contumelia
1915 2333 2002 2408 inse-

348 2457 402 2506 tou
422 2435 471 2508 eu
491 2431 652 2516 definita,
680 2439 822 2525 ideoque
840 2463 857 2507 a
876 2440 1060 2526 primordio
1081 2458 1157 2510 atta·
1179 2459 1289 2524 aatur‚
1311 2460 1377 2510 non
1391 2429 1479 2508 secus
1494 2459 1531 2506 ae
1546 2431 1569 2505 st
1586 2434 1679 2506 uxori
1693 2431 1783 2504 illata
1798 2430 1894 2517 essctl
1911 2437 2001 2522 q⁰⁰d

348 2531 376 2604 ia
396 2525 558 2624 sponsalia
581 2531 668 2622 effici
687 2531 836 2623 possunt,
869 2533 1011 2608 simodo
1028 2537 1063 2607 itl
1085 2532 1157 2608 fieri
1179 2535 1333 2608 adulterii
1354 2529 1454 2624 poffit
1466 2527 1621 2608 adtusarc
1634 2555 1730 2613 eum,
1747 2533 1805 2618 qui
1818 2526 1939 2623 sponsa
1953 2533 2005 2604 vi-

348 2627 536 2723 lauttaque
559 2627 697 2722 persona
719 2633 950 2725 intelligatur,
984 2637 1019 2706 id
1035 2636 1107 2720 esi,
1133 2633 1156 2706 fi
1178 2638 1264 2708 tium
1283 2630 1452 2716 intulerit,
1477 2642 1542 2710 otc.
1593 2630 1815 2706 summatim:
1849 2633 1938 2719 quod
1962 2629 2001 2724 in

348 2751 402 2802 too
423 2728 666 2824 luminaret,
695 2758 794 2821 quam
819 2729 944 2821 septem
965 2735 1069 2807 anuis.
1118 2739 1157 2805 lo
1219 2728 1480 2831 favorabilibus
1494 2723 1608 2819 sponsa
1624 2728 1752 2806 uxoris,
1769 2736 1805 2800 ὁ(
1819 2723 1954 2822 sponsus

348 2828 459 2920 ruptiis
486 2831 540 2905 vir
565 2828 744 2910 necessario
775 2834 983 2908 testationem
1007 2834 1158 2924 interpo.
1355 2921 1358 2926 ³
1401 2829 1514 2906 mariti
1533 2826 1607 2902 loco
1628 2824 1799 2903 habeatur.

1003 3027 1085 3102 CA
1111 3025 1252 3101 PVT
1298 3031 1341 3100 V.

669 3178 739 3248 DE
788 3174 965 3288 closA
1015 3173 1330 3248 MATERIALI
1378 3171 1660 3246 CONIVGll.

348 3475 560 3545 Maniam
588 3463 784 3602 Postquam
807 3465 849 3534 de
879 3460 980 3556 causta
1007 3461 1162 3558 efficiente
1185 3472 1292 3537 xvll.
1310 3471 1366 3534 26.
1384 3460 1482 3546 dicit,
1503 3460 1595 3548 quod
1613 3455 1707 3532 Dm
1725 3481 1770 3533 ex
1782 3481 1847 3533 uno
1858 3429 2003 3556 Jirtigui·

388 3560 489 3644 juga.
643 3564 789 3650 conjugii
801 3584 874 3631 tum
885 3562 1080 3655 principali,
1089 3584 1160 3635 turn
1173 3585 1225 3633 ne
1253 3584 1348 3632 omne
1365 3583 1468 3662 genas
1487 3556 1658 3631 lronrittam
1680 3555 1783 3654 super
1813 3556 2003 3655 uniuersam

583 3658 828 3758 inslrttmentasi
849 3667 974 3733 dissum
999 3660 1082 3741 suit,
1107 3687 1159 3733 re·
1183 3671 1282 3735 tenae
1294 3659 1427 3754 sociem
1448 3654 1748 3752 habitareseceria
1800 3664 1891 3730 Inter
1903 3681 2030 3748 ange.¹
2094 3705 2102 3716 .-

348 3753 414 3842 lu,
428 3773 470 3826 ut
492 3756 544 3830 ru
558 3756 686 3830 caulam
709 3762 857 3843 ejusdem
875 3757 1083 3831 materialem
1102 3762 1159 3832 de·
1185 3755 1234 3830 los
1270 3756 1396 3830 nullam
1430 3750 1521 3828 sexus
1536 3754 1784 3830 ¹dil'cretiouem
1813 3757 2004 3842 constituit,

348 3835 542 3928 laedamus.
592 3858 735 3929 Materia
751 3861 899 3948 conjugii
921 3853 996 3930 suot
1011 3855 1158 3955 persone
1176 3879 1261 3930 eum
1278 3854 1340 3929 sint
1361 3851 1724 3944 spirituaiuoorporei,
1749 3878 1813 3928 nec
1833 3857 2041 3948 indigeant¹
2138 3929 2140 3934 ,
2207 3853 2210 3860 ’

348 3949 592 4038 maleam,
619 3957 707 4026 inter
724 3979 805 4042 quas
821 3960 916 4028 arua
940 3955 997 4029 illa
1019 3968 1053 4031 δι
1075 3958 1160 4028 indi·
1181 3951 1304 4046 speciei
1328 3953 1601 4046 propagatione,
1638 3951 1798 4041 siquidem
1832 3935 2005 4026 individua

348 4054 438 4139 titlm
454 4052 531 4122 vita
548 4048 681 4126 societas
698 4052 804 4124 libero
820 4048 976 4126 consensu
992 4056 1159 4125 constitui·
1182 4050 1252 4143 ipsa
1269 4075 1337 4124 non
1358 4047 1434 4123 sunt
1457 4052 1609 4122 inuetitui
1627 4049 1791 4140 obnoxia,
1818 4046 1886 4124 sell·
1897 4051 2004 4126 homi·

348 4169 402 4226 tur.
457 4144 606 4242 Persona
621 4154 816 4242 conjugium
837 4152 1067 4225 contrahentes
1087 4150 1160 4224 sunt
1183 4153 1234 4222 nis
1248 4153 1373 4223 aratio
1393 4142 1485 4221 sexus
1500 4144 1734 4223 &smetiooem
1742 4151 1904 4224 eontinet.
1918 4158 2003 4224 Gen.

348 4245 514 4327 laminam
545 4269 613 4321 non
639 4254 730 4319 enirn
762 4276 825 4336 pro
850 4255 998 4341 angelis,
1023 4246 1077 4322 sed
1097 4271 1161 4339 pro
1185 4259 1211 4321 1.
1231 4273 1286 4341 up.
1342 4243 1598 4322 Erravit-licat
1618 4246 1783 4322 hominem
1804 4246 1852 4319 ad
1877 4248 2006 4346 imagi·

348 4345 530 4428 luminibus
552 4349 747 4440 conjugium
778 4351 935 4418 div'inltus
965 4351 1159 4424 institutum.
1184 4372 1258 4420 nem
1272 4344 1394 4443 saum,
1421 4343 1603 4437 masmlum
1623 4342 1860 4439 &foeminam
1877 4348 2006 4421 creavi

348 4443 624 4544 lng‘elofomner
658 4445 808 4518 simulac
834 4441 1163 4537 lemelomnipotens
1186 4445 1273 4519 illos.
1295 4461 1403 4532 mag.
1464 4441 1652 4527 Benedixis
1674 4444 1742 4520 illis
1762 4442 1896 4521 dicens:
1927 4441 2008 4521 Cre·
2138 4495 2148 4504 -

348 4569 454 4620 terum
477 4545 630 4616 omnium
647 4565 778 4615 creator
797 4547 963 4627 condidit,
991 4541 1164 4630 sedunum
1179 4543 1291 4643 saiso,¹
1316 4540 1358 4617 ss
1373 4541 1721 4641 multiplicamini&
1735 4544 1856 4642 replete
1868 4555 2005 4622 sarram

348 4647 506 4744 lutuaaat'
535 4643 745 4716 individuum
777 4641 972 4738 humanum,
993 4644 1101 4734 prima
1128 4655 1163 4719 δι
1186 4639 1308 4719 erasas
1327 4641 1425 4731 hujus
1448 4641 1729 4731 diuitu‘eonfilii,
1757 4670 1867 4732 quare·
1884 4642 2008 4722 scilicet

348 4733 532 4828 ltimediata
555 4743 720 4814 creatione
744 4744 920 4828 produxit,
952 4767 991 4813 er
1013 4739 1100 4814 illius
1118 4741 1164 4813 la·
1189 4749 1283 4815 Deris
1302 4766 1378 4813 notr-
1390 4741 1641 4813 llatim'omnes·
1654 4743 1805 4815 homines
1820 4749 2008 4831 creaverit,

348 4838 606 4918 memolieretn
628 4843 739 4928 postea
761 4838 941 4923 l‘nrntatiit,
965 4867 1004 4911 ex
1018 4866 1162 4929 quorum
1186 4841 1268 4913 sicut
1281 4865 1395 4912 omnes
1415 4837 1549 4932 angelos
1560 4839 1661 4911 limul·
1678 4867 1717 4913 ac
1732 4837 1832 4916 semel
1845 4847 2006 4934 condidit,
2090 4908 2092 4912 .

348 4937 511 5032 conjugali
528 4963 615 5010 netu
636 4940 768 5028 generis
793 4939 928 5008 humani
951 4944 1162 5030 propagatio·
1188 4965 1254 5009 non
1272 4939 1431 5009 debemur
1450 4963 1576 5011 nemete
1599 4941 1822 5031 intelligere,
1847 4940 1905 5014 oisr
1921 4945 2009 5025 -veli-
2082 5017 2084 5021 ,

348 5065 418 5114 nem
447 5036 521 5108 fieri
543 5036 672 5113 voluit,
706 5060 742 5107 ut
761 5063 798 5108 ex
824 5034 967 5107 llololca
991 5041 1165 5110 creationis
1189 5061 1406 5112 matertere.
1456 5036 1592 5108 'Placuit
1618 5034 1880 5127 sapientissimo,
1915 5040 2009 5115 boni·
2117 5054 2123 5069 '

348 5134 565 5226 lescriptione
584 5139 736 5219 noallac,
774 5136 864 5212 uada
886 5133 1059 5227 aposlolus.
1085 5143 1163 5213 Asi.
1177 5130 1343 5230 griffina
1364 5143 1404 5211 δι
1429 5131 1660 5225 potentiano
1678 5140 1845 5221 menori,
1877 5139 2009 5215 divitiae

395 5231 492 5312 Tam.
525 5231 618 5312 XV.
1237 5240 1269 5310 Χ
1885 5231 2013 5334 sapien-
