4884 5984
509 427 571 577 ot
619 471 847 545 ennomus
897 473 1158 547 ruomutrts
1208 469 1260 543 ur
1310 421 1423 563 Jutt
1462 469 1759 546 umrettutt.
1894 470 1965 561 ιι,

348 643 527 753 &prioris
553 666 701 759 coniugii
726 689 878 756 tempore
910 664 996 740 frua
1020 667 1144 739 nullom
1220 659 1547 759 t'ccctxxxvt.
1572 663 1629 740 ¹De
1643 663 1713 738 aliie
1759 657 1972 753 Deulliscri·

348 762 497 849 rociperc
510 757 724 851 firmitatem3
738 769 871 837 interim
883 787 993 838 tamen
1009 792 1074 837 non
1088 770 1144 839 de·
1169 762 1558 855 proterriornicotionem
1576 776 1609 838 er
1621 765 1713 835 odul·
1784 739 1926 804 minetur.

348 863 524 948 monstror,
555 860 704 946 abolitis,
728 888 800 951 oure
820 863 1079 950 precesserunt,
1109 891 1145 937 o·
1171 868 1294 935 terium
1321 863 1518 933 criminibus
1541 864 1712 934 cononillae

348 957 623 1054 muibuenovurn
643 964 844 1033 matrimonii
867 969 1075 1038 eontrarium
1097 966 1147 1033 in·
1171 960 1388 1045 ficllotuunt,
1412 957 1585 1033 homicidii
1605 963 1731 1031 crimen
1754 954 1821 1029 fine
1840 948 1969 1023 adulte·
2046 955 2052 966 '
2155 939 2158 948 ’

348 1054 497 1129 oertalet
513 1053 669 1147 personas
689 1062 811 1130 institui
835 1059 934 1147 polle.
986 1064 1146 1136 Contenti
1170 1063 1222 1131 rio
1245 1062 1279 1130 in
1301 1065 1369 1130 urio
1392 1062 1548 1132 duntaxat
1575 1054 1648 1129 casu
1675 1060 1832 1130 dirimere
1855 1047 1970 1120 matri·
2107 1093 2120 1108 ·

348 1153 453 1246 igitur
478 1155 588 1227 sumus
609 1154 776 1244 prioribus
802 1159 1007 1241 rationibus,
1028 1159 1149 1245 quibus
1172 1160 1339 1241 monium,
1366 1162 1498 1243 quando
1524 1155 1679 1229 uidelicet
1705 1155 1740 1227 ia
1762 1158 1866 1223 morte
1886 1144 1970 1217 alte·

348 1253 478 1325 accedit
508 1255 721 1352 vetustiorum
755 1280 916 1329 canonum
940 1256 1148 1347 probibitio,
1172 1257 1243 1330 rius
1259 1257 1437 1350 conjugum
1449 1256 1660 1352 procuranda
1677 1251 1972 1329 cannamomum

348 1351 389 1426 de
408 1375 475 1440 qua
491 1350 592 1441 paulo
609 1349 766 1439 superius.
1174 1356 1338 1450 uirquam
1353 1352 1528 1446 foemina,
1550 1355 1607 1448 qui
1623 1355 1710 1426 inter
1722 1353 1761 1448 je
1780 1344 1973 1442 conjugium

421 1459 458 1540 ὃ.
487 1454 750 1524 ccctxxxv.
787 1459 906 1542 Neque
930 1457 977 1527 ell
1004 1456 1094 1543 quod
1118 1456 1152 1525 in
1176 1454 1262 1532 inire
1278 1451 1424 1549 cupiunt.
1447 1455 1489 1526 C.
1502 1452 1725 1524 laudabilem.
1740 1471 1821 1522 extr.
1839 1450 1881 1517 de
1896 1466 1976 1513 con·

350 1543 508 1623 Doridis
525 1545 566 1622 {5
582 1546 777 1645 Bethsabeae
790 1556 946 1642 conjugio
962 1552 1081 1624 talibus
1091 1577 1152 1622 nu·
1178 1548 1261 1624 veri.
1283 1547 1406 1622 infidel.
1436 1552 1548 1650 quodst
1573 1550 1660 1624 alter
1678 1560 1809 1621 tantam
1836 1538 1976 1615 tonici·-

350 1648 428 1734 ptiis
444 1644 634 1735 praefidium
651 1647 782 1738 uliquod
798 1674 974 1739 queratur.
990 1655 1079 1723 Nam
1107 1652 1155 1740 t.)
1177 1651 1272 1723 dium
1290 1660 1492 1744 procuraret
1513 1647 1620 1723 altero
1639 1645 1761 1744 inscio,
1792 1640 1833 1718 i!
1848 1638 1978 1713 adulte·

351 1740 552 1818 conseientia
567 1770 636 1817 non
646 1744 824 1835 adquiescit
842 1752 876 1820 in
901 1748 1078 1838 exemplis,
1100 1744 1154 1819 sed
1178 1750 1266 1825 rium
1282 1771 1347 1819 non
1363 1746 1539 1847 praerefflt‚
1565 1745 1816 1820 matrimonium
1837 1763 1901 1812 non
1923 1734 1977 1809 di-

353 1846 496 1931 requirit
515 1867 644 1916 certum
663 1850 727 1916 Dei
743 1847 882 1918 verbum
889 1899 902 1931 ,
922 1852 975 1919 cui
991 1846 1081 1920 velut
1096 1845 1155 1917 ba·
1178 1850 1325 1923 rinritur.
1354 1845 1568 1919 bellotminue
1583 1853 1625 1921 de
1640 1841 1977 1932 marrimanxxtt.

352 1937 571 2042 fiinuitatur.
622 1947 673 2032 2.)
699 1951 737 2015 ln
758 1946 1055 2019 matrimonialibus
1076 1943 1155 2017 cast·
1182 1952 1214 2045 ς.
1236 1943 1371 2020 Crimen
1391 1942 1458 2020 &a
1480 1945 1591 2020 Glolia
1606 1950 1640 2018 in
1662 1929 1690 2019 ἒ.
1713 1945 1783 2038 Qui
1808 1936 1979 2030 presbyt&

353 2039 416 2112 bos
439 2065 483 2114 ex
508 2041 605 2113 nudis
627 2062 732 2128 veter,
760 2048 885 2116 tellum.
908 2044 1067 2135 exemplis
1088 2066 1156 2115 non
1179 2073 1256 2122 rum
1273 2069 1356 2119 extr.
1377 2051 1420 2120 de
1438 2049 1613 2136 poenitent.
1636 2056 1670 2121 dt
1689 2035 1807 2115 remiis.
1826 2051 1980 2134 numerat

352 2141 465 2240 potest
488 2142 569 2211 duci
591 2136 724 2212 firmum
742 2143 875 2231 aliquod
895 2165 1157 2237 argumentum,
1173 2145 1240 2243 serr
1254 2145 1415 2229 crimina,
1441 2168 1514 2232 que
1533 2148 1719 2237 impediunt
1732 2136 1995 2214 mercimonium„

353 2257 393 2309 ot
422 2236 546 2327 probat
573 2238 784 2330 polygamia,
810 2240 942 2312 libellus
963 2243 1095 2331 repudii
1123 2248 1157 2313 de
1182 2243 1447 2317 contrahendum
1469 2248 1510 2314 de
1529 2246 1642 2337 rigore
1657 2244 1758 2331 juris,
1784 2237 1983 2311 sedcontra·

355 2331 419 2408 alia
440 2334 629 2423 complura.
684 2348 730 2423 ς.)
754 2344 870 2411 rssrm.
888 2338 947 2411 Xl.
967 2365 1024 2434 ²7·
1041 2339 1159 2411 recita·
1184 2347 1275 2415 trum
1293 2365 1361 2412 non
1381 2340 1552 2415 dirimunt.
1602 2345 1749 2413 Primum
1764 2339 1810 2409 est
1825 2329 1984 2432 incestat,
2040 2365 2046 2382 ·

357 2435 551 2505 toDavidie
568 2430 655 2506 fatto
673 2429 844 2526 subjungit
858 2441 997 2526 Spiritus
1015 2435 1160 2530 santius:
1186 2437 1364 2512 secundum
1403 2438 1659 2527 uxoricidium,
1698 2439 1835 2510 tertium
1866 2439 1991 2526 captur

360 2525 501 2623 Etstrit
516 2529 650 2608 uerbum
665 2533 748 2614 ior,
772 2534 838 2608 itte
860 2539 1052 2628 negotium,
1075 2530 1162 2632 qaod
1177 2533 1311 2635 sponsae
1332 2534 1490 2616 alterius,
1519 2560 1674 2626 quartum
1702 2534 1828 2610 levatio
1851 2523 1986 2628 proprii

354 2627 445 2725 ficit
465 2625 605 2715 Dauid,
632 2631 756 2705 malurn
787 2636 823 2705 ia
847 2637 959 2707 uculir
989 2631 1160 2715 Domini,
1178 2637 1254 2736 filii
1268 2632 1436 2729 malitiose
1448 2634 1547 2728 salia
1572 2635 1725 2731 defuero
1742 2633 1862 2729 sante,
1887 2629 1987 2713 quin.

360 2752 435 2818 oue
452 2728 554 2801 rerba
567 2752 634 2800 non
650 2726 757 2802 solum
772 2737 812 2804 ad
825 2731 1041 2805 homicidium
1057 2731 1162 2812 &ad-
1186 2760 1258 2807 tum
1274 2731 1592 2828 prerlrytericidium
1606 2732 1733 2807 sertum
1754 2730 1900 2826 acceptio
1916 2746 1986 2797 mo·

362 2827 698 2910 auctionatum,
718 2855 836 2903 rerum
859 2836 963 2904 etiam
986 2835 1027 2903 od
1055 2829 1507 2916 illud,‘niatistn‚uxorem.
1547 2838 1599 2903 De
1616 2831 1735 2919 quibus
1750 2833 1828 2918 quid
1844 2830 1987 2897 llatuen·
2126 2821 2130 2830 '

362 2929 454 3012 quod
475 2927 627 3014 proxime
642 2927 822 3017 precellit,
849 2933 891 3002 de
912 2932 1069 3022 conjugio
1087 2936 1163 3000 eu'm
1187 2935 1267 3004 dum
1285 2927 1339 3014 stt,
1363 2951 1478 3018 patere
1499 2932 1606 3013 poten
1622 2953 1661 3000 er
1679 2923 1909 3018 superioribus.
1921 2929 1988 2994 Va·
2009 3018 2012 3024 ¹

365 3019 548 3098 nerhtmea
567 3032 603 3098 dt
622 3030 829 3101 noeumane
844 3029 878 3100 in
895 3032 1031 3100 domum
1045 3023 1166 3100 referri
1188 3032 1252 3101 rios
1272 3027 1482 3099 limitationes
1502 3025 1598 3114 hujus
1621 3025 1852 3114 impedimenti
1872 3045 1989 3096 recen-

365 3123 533 3196 ridentur.
597 3126 654 3213 ⁴·)
668 3123 885 3197 Bellorminus
904 3129 1004 3208 etiam
1027 3124 1092 3197 hoe
1108 3128 1165 3197 ad·
1189 3126 1237 3201 set
1253 3120 1378 3198 summa
1398 3123 1557 3215 Angelico
1575 3127 1609 3196 in
1631 3148 1714 3198 uoce
1736 3119 1989 3197 matrimonium

369 3220 432 3308 dit,
463 3225 683 3310 ..nequidem
699 3219 877 3296 seeundum
891 3224 1001 3315 legem
1016 3221 1165 3296 eeclesia·
1189 3226 1430 3313 impedimento
1447 3220 1505 3295 lX.
1526 3227 1632 3315 Leges
1652 3220 1764 3296 civiles
1779 3223 1897 3293 itidem
1911 3241 1991 3309 pro-

369 3321 512 3400 usticam
532 3341 708 3420 peccatum,
730 3320 815 3394 illud
830 3326 967 3395 Doridis
984 3331 1019 3396 ot
1036 3317 1167 3395 Bethsa·
1191 3320 1307 3394 bibent
1319 3322 1570 3393 matrimonium
1586 3324 1676 3392 ¹inter
1694 3341 1864 3410 raptorem
1886 3329 1994 3393 &re-

371 3416 468 3504 „bez
484 3413 578 3507 fuilie
592 3420 871 3508 impedimentum
893 3423 1063 3494 dirimens.
1089 3426 1168 3492 Νοιι
1191 3442 1294 3511 ptam.
1311 3418 1334 3490 l.
1359 3420 1449 3490 unic.
1470 3420 1511 3491 C.
1541 3421 1582 3490 de
1610 3439 1709 3508 raptu
1743 3419 1865 3511 virgin.
1893 3426 1923 3502 ς.
1961 3435 1991 3484 ι.

371 3518 490 3600 „enim
516 3514 717 3599 adulterium
755 3515 859 3591 solum
884 3543 990 3606 oeque
1017 3519 1169 3610 conjugis
1193 3515 1276 3590 Non
1290 3518 1341 3613 fit·
1353 3514 1509 3610 facultas
1528 3524 1636 3613 rupta
1658 3516 1788 3611 uirgini
1811 3514 1865 3587 uel
1883 3510 1999 3585 uidua.
2063 3569 2066 3576 .

348 3611 617 3699 ·,‚lramieidium
643 3628 842 3707 quocunque
868 3620 979 3688 onimo
1001 3638 1169 3706 patratum
1193 3615 1248 3690 uel
1276 3611 1412 3688 cuilibet
1433 3612 1568 3686 mulieri
1600 3623 1767 3710 raptorem
1786 3609 1894 3709 «suum
1931 3605 1994 3704 fibi

374 3708 681 3801 „impediremum
705 3709 871 3792 ‘dirimens
895 3717 1035 3802 judicari
1064 3712 1170 3800 solet,
1195 3714 1355 3788 maritum
1373 3709 1571 3809 exposcere,
1589 3709 1651 3807 seri
1678 3713 1732 3786 cui
1760 3722 1913 3809 parentes
1937 3729 1996 3782 uo·

375 3805 551 3894 „setium
568 3809 675 3884 solum
685 3810 903 3896 immieidium
911 3813 1073 3905 conjugis,
1081 3803 1171 3900 duod
1196 3813 1346 3891 luerint,
1371 3821 1508 3906 excepto
1529 3818 1664 3908 raptore
1678 3833 1750 3884 eam
1770 3811 1923 3906 legitimo
1942 3830 1997 3878 co·
2030 3883 2032 3887 .

372 3931 440 4008 „ea
458 3911 645 3984 intentione
663 3915 903 3996 committitur,
926 3921 1051 3999 atejus
1070 3933 1172 3981 urore
1197 3910 1311 4009 pultat
1336 3909 1575 3990 matrimonio,
1600 3912 1757 4004 quoniam
1786 3910 1876 3983 nullo
1900 3906 1997 3980 modo

373 4008 474 4096 „onia
495 4009 606 4098 postea
630 4011 787 4098 potiatur.
838 4018 913 4102 Jam
938 4034 1019 4081 vero
1043 4003 1174 4081 Bethio·
1196 4009 1347 4104 nulloque
1367 4019 1510 4103 tempore
1529 4007 1676 4082 datura
1706 4010 1817 4107 nostra
1833 4006 2020 4104 sumita-¹

377 4103 465 4189 „bea
481 4105 517 4176 i‘n
537 4106 737 4179 adulterium
761 4113 894 4197 quidem
912 4104 1098 4191 consenfitt
1119 4103 1173 4176 sed
1198 4120 1230 4181 te
1247 4101 1383 4180 licentia
1398 4107 1466 4179 illis
1481 4104 1683 4201 consentires
1710 4107 1768 4202 qui
1791 4105 1905 4205 hostili
1926 4125 1997 4175 mo·
2129 4129 2133 4144 ·

375 4203 609 4310 'trinntortom
622 4206 793 4314 uiripullo
815 4211 915 4278 modo
933 4209 1112 4299 quidquam
1128 4203 1175 4274 le-
1198 4231 1233 4280 re
1253 4206 1290 4278 in
1307 4208 1422 4303 nostra
1433 4201 1604 4301 republica
1621 4206 1839 4278 matrimonio
1854 4203 1922 4302 fibi
1932 4205 2000 4300 stu·

375 4304 498 4396 „gitur
516 4299 727 4384 machinata,
751 4309 893 4394 proinde
919 4333 961 4380 ex
986 4325 1080 4394 porte
1106 4310 1176 4388 ejus
1200 4304 1278 4377 dent
1295 4305 1503 4397 conjungere.
1553 4305 1615 4374 Sed
1628 4300 1803 4392 pontifices
1819 4302 1999 4374 uoluerunt
2115 4297 2120 4308 '

377 4397 555 4486 „nonfuit
571 4402 867 4491 impedimentum,
894 4428 960 4492 quo
977 4405 1177 4472 minurcon·
1200 4402 1290 4474 hunc
1319 4404 1469 4493 rigorem
1497 4401 1678 4492 mitigare,
1711 4403 1788 4474 inde
1817 4403 2001 4472 statuerunt
2064 4458 2066 4462 .
2193 4403 2197 4412 ’

377 4497 553 4596 ,,·]ιι3ἱιιιιι··
573 4523 663 4570 cum
700 4505 849 4575 Doride·
870 4499 1067 4573 contrahere
1104 4493 1178 4586 pos·
1201 4500 1452 4572 matrimonium
1476 4498 1563 4571 inter
1589 4509 1757 4594 raptorem
1785 4495 2003 4596 &raptem

376 4595 466 4686 „set
517 4599 627 4668 David
642 4567 761 4670 stem
781 4601 943 4671 adulterio
962 4598 1177 4669 homicidium
1194 4601 1238 4701 sa
1253 4599 1457 4699 postmodum
1477 4583 1676 4692 causemini,
1706 4593 1865 4674 'contrahi
1893 4597 2003 4697 posse,

375 4701 505 4798 „Urit
523 4699 695 4784 adjunxit,
716 4693 856 4770 sednon
883 4702 929 4770 etl
955 4717 1111 4776 certum,
1136 4719 1179 4766 an
1203 4698 1282 4773 licet
1294 4709 1445 4794 parentes
1453 4703 1678 4770 reclamarunt
1693 4723 1722 4770 c.
1733 4704 1823 4773 Cunt
1835 4699 2003 4776 causabor.

376 4801 451 4886 „eo
466 4797 599 4894 auimo,
624 4816 661 4867 ut
676 4803 747 4884 ejus
768 4821 870 4867 uxore
890 4799 1076 4884 potiretur,
1103 4811 1179 4866 na'm
1205 4800 1375 4873 Accedent
1390 4818 1474 4871 extr.
1486 4799 1528 4869 de
1543 4795 2017 4884 raptoribus&incendiuriir,.

375 4917 506 4984 „ontea
523 4893 607 4983 saepe
626 4917 763 4965 conotus
782 4920 852 4966 erat
878 4896 1034 4964 inducere
1047 4896 1178 4972 Urium,
1203 4919 1303 4984 quom
1320 4889 1518 4966 saumonem
1534 4919 1606 4966 curn
1621 4895 1720 4968 uerbo
1735 4893 1824 4984 Dei,
1847 4899 2019 4993 equitate·

375 5016 453 5088 „ut
471 4995 514 5064 ad
534 5013 670 5063 uxorem
692 4997 841 5077 rediret,
868 5015 904 5064 at
930 5017 971 5065 eu
998 4995 1100 5065 modo
1126 4995 1181 5063 od·
1204 4991 1359 5067 naturali
1377 4990 1750 5092 &publicanorum
1768 5019 2022 5086 pugnarenout

359 5094 571 5192 .,‚-plt'erium
591 5109 805 5182 tegeretur„
974 5119 978 5126 ·
1176 5094 1373 5166 immerito
1391 5096 1464 5187 quir
1478 5093 1610 5174 dixerit.
1659 5097 1772 5178 Unde.
1789 5093 1822 5169 b.
1840 5094 2024 5171 bathum·-
2063 5160 2065 5164 .

432 5189 526 5272 Tan
552 5185 644 5267 XV.
813 5249 816 5254 -
1251 5196 1336 5287 dtu
1431 5310 1437 5328 ι
1949 5198 2013 5276 uo
2154 5311 2157 5318 Ι
