4884 5984
905 522 967 594 DE
1018 520 1289 598 contium.
1669 564 1673 571 ·
1836 547 1877 608 tr
1885 549 1905 625 5

273 709 367 803 epil.
382 711 479 788 XIX.
495 712 535 786 ad
553 712 694 786 Hieron.
720 715 755 786 in
780 738 925 804 procem.
940 712 999 789 lib.
1017 720 1075 787 lli.
1101 725 1136 790 δι
1159 740 1336 810 parentum
1359 720 1585 807 voluntatem,
1617 723 1911 815 perpetuarum:

274 814 317 882 de
329 810 422 881 Trin.
441 822 507 884 &a
521 821 556 885 de
576 810 718 885 aliorum
735 814 833 885 dinis
852 808 910 884 suo
930 811 1004 885 loco
1018 818 1076 886 de·
1100 818 1274 908 giuitatem
1291 816 1453 908 professa,
1476 823 1578 897 Paulo
1592 819 1779 912 adhaeserit,
1800 846 1819 894 a
1838 846 1907 912 quo

277 908 491 982 monstratur.
556 911 615 993 2.)
636 917 683 983 Er
707 910 857 1000 patribus
880 935 947 981 non
970 915 1076 1000 potesl
1102 924 1235 989 tandem
1250 919 1357 993 velata
1375 917 1498 1002 fuerit,
1523 926 1766 1011 &potestatem
1784 925 1907 995 docen-

274 1002 392 1092 sliquis
406 1004 483 1078 fidei
496 1006 673 1088 articulus,
691 1033 754 1080 aee
766 1001 956 1105 δὶάταγμι
969 1014 1075 1096 quod·
1100 1015 1155 1095 di,
1180 1015 1372 1105 baptizandi
1395 1029 1431 1093 δι
1449 1021 1594 1112 virgines
1614 1024 1649 1093 iu
1672 1020 1798 1093 sacrum
1816 1021 1908 1093 ordi·

275 1105 353 1175 dam
370 1102 546 1193 generale,
563 1101 621 1179 sub
639 1107 829 1179 conditione
846 1129 973 1178 aterne
985 1111 1078 1180 dsm-
1104 1138 1180 1184 nem
1195 1114 1370 1206 adlegandi
1384 1122 1564 1210 acceperit)
1588 1118 1813 1192 Tertullianus
1827 1116 1905 1195 libr.

244 1216 250 1223 '
277 1202 420 1272 untionis
441 1203 561 1274 intuta
582 1203 716 1277 ecclelia
739 1200 1001 1290 observandum,
1022 1209 1078 1276 de-
1103 1214 1144 1282 de
1163 1214 1255 1302 bapt.
1274 1237 1347 1302 cap.
1367 1213 1495 1289 XVIl.'
1515 1220 1737 1303 Hieronymus
1754 1222 1788 1288 in
1809 1214 1905 1290 catal.

277 1299 382 1380 mer,
424 1297 483 1370 nifi
508 1298 681 1389 perspicua
702 1310 738 1375 dt
767 1305 904 1375 immuta
933 1304 1003 1374 eius
1031 1305 1080 1374 rei
1103 1306 1220 1382 illullr.
1246 1313 1409 1391 mlum,
1437 1322 1471 1386 dt
1493 1313 1637 1387 Gelasrus
1661 1313 1811 1404 pontifex
1833 1322 1907 1390 Ro·

279 1393 495 1470 fundamenta
507 1423 547 1470 ex
561 1395 729 1488 scripturis
741 1398 971 1490 proferantur.
988 1405 1079 1474 ldem
1104 1432 1268 1483 manusc.
1291 1413 1407 1481 Sandla
1426 1413 1498 1483 dist.
1527 1436 1579 1499 15·
1602 1434 1638 1483 ut
1660 1412 1906 1502 apocrypham.

278 1517 390 1586 ergo,
420 1500 510 1584 quod
545 1496 735 1570 Athanasius
756 1501 790 1569 in
818 1499 895 1573 libr.
921 1504 964 1568 de
996 1494 1079 1571 sent.
1106 1515 1140 1578 dc
1157 1505 1198 1577 ab
1212 1506 1353 1579 dssatieo
1367 1514 1508 1594 quodam
1523 1509 1717 1597 presbytero
1734 1510 1912 1585 consistens

280 1588 419 1679 Dionys.
447 1597 577 1667 Arianis
599 1598 639 1669 ad
664 1597 866 1684 antiquitatis
892 1592 1082 1668 consensum
1107 1607 1280 1683 reiieiunt,
1306 1629 1406 1693 quam
1426 1602 1581 1678 fabellam
1604 1605 1667 1680 else
1689 1604 1801 1681 salsam
1816 1619 1853 1685 dt
1870 1604 1909 1681 fi·

280 1692 541 1781 provocantibus
573 1689 754 1784 opposuit,
809 1691 987 1785 pontificiis
1024 1720 1083 1765 nos
1108 1706 1194 1774 &arn
1207 1701 1320 1793 colligi
1334 1707 1431 1773 etiam
1447 1707 1552 1791 potell
1563 1698 1604 1777 err¹
1614 1701 1752 1779 Eusebio
1764 1706 1908 1782 libnlil.

280 1787 518 1863 obtendimus:
559 1790 735 1876 Wdeutes,
762 1794 912 1888 (inqtrit)
933 1787 972 1887 se
994 1790 1084 1865 nillil
1109 1799 1220 1872 hillor.
1239 1798 1353 1872 eccles.
1371 1825 1444 1887 cap.
1460 1799 1553 1874 XlX.
1580 1802 1776 1892 Nicephoro
1791 1804 1850 1878 lib.
1862 1808 1907 1879 ll.

279 1883 371 1985 pitffl
388 1888 620 1986 exscriptum
640 1886 784 1986 prosata
810 1891 966 1987 opinione
986 1890 1085 1965 laube-
1109 1897 1183 1970 hist.
1210 1921 1282 1985 cap.
1304 1902 1458 1970 lelll.
1483 1894 1537 1970 sed
1565 1900 1758 1973 Ambrosus
1782 1913 1816 1979 de
1838 1908 1910 1975 Au<
2034 1988 2037 1993 ¹

282 2009 338 2072 re,
362 1988 410 2061 ad
429 1999 545 2086 pultes
554 1987 594 2086 se
614 1999 826 2076 conuersum,
844 1990 933 2089 ficut
951 1990 1084 2087 predo·
1107 1998 1256 2086 goslinus
1278 2020 1351 2064 eam
1375 1998 1462 2067 inter
1482 1995 1608 2084 reliqua
1626 2021 1823 2088 argumenta
1842 2023 1910 2089 pto

282 2108 360 2170 stes,
405 2109 478 2160 cum
505 2087 545 2161 de
562 2088 687 2188 studiis
708 2086 785 2181 suis
806 2086 893 2160 mole
920 2090 1083 2167 audiunt,
1109 2093 1302 2164 stabiliendo
1318 2093 1492 2164 coelibatus
1508 2119 1588 2165 voto
1608 2094 1797 2183 proferunt.
1848 2104 1911 2169 lla·

274 2182 417 2285 fingunt
434 2184 495 2279 fibi
510 2186 622 2284 socios
638 2187 762 2283 probos
779 2183 820 2259 ss
836 2187 1016 2287 modeslos,
1044 2183 1085 2259 s!
1111 2191 1214 2277 iilius,
1249 2187 1521 2282 chrysostomus,
1544 2197 1814 2279 Hieronymus&
1828 2197 1913 2265 ilm-

276 2284 367 2382 ficot
396 2280 504 2360 Iudaet'
523 2283 698 2381 scripturo
724 2285 867 2359 conos&⁸
888 2288 932 2357 orl
956 2296 1084 2381 psaltem
1110 2288 1235 2361 brosms
1255 2312 1375 2386 urgent
1395 2312 1665 2378 argumentuma
1686 2287 1846 2379 spirituali
1862 2284 1911 2365 st.

284 2376 467 2456 Abrohom
494 2384 706 2479 confugiunt.
761 2394 805 2467 r.)
826 2389 872 2455 Er
895 2383 988 2459 nullo
1014 2388 1087 2471 pio·
1111 2412 1173 2457 era
1189 2389 1327 2477 virginis
1344 2410 1420 2457 cum
1437 2386 1570 2458 Cirrisio
1586 2383 1833 2476 desponsatione
1850 2392 1913 2462 du·

250 2510 253 2515 ·
283 2505 362 2553 rum
391 2505 542 2556 veterum
567 2480 688 2571 scripto
717 2482 872 2589 <populum
897 2484 953 2552 ista
978 2476 1088 2558 n'aa‘o·
1111 2487 1226 2563 oona,
1255 2508 1395 2570 eamque
1423 2482 1606 2556 adulteram
1632 2483 1706 2556 fieri
1734 2507 1914 2576 metuunt,

283 2593 417 2673 ματα,
450 2606 521 2668 qoae
542 2579 641 2652 hodie
665 2582 825 2668 pontihcii
852 2602 1088 2671 propugnant,
1112 2581 1134 2653 si
1154 2579 1251 2653 alteri
1277 2582 1437 2669 vito‘per
1461 2583 1711 2655 matrimonium
1736 2585 1915 2674 iungatur,

285 2676 436 2769 proferri
460 2701 519 2749 out
539 2680 755 2774 demonstrati
779 2698 961 2764 poterunt,
1000 2681 1088 2766 quod
1112 2678 1165 2750 sed
1198 2680 1398 2768 Augustinus
1426 2676 1510 2749 illud
1540 2677 1647 2768 ipsum
1678 2704 1915 2770 argumentum
1971 2684 1974 2689 ’

285 2779 423 2866 gravius
441 2799 614 2864 peceatum
637 2774 697 2854 stt,
719 2776 792 2863 post
810 2798 925 2846 votum
944 2775 1089 2855 nubere,
1114 2780 1242 2848 erudite
1257 2776 1425 2849 convellit.
1477 2782 1723 2867 Argumentum
1740 2802 1779 2848 er
1800 2781 1938 2855 tTim.·

288 2898 390 2961 quam
415 2872 592 2952 foraticuri,
620 2879 775 2960 quodque
796 2873 945 2961 praellet,
972 2896 1009 2943 ut
1031 2898 1090 2945 vo·
1115 2882 1156 2947 V.
1173 2898 1227 2949 ιι.
1249 2875 1414 2945 desiduis
1435 2876 1679 2944 damnationem
1700 2873 1915 2964 habentibus,

274 2966 391 3043 'tarius
413 2976 584 3044 continere
606 2998 671 3043 non
693 2969 803 3065 valens
822 2985 949 3044 centum
969 2970 1092 3043 lubeat
1115 2975 1203 3058 quod
1226 2975 1369 3058 primam
1395 2970 1495 3042 fidem
1519 2969 1673 3044 facientes
1701 2974 1829 3045 irritam
1852 2999 1917 3047 nu·

245 3116 247 3121 .
284 3068 508 3156 concubinus,
545 3094 584 3143 ex
613 3070 730 3141 ordine
755 3091 865 3140 tannen
884 3080 918 3144 δι
945 3064 1092 3142 successs-
1115 3070 1195 3140 bere
1225 3069 1351 3152 velint,
1388 3070 1590 3158 Augustinus
1616 3073 1784 3158 precipue
1811 3071 1918 3144 incul-

286 3182 348 3254 v'e,
381 3192 480 3258 quam
501 3168 522 3239 st
540 3194 638 3240 unam
660 3166 843 3257 legitimam
866 3167 983 3239 lrabeat
1012 3193 1089 3238 uto·
1116 3187 1187 3247 eat,
1205 3163 1539 3251 sedClsrysoslomus,
1558 3167 1919 3242 AmbrofimacThea·

284 3290 372 3340 tem.
424 3265 479 3365 4.)
508 3275 544 3337 ln
566 3263 699 3337 ecclelia
720 3267 891 3352 primitiva
908 3264 1091 3355 apostolica:
1116 3265 1291 3354 phyladlos
1318 3264 1401 3336 illud
1424 3286 1603 3344 enervant,
1639 3267 1720 3334 dum
1741 3269 1783 3335 ad
1804 3269 1919 3338 viduas

288 3367 398 3439 vicina
425 3369 571 3438 nondum
603 3363 708 3432 usitati
740 3385 834 3434 erant
862 3363 970 3450 laquei
999 3385 1092 3434 voto·
1117 3365 1343 3451 virginitatem
1362 3358 1518 3452 professas
1535 3358 1684 3434 referunt
1696 3359 1797 3432 rerba
1808 3359 1918 3435 Pauli:

286 3484 390 3547 ram,
419 3460 471 3536 sed
493 3460 630 3549 simplex
656 3463 852 3550 uirginitatis
877 3457 1033 3547 professio
1055 3485 1093 3531 ac
1124 3458 1214 3536 Volo
1239 3461 1385 3533 iuniores
1406 3456 1534 3531 nubere.
1610 3463 1656 3530 Ex
1687 3481 1765 3531 voto
1801 3459 1919 3531 Maria

289 3550 367 3634 Dea
392 3559 478 3633 stila
504 3556 704 3630 consecratio
733 3560 767 3629 in
792 3555 938 3648 personis
969 3561 1094 3630 idoneis
1117 3558 1307 3649 complures
1332 3581 1566 3649 argumentum
1591 3578 1726 3645 petunt,
1759 3552 1813 3629 sed
1835 3555 1921 3631 illud

285 3660 543 3748 acceptabatur,
570 3685 588 3728 a
611 3681 673 3744 qua
696 3659 797 3727 reita
818 3654 1092 3749 exigentedisce·
1116 3660 1234 3728 nititur
1256 3660 1432 3728 autoritate
1458 3650 1605 3742 pseudo·
1620 3655 1784 3747 evangeiii
1804 3649 1921 3729 secun.

286 3761 369 3829 dere
385 3760 552 3848 integrum
574 3777 661 3838 erat,
684 3776 719 3825 ut
734 3779 773 3826 ex
795 3758 933 3836 lullino,
956 3753 1092 3826 Tertul·
1116 3762 1195 3827 dum
1224 3755 1397 3838 iacobum,
1432 3756 1520 3840 quod
1542 3781 1560 3824 a
1583 3752 1714 3827 Gelasio
1734 3758 1767 3825 d.
1789 3753 1811 3828 l.
1831 3756 1919 3825 inter
2064 3814 2070 3819 .

285 3854 398 3940 liano,
439 3859 608 3942 Cypriano
628 3864 693 3925 &a
727 3856 872 3933 constat.
914 3856 948 3922 in
973 3855 1093 3940 quibus
1116 3851 1307 3943 apocrypha
1323 3855 1495 3924 reieslum.
1546 3853 1703 3938 Cumque
1719 3850 1839 3941 reliqui
1852 3847 1923 3923 seo·

290 3951 422 4025 nullum
441 3950 581 4024 solennis
598 3950 733 4021 alicuius
748 3952 820 4022 voti
840 3953 1014 4041 vestigium
1037 3973 1091 4019 oe·
1117 3953 1254 4022 tentiam
1279 3947 1367 4020 suain
1383 3973 1426 4022 ex
1446 3948 1614 4037 seripturis
1635 3947 1778 4037 probare
1799 3971 1923 4021 coneo·

288 4054 415 4135 currit,
437 4049 610 4141 progressu
626 4050 786 4133 temporis
805 4043 940 4126 sensam,
965 4072 1002 4117 ac
1021 4047 1094 4116 sub·
1118 4071 1191 4130 tur3
1218 4047 1422 4136 Epiphanius
1448 4052 1488 4118 ad
1516 4058 1529 4118 i
1549 4048 1732 4119 aditionem
1761 4046 1923 4133 recurrit,

288 4151 369 4220 iude
391 4151 516 4220 maiora
535 4143 665 4218 acctlllt
691 4142 844 4218 severitas
862 4172 900 4217 ac
919 4142 1092 4234 asperitas,
1119 4150 1205 4234 quod
1222 4143 1359 4235 aposloli
1375 4072 1563 4227 (latueris,
1586 4168 1759 4234 peccatum
1777 4136 1925 4243 elseposg'

291 4271 367 4335 quae
391 4250 425 4317 in
446 4244 614 4334 pontificia
640 4244 773 4315 ecclesa
802 4251 934 4317 tandem
964 4247 1095 4332 penitus
1119 4251 1286 4315 decretum
1302 4244 1528 4333 virginitatem
1547 4249 1588 4315 ad
1607 4248 1739 4332 nuptias
1759 4245 1924 4319 conveni.

290 4347 328 4417 io
354 4347 559 4429 tyrannidem
581 4346 679 4419 abiit,
714 4345 757 4412 ita
779 4366 815 4413 ut
831 4365 964 4431 peecata
980 4365 1094 4412 contra
1121 4348 1183 4415 Sed
1204 4339 1290 4412 liber
1312 4338 1368 4413 ille
1385 4344 1653 4411 constitutionum
1670 4342 1927 4431 apostolicarum

254 4474 258 4481 ·
289 4463 443 4515 naturam
464 4446 497 4512 in
519 4443 649 4512 rotariis
666 4445 775 4525 potius
802 4440 926 4512 fuerint
946 4437 1095 4511 dilllmu·
1120 4441 1328 4513 aClemeute
1347 4443 1452 4510 editus
1467 4443 1501 4509 in
1517 4439 1659 4510 concilio
1671 4439 1834 4512 Trollano
1854 4465 1926 4513 can.

290 4540 379 4621 lata,
400 4565 498 4628 qoam
513 4538 597 4629 legis
613 4537 709 4607 lartius
721 4543 828 4625 gratia
846 4537 931 4610 satia
942 4583 954 4617 2
971 4560 1007 4607 ut
1019 4533 1097 4609 Cas·
1124 4546 1165 4609 ll.
1188 4534 1250 4607 suit
1268 4532 1481 4622 reprobatus,
1512 4562 1549 4608 ac
1571 4534 1788 4609 Bellarminus
1806 4535 1927 4628 ipsein

290 4633 411 4710 sander
431 4639 576 4709 testatur.
627 4647 673 4727 ς.)
701 4640 943 4721 Fundamenta,
979 4634 1099 4720 quibus
1123 4635 1198 4706 libr.
1229 4635 1271 4704 de
1298 4630 1409 4722 script.
1438 4631 1551 4706 eccles.
1579 4659 1652 4722 cap.
1675 4642 1762 4707 ΗΧ.
1785 4632 1930 4715 latetur.

289 4758 427 4827 patrum
448 4730 608 4807 sententia
633 4732 767 4811 nititur,
803 4733 932 4823 ipsimet
956 4735 1098 4804 invicem
1124 4732 1368 4834 constitutiones
1394 4729 1474 4807 ilias
1502 4730 1704 4831 apostolicos
1734 4734 1770 4804 in
1798 4731 1932 4806 ecclesa

289 4832 466 4907 subruonn
531 4835 713 4926 Historiam
741 4835 783 4903 de
813 4834 1004 4922 virginitate
1035 4834 1101 4903 Te·
1132 4829 1264 4905 Latino
1286 4828 1409 4903 nullum
1431 4829 1507 4923 sere
1534 4855 1651 4904 nomen
1680 4829 1825 4914 iubere,
1857 4852 1934 4927 coris

291 4932 354 5005 cle
375 4930 512 5022 virginis
531 4926 732 5013 laonienfis,
758 4935 853 5018 (quse
872 4932 1009 5002 Tamiro
1034 4933 1102 5000 cui·
1128 4930 1172 5004 ub
1198 4929 1364 5002 haerelic'is
1383 4932 1453 5028 fine
1481 4930 1684 5027 depruuutae.
1747 4934 1823 5003 Nec
1842 4924 1934 5004 diffi-

290 5034 373 5105 dam
393 5027 584 5117 desponsata
609 5027 729 5113 fuerit,
754 5024 807 5099 sed
826 5029 962 5100 Paulum
983 5033 1103 5101 decoe·
1130 5027 1259 5111 ntulaut
1282 5034 1531 5116 Hieronymus,
1563 5028 1786 5111 Ambrofius,
1822 5036 1937 5121 dugu⁴

296 5130 406 5203 libato
429 5129 685 5203 concionantem
709 5130 844 5201 audiens
864 5147 979 5200 contra
1000 5121 1105 5216 sponsr
1132 5131 1257 5205 illuns,
1293 5125 1424 5199 Basilius
1446 5137 1511 5201 dec.
1537 5123 1601 5199 suis
1626 5128 1775 5217 primum
1804 5119 1940 5216 temps·

1177 5228 1204 5295 Ρ
1232 5249 1255 5301 2
1824 5225 1942 5315 ribus,
1975 5246 1978 5251 ·
