4884 5984
560 466 624 538 ur:
675 458 904 538 unanimo
951 450 1214 534 annutante
1261 438 1315 531 ui
1363 457 1476 547 Jvrtr
1525 395 1813 556 nviarcnut
1926 397 1994 551 {aa

360 660 540 741 referenda
557 656 613 730 sat:
646 659 686 753 r)
712 654 753 729 A
770 653 925 730 mandati
943 653 1057 727 divini
1074 651 1163 747 defe-
1189 650 1310 727 subditi
1329 677 1494 726 memores
1514 657 1672 745 precepti
1692 653 1861 744 apostolici
1882 659 2005 731 Rom..

363 762 428 839 θα.
479 765 599 848 Neque
616 760 706 828 enim
722 760 809 827 inter
826 757 1059 843 prohibitionis
1073 753 1165 842 leges
1188 758 1281 823 Xlll.
1311 778 1339 826 ι.
1364 752 1509 826 debitam
1531 756 1880 826 eidemnbedientiam
1900 771 1985 845 prae‘·
2072 787 2075 792 ·
2121 790 2123 794 ·

363 860 525 935 divinitus
557 853 785 945 promulgatas
818 852 885 924 ulla
912 852 948 923 fit
977 854 1163 939 adoptionis
1187 853 1271 944 liare
1290 870 1502 939 tenerentur,
1529 877 1597 939 quo
1615 856 1760 941 pertinet
1777 852 1858 926 illud
1879 860 1985 928 Hern-

364 958 513 1036 mentio,
538 955 629 1043 quod
646 950 716 1042 ipsa
736 976 869 1040 quoque
887 948 1163 1040 nuptiiaoliquod
1186 950 1306 1039 mingii
1331 952 1374 1020 de
1403 957 1538 1041 conjug.
1568 975 1646 1042 pag.
1684 975 1759 1037 1²4·
1826 950 1983 1049 Adoptio

364 1046 582 1145 ὅμπόῶσμω
608 1051 753 1138 objiciat.
816 1049 1035 1123 Conscientia
1060 1049 1163 1138 igitur
1188 1044 1337 1142 (iuquit)
1376 1058 1462 1119 uxta
1479 1048 1568 1143 leger
1587 1047 1746 1144 caesareas
1764 1050 1904 1147 impedit
1920 1076 1983 1126 nu-

364 1180 434 1228 non
454 1147 587 1241 poliunt
610 1174 672 1221 nec
692 1147 816 1222 debent
840 1148 1046 1240 cognationis
1067 1144 1163 1231 hujus
1181 1144 1291 1239 ptiar.
1340 1072 1434 1217 lisam
1448 1172 1507 1243 per
1523 1149 1734 1240 adoptionem
1748 1161 1923 1244 parentum
1944 1146 1986 1226 8

364 1254 611 1341 impedimento
625 1246 763 1319 turbari.
804 1252 854 1336 a.)
870 1243 1164 1339 llbexemplornm
1189 1240 1371 1322 liberorum
1393 1246 1466 1316 ioco
1490 1244 1685 1332 cortiano,
1719 1250 1777 1343 qai
1801 1250 1984 1347 adoptant,
2025 1243 2027 1248 ’

360 1349 584 1452 probatorum
599 1347 759 1420 carentia.
804 1344 963 1434 Exempla
979 1344 1165 1431 adoptionis
1192 1338 1462 1440 &adoptantun
1513 1342 1605 1415 Huic
1622 1348 1692 1441 legi
1709 1359 1838 1443 oportet
1854 1373 1908 1422 eor
1920 1372 1986 1447 pa·

365 1455 400 1524 in
421 1447 519 1522 sacris
536 1446 639 1518 literis
659 1448 813 1515 adnotata
831 1446 973 1527 exstant,
1000 1438 1056 1511 sed
1075 1445 1164 1528 quod
1188 1463 1278 1526 rere,
1301 1444 1359 1537 qni
1372 1441 1457 1539 fiant
1482 1444 1517 1516 in
1548 1442 1703 1517 Romano
1727 1448 1890 1542 imperio,
1920 1448 1986 1524 alii

365 1575 407 1624 ex
417 1548 484 1618 illis
498 1545 655 1636 cognatio
665 1547 815 1632 quedam
825 1544 957 1629 nuptias
969 1540 1165 1621 contrahen·
1191 1540 1254 1638 isla
1268 1539 1340 1636 iege
1355 1566 1420 1614 non
1434 1540 1641 1637 obligantur.
1687 1541 1988 1644 Nam'neqnefim·
2046 1599 2049 1604 -

366 1654 425 1721 dra
444 1645 637 1734 impediens·
649 1653 683 1716 &
701 1636 1077 1739 eontradraadilsolvens
1095 1643 1169 1707 orm
1190 1637 1383 1712 dementum
1402 1640 1502 1715 habet
1525 1642 1561 1715 in
1579 1647 1657 1739 jare
1675 1643 1792 1716 diuino
1812 1658 1872 1720 ant
1888 1661 1987 1722 natu·

366 1745 490 1828 luerit,
504 1737 662 1830 nuspiam
672 1740 827 1830 legimus.
864 1741 913 1825 3.)
927 1736 980 1808 ab
990 1736 1165 1831 analogia.
1191 1736 1283 1818 rati,
1300 1737 1584 1836 sedsoinmrnodo
1598 1734 1718 1814 lubitu
1732 1747 1774 1844 esl
1792 1748 1882 1817 ratio
1894 1747 1987 1845 poti.

366 1842 521 1919 Ctelellis
545 1845 642 1911 Pater
664 1862 726 1929 per·
745 1835 917 1910 Christum
943 1838 978 1905 in
1001 1833 1085 1907 filios
1108 1858 1167 1906 nor
1191 1837 1254 1910 tici
1268 1835 1348 1911 boni
1364 1862 1430 1913 non
1446 1843 1497 1913 ita
1514 1837 1862 1936 lntese'extendentis.
1914 1851 1987 1921 Ne-

365 1949 507 2032 adoptat
520 1937 597 2029 Joh.
614 1934 643 2009 l.
664 1961 716 2011 rr.
742 1938 833 2036 idem
849 1955 958 2032 tamen
973 1935 1062 2005 inter
1077 1933 1167 2003 hunc
1192 1955 1257 2023 que
1269 1958 1383 2010 tamen
1394 1944 1434 2011 ad
1448 1936 1690 2012 dissolutionem
1702 1944 1906 2016 matrimonii
1919 1953 1986 2034 jam

366 2040 487 2115 Filium
503 2030 597 2107 suum
612 2032 795 2105 naturalem
813 2040 848 2103 or
864 2055 924 2101 noa
938 2033 1114 2121 adoptivos
1128 2029 1167 2101 fi·
1190 2040 1352 2109 contracti
1369 2048 1404 2111 ἀ
1417 2034 1632 2109 consummati
1651 2040 1928 2128 impedimentum
1947 2043 1987 2115 il-
2116 2037 2133 2100 ’-

366 2141 432 2214 lior
464 2133 649 2226 spirituales
672 2134 805 2219 nuptias
838 2129 1002 2202 conciliat.
1040 2128 1163 2201 Matth.
1190 2129 1248 2203 lud
1267 2137 1531 2218 extendendum,
1553 2137 1630 2222 quia
1647 2136 1816 2210 vinculum
1834 2144 1986 2215 divinum

366 2243 479 2314 xxll.
498 2258 531 2306 2.
562 2234 672 2305 rear.
688 2237 746 2301 Xl.
762 2255 793 2300 2.
822 2232 1029 2316 Apooxlx.
1044 2252 1078 2324 7.
1099 2238 1164 2301 &o
1190 2255 1257 2301 non
1279 2230 1381 2306 debet
1403 2228 1488 2307 solvi
1510 2236 1684 2308 autoritate
1708 2245 1743 2310 &
1761 2236 1900 2314 arbitrio
1923 2240 1986 2315 hu.

367 2346 422 2429 4.)
449 2331 490 2408 A
508 2331 636 2406 diuinae
652 2326 894 2426 prohibitionis
912 2337 1046 2399 natura.
1097 2331 1166 2398 Lex
1190 2354 1299 2402 mana.
1955 2352 1959 2364 ·

351 2440 485 2525 ‚urina
495 2434 573 2504 inde
585 2454 686 2517 atque
700 2430 776 2498 ideo
790 2422 896 2497 solum
910 2428 997 2498 inter
1009 2421 1164 2514 quasdam
1259 2416 1579 2521 §.CCCLXXVIL'
1592 2434 1644 2505 Ad
1658 2431 1707 2507 le·
1909 2413 1913 2420 ⁸

368 2530 526 2629 personat
535 2528 783 2602 matrimonium
793 2524 944 2595 contrahi
954 2546 1065 2607 vetat,
1089 2526 1165 2611 quia
1190 2526 1301 2617 galem
1312 2526 1404 2602 illam
1416 2534 1649 2620 cognationem
1661 2557 1703 2610 ex
1761 2526 1987 2613 Cvgtvwsrt·

368 2637 416 2708 eli
449 2634 538 2702 inter
568 2652 622 2702 ets
656 2626 762 2698 carnis
796 2624 1047 2715 propinquitas,
1085 2626 1163 2693 Lev.
1190 2627 1370 2715 adoptione
1401 2650 1509 2700 ortam
1542 2630 1629 2701 haud
1654 2632 1706 2701 in.
1753 2612 1986 2705 ttestegatirto·
2105 2679 2110 2686 .

368 2736 494 2807 xvnt.
511 2736 544 2808 6.
571 2722 626 2799 sed
641 2750 703 2815 per
720 2724 935 2810 adoptionem
952 2748 1019 2794 nan
1037 2743 1169 2791 contra·
1189 2728 1368 2796 commode
1383 2725 1575 2799 referuntur
1585 2754 1707 2818 cogna-
1786 2699 1954 2814 mm

369 2830 464 2903 bitur
475 2828 583 2899 earnis
596 2824 837 2913 propinquitas.
888 2824 989 2892 Unde
1004 2818 1169 2891 Lutherus
1194 2842 1233 2892 te
1245 2820 1366 2909 species
1376 2822 1492 2915 legalis
1501 2828 1701 2915 propinqui-

369 2931 406 3002 in
414 2928 492 3000 libr.
502 2928 543 2996 de
553 2925 620 2994 vita
628 2920 798 3011 conjugali
810 2926 946 2992 tom.ll.
965 2923 1166 3010 Jen.Germ.
1193 2921 1268 2991 tatis
1286 2930 1360 3010 jure
1379 2923 1469 2993 civili
1488 2927 1737 2996 matrimonium
1754 2920 1992 3010 impedientia,¹

371 3024 432 3100 lol.
452 3046 539 3112 153.
559 3023 685 3111 judicat
704 3015 762 3116 effi
786 3021 955 3091 inventurn
976 3016 1167 3102 humanam,
1191 3040 1309 3107 utpote
1336 3026 1381 3108 1.)
1395 3044 1435 3092 ea
1449 3045 1520 3108 que
1533 3026 1579 3093 eli
1599 3026 1687 3095 inter
1705 3030 1845 3093 retorem
1868 3029 1903 3095 ot
1924 3043 1987 3115 pa-

372 3128 464 3217 quod
489 3143 631 3213 propter
650 3121 863 3208 adoptionem
888 3115 1031 3213 legalem
1054 3113 1169 3204 prohi·
1191 3114 1333 3213 pillum,
1357 3130 1540 3191 curatorem
1562 3131 1596 3194 da
1619 3120 1828 3221 constitutam
1843 3114 1911 3213 sub
1932 3142 1988 3190 cn·

372 3223 654 3309 beaturnuptiae,
674 3228 708 3291 ὅ(
722 3221 834 3304 addit3
859 3210 1010 3289 Haltees
1023 3213 1169 3288 obditis
1191 3216 1312 3289 rotela.
1364 3221 1607 3291 Cautumeninr
1620 3213 1989 3303 fuitsenatuseonsulto,

371 3324 519 3423 gelista,
557 3344 590 3390 er
615 3318 662 3417 ist·
685 3314 793 3387 weder
822 3315 898 3385 dein
923 3312 1057 3387 Mattrr
1085 3314 1167 3387 noch
1192 3338 1228 3387 ut
1242 3337 1332 3387 tutor
1350 3318 1403 3388 vel
1419 3341 1552 3388 curator
1566 3318 1727 3406 pupillam
1744 3318 1797 3389 vel
1812 3320 1987 3402 minorem,

370 3425 449 3498 dein
473 3415 656 3516 Schwrsler
670 3416 740 3508 jar
767 3411 879 3498 Gott,
914 3411 959 3485 da
981 3416 1026 3485 dn
1043 3412 1173 3507 frent·
1196 3422 1290 3501 eujus
1308 3438 1386 3486 eura
1407 3415 1459 3486 vel
1477 3416 1577 3487 tutela
1593 3418 1739 3507 geritur,
1761 3418 1846 3486 intra
1863 3405 1987 3487 annum

372 3523 429 3598 der
447 3516 538 3593 Brut
555 3515 627 3616 bist.
680 3519 729 3606 ς.)
754 3513 808 3583 Ab
826 3512 1058 3609 adoptationis
1076 3507 1174 3609 reffo-
1196 3510 1394 3604 vigesimum
1418 3509 1543 3587 sextum
1567 3517 1600 3584 in
1624 3538 1761 3586 uxorem
1786 3517 1908 3583 ducens
1932 3507 1987 3585 vel

372 3626 475 3698 tione.
525 3616 705 3690 Hodiernis
720 3610 868 3683 moribus
882 3615 1024 3684 maxima
1040 3638 1077 3683 ex
1095 3637 1170 3699 par·
1195 3608 1264 3680 filio
1288 3606 1344 3680 suo
1367 3618 1507 3700 jungens
1530 3611 1664 3683 infamia
1685 3634 1841 3690 notetur,
1868 3620 1903 3685 δι
1927 3615 1988 3683 do·

372 3745 407 3797 te
420 3719 559 3810 adoptio
575 3717 621 3786 est
637 3710 759 3784 abolita
775 3736 812 3780 ae
829 3710 970 3791 sublata3
987 3734 1068 3799 quos
1082 3712 1170 3782 enim
1195 3729 1263 3780 tem
1274 3713 1383 3780 datam
1394 3712 1550 3782 restituat,
1565 3709 1586 3782 l.
1602 3704 1884 3782 Senatusronsulto
1899 3731 1941 3797 59
1964 3708 1987 3782 l.

367 3822 475 3896 lindie
495 3811 648 3888 nonnulli
665 3835 732 3906 prq
745 3808 821 3879 filiis
839 3807 989 3893 habent,
1026 3810 1118 3879 alunt
1135 3820 1169 3883 dc
1195 3811 1277 3878 Non
1297 3809 1343 3878 eli
1364 3810 1686 3882 matritnonium'66.
1707 3808 1741 3881 ff.
1763 3810 1874 3880 derit.
1891 3828 1986 3898 nupt.

373 3918 570 4014 pdpellant‚
609 3911 645 3981 hi
670 3911 780 3997 potius
797 3907 930 3979 alumni
953 3906 1004 3978 vel
1030 3907 1170 3979 alumnae
1195 3908 1303 3977 Exllat
1322 3907 1453 3996 integer
1474 3906 1586 3978 titulus
1610 3907 1687 3978 libr.
1711 3909 1756 3978 V.
1780 3910 1830 3978 tit.
1854 3912 1887 3977 6.
1914 3912 1987 3980 cod.

374 4012 706 4093 iuntematrinronio
719 4008 862 4079 invicem
877 4034 944 4079 non
958 4006 1171 4095 prohibendi.
1195 4006 1238 4075 de
1254 4006 1431 4077 interdisto
1447 4009 1659 4079 matrimonio
1676 4009 1761 4075 inter
1778 4004 1988 4095 pupillam&
2111 3995 2118 4022 ¹
2194 3999 2196 4006 ’

372 4118 398 4192 l.
414 4116 533 4203 Siquis
547 4112 715 4183 alumnam
728 4110 770 4179 C.
783 4109 828 4176 de
843 4108 908 4178 inc.
924 4116 957 4179 δι
974 4106 1056 4176 inut.
1077 4126 1170 4194 nupt.
1198 4123 1342 4174 tutorem
1365 4098 1421 4174 seu
1441 4127 1628 4177 curatorem
1645 4152 1656 4183 ,
1689 4102 1838 4191 filiosque
1858 4123 1988 4176 eorum.

376 4218 483 4318 Quod
511 4205 618 4300 ipsum
643 4208 743 4279 etiam
764 4199 1025 4292 respondemus,
1061 4203 1173 4291 fiquis
1199 4200 1991 4292 lnordinat.matrim.Wirtenbergitidempro·
2077 4251 2104 4266 .-

373 4314 505 4389 inferre
516 4307 616 4386 velit,
628 4301 854 4399 inspirituali
869 4303 1069 4394 cognatione
1082 4300 1173 4397 lega·
1186 4295 1332 4368 ·hibetur
1349 4303 1596 4372 matrimonium
1613 4302 1700 4372 inter
1716 4322 1861 4371 tutorem
1876 4309 1910 4373 δι
1928 4324 1991 4388 pu·
2037 4301 2039 4305 ’

376 4406 644 4491 irrorantiam,
668 4428 767 4492 quem
784 4397 906 4472 scilicet
920 4426 959 4470 ex
976 4396 1065 4470 sacro
1082 4398 1174 4473 fonte
1199 4396 1312 4482 pillum
1334 4422 1406 4483 cap.
1431 4405 1488 4470 lll.
1549 4401 1724 4472 Rationem
1750 4402 1830 4485 juris
1856 4400 1991 4471 tradunt

374 4503 454 4605 qnia
473 4505 630 4596 suscepit,
655 4528 732 4574 eum
754 4498 931 4571 alumnum
946 4502 1055 4587 potius
1074 4524 1173 4589 quarn
1198 4492 1300 4573 hane,
1326 4499 1412 4581 quod
1430 4521 1491 4586 per
1506 4496 1572 4569 tale
1585 4498 1831 4570 matrimonium
1849 4497 1992 4576 rationes
2111 4541 2116 4554 «

376 4617 575 4703 ,dopmnum
598 4601 694 4680 fieri,
728 4624 766 4670 ae
788 4600 930 4686 proinde
952 4599 1174 4687 impedimen·
1196 4595 1427 4664 administrata
1447 4596 1556 4667 tutelae
1580 4595 1816 4685 cohibeantur,
1843 4605 1877 4670 δι
1897 4596 1992 4669 malz

376 4737 454 4788 eum
463 4704 595 4793 aliquod
605 4699 807 4772 matrimonii
815 4696 1053 4767 minimenalci.
1070 4698 1174 4790 Quod
1198 4694 1486 4764 administrationis
1505 4693 1635 4767 fraudes
1656 4715 1820 4787 tegantur.
1836 4695 1858 4767 l.
1874 4693 1992 4768 Liber·

377 4812 404 4888 fi
425 4830 514 4884 -vere
536 4801 745 4891 magistratus
770 4797 944 4866 autoritate
967 4794 1181 4884 provincialia
1204 4810 1275 4860 tum
1290 4799 1348 4877 64.
1373 4799 1400 4882 ς.
1424 4814 1452 4864 r.
1472 4790 1508 4864 ff.
1532 4793 1646 4863 derit.
1668 4814 1763 4883 nupt.
1815 4790 1895 4866 Ideo
1912 4817 1992 4894 pro·

379 4912 533 5001 quadam
561 4899 748 4970 constitutio
774 4897 816 4964 de
843 4892 908 4964 hoe
938 4894 1180 4982 impedimento
1202 4886 1320 4961 littra
1338 4886 1423 4985 sunt
1446 4888 1608 4986 ejusmodi
1630 4891 1773 4987 nuptie,
1798 4918 1837 4966 ne
1852 4892 1994 4990 papilla

381 5001 693 5101 promulgaretur,
743 4989 827 5063 sicut
860 4991 1098 5065 Bidenbachius
1137 4995 1179 5063 de
1203 4987 1242 5058 in
1265 5012 1299 5061 re
1313 4986 1496 5083 familiari
1517 4988 1832 5084 circumscribantur
1855 4990 1898 5064 ab
1922 4991 1996 5074 iris,
2121 4989 2183 5032 “·’

384 5100 559 5183 vatent.
578 5097 722 5172 ordinat.
745 5091 810 5167 tale
833 5094 913 5184 quid
935 5085 1054 5169 adserit
1069 5118 1103 5185 p.
1120 5113 1142 5188 7
1148 5117 1178 5183 3.
1203 5088 1276 5262 qaiz
1278 5090 1426 5167 rationes
1443 5091 1491 5165 eir
1507 5092 1605 5192 gesta
1620 5090 1732 5169 tutela
1747 5093 1997 5281 redderffim·
2190 5177 2194 5200 .

672 5256 679 5264 ..
1291 5212 1311 5258 ἲ
1335 5211 1358 5267 2
1961 5214 1998 5262 ss·
2088 5209 2090 5215 ’
