4884 5984
495 536 582 638 ιη,
798 521 949 602 totns
972 521 1098 600 xxvi.
1147 521 1248 598 cte.
1273 521 1317 592 v.
1366 510 1515 620 nens.
1540 516 1569 587 1.
1619 514 1728 591 nur.
1755 521 1800 593 u

428 745 434 766 ⁸
495 711 679 818 plastorum
702 716 860 795 muliebri
881 697 971 797 sexui
994 743 1062 796 tem
1085 724 1177 796 artie
1201 718 1313 795 adhae·
1338 730 1396 784 tet.
1423 733 1497 798 cap.
1514 708 1556 785 V.
1587 706 1648 785 sub
1676 710 1732 788 fin.
1763 710 1942 791 Numerus
1966 681 2124 810 conjugii
2147 735 2171 788 e

495 844 569 904 ret,
593 842 631 894 ut
652 824 688 894 in
708 816 909 914 paucissimis
929 824 1126 897 emendetur
1133 817 1316 907 ‚omnibus
1339 805 1514 883 mulediiio
1540 812 1617 886 uiro
1646 813 1779 913 incepit.
1852 814 1994 892 Primus
2019 809 2170 888 Lummlt

455 957 458 966 ·
494 925 587 1043 enim
614 924 764 1039 inustum
791 942 996 1040 manetem
1022 919 1121 1038 alium
1142 923 1178 993 in
1201 942 1317 991 amore
1338 904 1470 1025 duobus
1487 913 1673 1027 maritatus
1699 924 1766 990 tres
1784 914 1947 1035 inunum·
1963 936 2098 1032 curnem
2112 912 2168 1032 es:

441 1095 444 1102 ·
497 1016 1318 1215 ittttl1,slttlffiilgttttllssnsz‘tt2
1333 1008 2170 1206 siliniiqiideliisi⁰¹i¹0iisii¹iinfi¹i

500 1245 565 1297 aec
585 1219 700 1293 meriti
718 1221 896 1294 ruttorites
920 1220 993 1293 illes
1012 1218 1170 1294 Rachelis
1190 1241 1229 1290 ac
1246 1222 1319 1289 Leae
1343 1211 1374 1282 ri
1399 1210 1527 1300 potest?
1578 1214 1710 1303 Excipit
1727 1211 1882 1288 Ochinas
1910 1213 1960 1314 t.)
1979 1211 2024 1288 In
2036 1205 2171 1316 stistiri⁴

349 1309 355 1326 “
500 1318 731 1396 emulationes
752 1317 910 1393 cohibere
926 1319 1180 1412 potuere,quid
1195 1319 1237 1389 de
1251 1314 1322 1388 aliis
1344 1309 1394 1382 cis
1415 1332 1482 1381 non
1501 1302 1592 1407 poste
1612 1308 1853 1410 exscriptoris
1875 1315 2072 1412 negativum
2091 1311 2171 1388 dact

500 1418 699 1495 mulieribus
718 1415 784 1491 necx
799 1439 891 1492 tanta
911 1422 1036 1510 pietate
1057 1419 1240 1497 instructis,
1260 1437 1323 1488 nee
1346 1419 1595 1504 argumentum.
1655 1398 1824 1509 Quamuis
1850 1439 1931 1511 ergo
1958 1413 1999 1489 dc
2016 1412 2167 1512 polagu-

501 1542 595 1596 tanto
618 1519 741 1592 amoris
757 1516 893 1592 vincula
912 1519 1102 1607 comannis
1122 1512 1323 1608 sperandum
1348 1509 1419 1583 mia
1444 1507 1722 1606 patriarcharum
1752 1514 1788 1586 in
1812 1509 1910 1588 Setii
1928 1515 2170 1612 posteritates

499 1619 628 1695 suerit?
650 1617 825 1691 Sedenim
845 1639 909 1709 per
932 1621 1085 1692 accidens
1104 1611 1178 1690 illas
1198 1610 1323 1698 discor·
1347 1603 1487 1706 Spiritu
1503 1605 1622 1706 sentio
1646 1610 1737 1684 nilsil
1750 1615 1799 1711 stt
1818 1616 2037 1701 adnotatum,
2068 1638 2115 1690 ex
2130 1621 2185 1688 ω’

503 1721 574 1794 dias
595 1717 678 1792 oriri
702 1740 820 1792 rerum
835 1743 906 1791 non
923 1720 1081 1810 est‚quia
1095 1718 1132 1788 in
1148 1715 1244 1791 omni
1261 1735 1323 1803 po·
1347 1720 1461 1782 tumen
1486 1707 1604 1806 coligi
1628 1734 1695 1783 non
1719 1708 1827 1810 poste,
1865 1713 2070 1789 Lumecltum
2098 1714 2170 1810 eju

501 1818 647 1913 lygumia‘
665 1818 788 1905 injutis
807 1817 916 1906 priori
935 1819 1031 1888 uxori
1050 1814 1217 1899 insertur,
1245 1836 1322 1883 cum
1345 1810 1500 1907 primum
1517 1807 1681 1883 autorem
1697 1809 1864 1985 exstitisse.
1918 1811 2019 1906 Resp.
2029 1815 2171 1904 Spiritus

502 1918 565 2012 ipss
581 1913 752 2008 suferetur
759 1919 869 2004 ,quod
885 1917 964 2013 jure
982 1911 1234 1989 matrimoniali
1251 1914 1324 1982 uni.
1348 1906 1479 1980 linitus
1501 1932 1561 1999 pet
1582 1908 1700 1982 Mosen
1715 1934 1787 1985 tum
1820 1917 1950 1987 andium
1968 1913 2079 2002 Setlsi,
2098 1936 2170 1987 tusa
2205 1923 2209 1937 '

504 2044 544 2094 ce
557 2026 593 2093 de
607 2018 643 2090 in
658 2012 798 2088 solidum
821 2015 984 2099 debetur3
1009 2041 1072 2107 per
1089 2009 1123 2088 se
1144 2018 1251 2106 igitur
1263 2033 1325 2100 po·
1348 2009 1489 2096 impiam
1509 2009 1610 2081 Caini
1630 2012 1854 2099 posteritatem
1867 2009 2016 2088 recenset
2030 2017 2066 2087 in
2078 2012 2171 2104 capi·

503 2119 650 2212 legamia
670 2116 756 2187 rixas
776 2116 926 2206 excitat,
955 2137 1018 2208 per
1037 2116 1190 2188 accidens
1210 2107 1323 2185 aute'm
1348 2128 1383 2179 te
1399 2112 1457 2178 lv.
1475 2117 1511 2179 δι
1529 2112 1571 2177 V.
1592 2105 1709 2182 Geues
1738 2108 1795 2185 sed
1825 2116 1914 2185 inter
1943 2114 2036 2186 Sethi
2062 2114 2171 2204 polle·

502 2243 545 2293 ex
564 2213 780 2291 feminarum
798 2207 1175 2288 scilicetcouveuieutia
1191 2206 1325 2288 &tole-
1348 2229 1404 2278 ros
1433 2203 1564 2277 nullum
1590 2211 1739 2283 nominat
1763 2214 2000 2304 polygemum,
2038 2216 2082 2285 de
2102 2205 2170 2284 solt
2209 2245 2212 2250 ·

505 2318 632 2398 tantm,
655 2339 730 2403 quse
751 2334 864 2385 samm
884 2308 1063 2399 ttriffimt,
1081 2309 1268 2405 contingit,
1288 2328 1326 2378 ut
1349 2303 1523 2377 Lamecho
1552 2326 1709 2395 tanquam
1731 2309 1899 2400 peculiare
1928 2322 1963 2387 δι
1992 2311 2171 2403 proprium

505 2414 631 2491 lites&
649 2416 728 2487 tite
750 2435 820 2484 non
843 2416 1010 2487 emautur.
1057 2415 1109 2486 Ut
1136 2432 1250 2485 autem
1277 2409 1327 2477 in·
1344 2401 1437 2474 illud
1457 2413 1714 2492 commemorat,
1740 2413 1830 2499 quod
1851 2414 1980 2500 primus
1996 2414 2077 2484 dous
2093 2431 2174 2482 uto·

493 2537 562 2590 ‘ter
584 2537 702 2588 uxores
718 2507 857 2589 rivales,
882 2514 929 2584 ite
948 2534 1083 2601 quoque
1098 2513 1188 2585 inter
1206 2505 1330 2580 liberos
1354 2527 1408 2573 res
1426 2503 1577 2591 duxerit,
1613 2527 1648 2577 at
1675 2504 1697 2577 fi
1719 2510 1807 2582 inter
1830 2505 2034 2599 patriurchis
2064 2506 2171 2582 fuisset

507 2637 551 2690 ex
590 2606 726 2685 diversis
756 2605 919 2682 matribus
950 2632 1045 2684 nesus
1061 2607 1203 2685 diffidis
1234 2603 1332 2679 facile
1354 2602 1473 2688 aliquis
1500 2603 1682 2694 digamus,
1715 2634 1775 2680 cur
1803 2611 1838 2680 iu
1865 2606 2063 2702 genealogie
2088 2604 2174 2700 ipso·

510 2715 677 2797 oriuntur,
689 2706 780 2798 quod
799 2705 985 2782 liberorum
998 2704 1116 2803 Jecubi
1133 2702 1331 2800 patriarche
1355 2724 1431 2772 rum
1454 2702 1595 2790 Spiritus
1615 2698 1742 2777 sautius
1763 2706 1845 2780 illud
1859 2702 2025 2789 tacuisset,
2051 2707 2088 2779 in
2109 2711 2170 2780 La·

511 2811 706 2890 &Doridis
729 2807 820 2899 tegis
843 2805 998 2898 exemplu
1019 2806 1153 2881 abunde
1175 2825 1332 2895 compro·
1357 2795 1478 2870 mecho
1511 2825 1592 2872 veto
1619 2805 1828 2879 adnotasset?
1876 2812 1990 2900 Urget
2017 2807 2171 2882 Ochinut

511 2911 606 2987 bant.
657 2909 730 3004 Qui
760 2907 860 2997 plura
892 2904 1079 2994 desiderat,
1113 2909 1209 2981 odeat
1233 2904 1334 2977 Arni·
1354 2898 1587 3009 monvsmsius
1614 2897 1784 2979 Caini&
1802 2907 2006 3006 posterorum
2027 2909 2171 3002 ejmru·

367 3047 371 3056 ·
428 3089 430 3098 ,
512 3009 614 3086 setim
634 3013 772 3097 dejure
794 3005 1098 3096 sonnub.cap.lV.
1118 3002 1272 3080 settuv,
1357 3018 1449 3080 cert,
1481 3021 1580 3094 neque
1606 3013 1717 3076 tumen
1745 3029 1818 3078 eom
1842 3016 2021 3104 propterea
2054 3003 2173 3104 negari

513 3151 744 3235 vmm
822 3107 1051 3199 §.CClelL
1070 3104 1220 3202 Vll.)Ex
1239 3098 1336 3199 μοῖς·
1354 3089 1464 3210 poste,
1491 3097 1577 3169 idem
1600 3098 1659 3201 effe
1671 3103 1838 3199 judicium
1854 3105 1896 3181 de
1906 3105 2112 3203 polygonis
2132 3103 2173 3180 tl·

536 3238 681 3321 mm
773 3206 901 3299 gamiae
926 3203 1070 3299 origine.
1136 3209 1169 3278 Si
1195 3200 1334 3293 polyge.
1361 3195 1429 3268 ltus
1456 3202 1616 3294 temporis
1638 3205 1925 3299 patriarcharum.
1984 3210 2047 3279 Sed
2072 3209 2172 3298 uege-

549 3317 679 3398 arigim.
776 3306 845 3375 mia
873 3299 952 3375 esset
980 3324 1107 3374 nature
1132 3299 1333 3385 conformis,
1357 3293 1518 3407 mustelse
1541 3323 1657 3387 parem
1683 3307 1852 3392 utriusque
1882 3307 2067 3391 rationem,
2113 3329 2173 3379 uec

780 3406 873 3474 Deus
892 3400 1012 3491 procul
1032 3398 1222 3475 dubioeum
1240 3403 1335 3473 initio
1359 3416 1462 3466 tacuit
1478 3398 1618 3484 Spiritus
1640 3401 1766 3475 sentius
1791 3406 1882 3477 illam
1909 3408 2094 3497 impiorum
2109 3434 2176 3483 πο·

516 3492 719 3583 instituisset,
744 3525 822 3572 cum
842 3524 884 3574 eo
901 3521 1054 3588 tempore
1076 3503 1248 3573 rideretur
1267 3524 1336 3571 mr·
1358 3490 1563 3582 nunciatus,
1596 3497 1650 3571 sed
1675 3526 1715 3572 ex
1739 3499 1958 3592 consequente
1985 3502 2176 3597 intelligen-

380 3667 385 3676 .
517 3600 607 3674 xime
621 3597 712 3670 utilis
725 3624 763 3672 ec
777 3624 863 3690 pene
879 3595 1056 3674 necessaria
1069 3602 1111 3671 ud
1127 3601 1260 3692 generis
1275 3598 1336 3670 hu.
1360 3597 1441 3662 dom
1458 3593 1617 3685 relinquit
1639 3605 1856 3686 antecedens,
1882 3607 2013 3691 quaudo
2030 3607 2175 3679 Cainura

515 3699 608 3773 mani
620 3700 910 3790 propagationem.
960 3704 1038 3790 Jum
1054 3722 1136 3772 veto
1157 3704 1251 3772 Deus
1263 3721 1337 3769 eum
1360 3692 1529 3765 civitatem
1554 3695 1764 3790 exstruxisse,
1806 3726 1945 3791 eamque
1986 3729 2005 3775 a
2039 3703 2176 3778 nomine

517 3799 616 3872 initio
630 3819 700 3869 uon
715 3798 875 3878 instituit,
897 3821 959 3870 nec
981 3798 1083 3887 primi
1104 3806 1140 3872 δε
1157 3792 1338 3884 untiquiffi·
1362 3787 1423 3861 lilii
1452 3786 1501 3863 sui
1525 3798 1735 3869 Henochiam
1759 3797 1886 3874 vocasse
1917 3798 2038 3874 adserit
2067 3829 2100 3875 v.
2123 3825 2173 3893 17.

518 3898 568 3970 mi
593 3894 791 3987 patriarche
813 3915 890 3968 ante
918 3896 1085 3970 diluuium
1112 3921 1151 3968 es
1177 3895 1339 3988 leguntur
1362 3895 1413 3979 2.)
1430 3885 1673 3989 Pulygumium
1695 3895 1862 3974 Lamechi
1882 3895 1958 3973 Deo
1974 3926 2040 3975 non
2053 3897 2175 3998 displi-

518 3993 579 4069 ati.
641 3995 791 4075 Primus,
823 3995 884 4084 qui
907 4022 927 4068 a
948 3994 1067 4087 regula
1093 3995 1213 4067 divine
1249 3994 1338 4067 insti.
1362 3985 1475 4087 tumst,
1502 4016 1575 4067 cum
1591 3995 1773 4072 literosex
1788 4011 1938 4077 cunutus
1953 4002 2176 4098 artiumprae·

518 4093 658 4168 tutionis
685 4088 845 4181 discellit,
881 4089 947 4166 suit
970 4090 1174 4177 Lumecltus,
1203 4117 1244 4167 en
1276 4095 1340 4165 im·
1356 4087 1631 4260 stantigfimurum
1670 4097 1918 4173 inventionibus
1966 4098 2174 4175 nobilituiit

519 4195 578 4285 pie
590 4194 688 4269 Caini
700 4194 894 4285 posteritate
910 4194 1088 4278 oriundus,
1115 4199 1199 4267 Gen.
1212 4197 1269 4265 lv.
1285 4218 1338 4277 ¹9·
1362 4185 1461 4281 Josep
1490 4218 1526 4265 us
1542 4199 1655 4278 addit,
1682 4195 1886 4272 Lumectam
1899 4223 1943 4273 ex
1961 4197 2092 4275 duabus
2101 4198 2178 4298 sais

518 4296 564 4369 de
589 4316 658 4381 quo
682 4296 775 4367 redte
798 4287 1008 4384 usurpeseris
1030 4292 1131 4365 illud:
1163 4293 1259 4370 eunti
1284 4296 1341 4368 κό-
1363 4291 1529 4367 uxoribus
1541 4294 1765 4395 septuaginta
1776 4297 1905 4398 septem
1921 4298 2045 4375 liberos
2062 4297 2178 4397 susce·

519 4398 646 4499 par&
665 4390 771 4472 auctr
794 4386 868 4469 dos.
920 4394 1045 4468 Caintts
1066 4394 1157 4465 enim
1183 4390 1341 4465 Lemeehi
1360 4385 1468 4487 peste,
1501 4397 1682 4485 exquibus
1704 4422 1772 4470 tres
1794 4427 1812 4471 r
1842 4396 1936 4473 Mose
1962 4402 2178 4476 nominentur

520 4513 638 4567 uterus
658 4515 727 4567 nou
747 4511 922 4565 contentus
947 4488 1058 4565 fratris
1086 4486 1246 4585 sanguine
1275 4486 1341 4563 sese
1365 4486 1486 4577 lates,
1512 4490 1616 4569 subal
1640 4494 1682 4571 si
1713 4494 1949 4579 liubanem,
1985 4502 2179 4589 pastoritia,

521 4589 699 4683 palluere,
723 4588 851 4685 nfacie
866 4585 953 4674 Dei,
979 4590 1119 4678 hatest,
1145 4616 1268 4664 everte
1285 4614 1341 4663 et·
1365 4589 1487 4663 musice
1512 4604 1547 4669 δι
1570 4592 1682 4670 febrili
1705 4622 1776 4671 erte
1801 4599 1940 4673 nobiles.
1972 4595 2072 4696 Resp.
2093 4599 2180 4672 bona

522 4686 628 4763 elesre
645 4685 812 4763 consortio
824 4684 1010 4776 l'ecetlerat,
1034 4717 1066 4763 v.
1082 4695 1135 4763 16.
1150 4699 1222 4780 ejus
1245 4691 1341 4764 velii-
1364 4711 1499 4763 externe
1519 4704 1553 4768 δι
1574 4697 1776 4788 corporalia,
1798 4699 1968 4788 inquibus
1986 4700 2087 4773 etium
2104 4693 2180 4772 sunt

522 4790 589 4882 giis
607 4783 752 4861 insistens
769 4787 952 4863 Lamechus
971 4814 1039 4864 non
1051 4784 1156 4863 solum
1172 4785 1242 4881 ipse
1257 4812 1341 4882 quo-
1363 4790 1599 4875 sronvtsmie,
1625 4810 1660 4871 dt
1675 4798 1825 4870 inventio
1839 4802 1960 4870 ortium
1976 4798 2118 4880 adhunc
2132 4799 2183 4870 si·

520 4911 589 4978 que
619 4911 736 4960 manus
769 4882 840 4963 suas
868 4881 1026 4982 sanguiue
1054 4883 1252 4976 funelitvit,
1285 4885 1340 4965 sed
1365 4913 1433 4963 sum
1447 4887 1665 4984 spectantium
1678 4898 1742 4985 piis
1757 4918 1856 4985 etque
1871 4899 1982 4987 impiis
1997 4893 2072 4971 sunt
2086 4921 2181 4971 com·

519 4988 622 5070 etiem
644 4985 737 5081 leges
756 4987 907 5080 coniugii
925 4990 1083 5063 divinitus
1107 4985 1247 5064 sentius
1262 5015 1339 5081 pet·-
1363 4992 1497 5073 munia,
1525 5019 1634 5082 neque
1656 4998 1764 5086 potest
1788 5022 1828 5068 et
1853 4996 1917 5068 illis
1943 5020 2180 5089 argumentum

363 5173 370 5184 ¹
515 5091 632 5182 rupit,
656 5094 694 5162 de
714 5083 915 5180 polygamiae
937 5083 1209 5163 cousuetudinem
1233 5094 1340 5165 iutro·
1364 5087 1487 5165 satoris
1516 5094 1621 5166 divini
1648 5093 1872 5169 indubitatum
1905 5100 1987 5186 peti.
2060 5082 2181 5170 litem·

514 5183 622 5270 duris.
669 5185 902 5268 Tertullinus
919 5183 979 5264 lib.
1000 5190 1043 5264 de
1060 5186 1225 5274 abortit.
1242 5192 1340 5269 salli·
1361 5189 1460 5285 plum
1474 5189 1632 5285 Jeplttltae
1657 5221 1696 5271 ac
1719 5192 1902 5270 Salomonis
1925 5200 2042 5279 docet,
2067 5201 2183 5273 Deum

2076 5319 2196 5387 qum?
