4884 5984
530 604 533 611 Ι
732 508 800 583 an
851 509 919 580 sir
969 506 1244 582 orvoarrvm
1292 512 1345 581 aa
1396 512 1511 589 nov.
1560 497 1684 591 rair.
1952 533 2025 609 ῃ,

386 716 433 772 ea
455 694 566 795 euasti
582 694 689 797 obfit',
726 723 794 770 non
814 700 1000 794 faciteam
1020 699 1193 784 machari,
1218 702 1288 775 enti
1310 700 1429 777 bonam
1447 707 1563 799 facere
1579 702 1620 779 sd
1633 728 1698 778 nan
1711 703 2027 805 saaimti,.pecca⁶.

380 795 450 895 sed
460 798 558 891 socie
578 824 649 873 eunt
674 800 830 870 machari
852 824 924 871 cum
951 801 1078 871 iniuria
1101 800 1192 897 pria
1218 806 1364 901 tamesi.
1429 803 1603 878 indefinita
1630 804 1700 876 hec
1720 807 1783 891 en,
1813 830 1881 879 nan
1905 830 2023 881 autem.

387 897 442 969 ais
463 898 635 991 emergis,
672 893 712 968 td
733 896 858 968 idcirco
881 900 939 993 qai
959 909 1096 993 propter
1113 898 1194 990 sor·
1218 904 1396 997 exceptiva
1422 902 1476 974 vei
1496 903 1684 997 exelafivar
1724 928 1791 977 non
1813 905 1902 976 enirn
1923 908 2019 979 addi·

389 995 595 1066 mirationem
616 990 749 1090 dimiffia
765 1019 870 1068 uxore
884 996 997 1090 priore
1011 995 1117 1066 aliam
1131 997 1193 1068 du·
1218 1019 1294 1077 tur,
1322 997 1397 1094 soli
1416 995 1529 1074 scienti
1549 1001 1676 1073 bonum
1702 1011 1829 1075 &non
1854 998 2015 1088 facienti,

389 1092 459 1174 eit,
492 1094 672 1165 nnciam
691 1093 839 1186 quidem,
863 1095 929 1188 sed
951 1095 1059 1166 evinas
1074 1097 1191 1188 gravi·
1218 1096 1264 1167 est
1284 1120 1479 1188 peccatum,
1506 1092 1846 1190 aimmdivrneigitur
1867 1098 2018 1190 propon-

390 1199 467 1272 ter,
515 1192 594 1285 qaia
620 1191 692 1288 stne
723 1193 851 1264 iniuria
878 1193 1005 1287 prioris
1029 1194 1193 1287 coniugis.
1218 1195 1265 1264 tio
1287 1195 1411 1267 Christi
1432 1222 1508 1267 cum
1533 1221 1571 1270 ea
1591 1195 1774 1269 confertur.
1828 1196 2019 1275 liludaero

365 1284 492 1374 resp.
513 1290 665 1360 Christus
684 1314 753 1359 non
780 1290 928 1377 loquitur
947 1295 1191 1385 comparative,
1216 1293 1395 1379 probamus
1418 1304 1451 1366 dt
1473 1315 1700 1382 acceptamus,
1732 1296 1821 1382 quod
1847 1294 2017 1367 Bellarmi·

366 1452 368 1457 .
388 1379 444 1456 sed
467 1387 662 1480 exceptive,
700 1407 736 1456 ut
754 1387 964 1460 evidentibus
986 1391 1191 1480 argumentis
1216 1412 1277 1458 aus
1293 1391 1551 1478 propositionem
1570 1389 1694 1465 ebrini
1713 1386 1846 1462 confert
1865 1400 1941 1463 cuni
1961 1416 2015 1465 ear

387 1477 452 1554 suit
481 1481 784 1573 comprobatum.-.
820 1490 961 1572 Propter
988 1489 1056 1556 vim
1088 1488 1192 1578 igitur
1224 1481 1294 1581 Qvi
1308 1487 1371 1583 nist
1384 1486 1424 1559 ab
1440 1489 1591 1584 inopiam
1601 1488 1763 1581 furator,
1784 1498 1911 1583 peccat.
1960 1494 2014 1562 Ut

357 1654 359 1661 ,
386 1579 558 1670 particule
586 1579 778 1667 exclusive,
822 1606 893 1669 quae
915 1583 1010 1667 ponit
1045 1585 1080 1652 in
1101 1607 1192 1662 uno,
1218 1586 1307 1654 enim
1334 1610 1351 1654 a
1376 1589 1542 1659 contrario
1563 1581 1655 1656 sensu
1674 1589 1765 1657 rede
1789 1607 1829 1656 ex
1854 1584 1915 1656 hat
1934 1609 2015 1674 pro·

357 1680 478 1764 'quod
511 1701 610 1767 negat
639 1679 673 1747 in
693 1678 828 1759 altero,
867 1677 1072 1775 (Exceptio
1093 1681 1193 1776 ponit
1218 1679 1381 1769 pastione
1401 1680 1568 1765 infertur,
1605 1706 1688 1772 ergo
1713 1684 1771 1769 qui
1802 1680 1848 1751 ob
1865 1685 2013 1772 inopiam

386 1777 596 1847 contrariam
626 1776 662 1845 in
686 1775 765 1870 casu
790 1793 954 1871 excepto,
1006 1776 1120 1850 dicunt
1143 1783 1191 1851 iu·
1216 1776 1365 1862 furatur,
1391 1803 1457 1851 non
1474 1800 1608 1868 peccat,
1633 1782 1679 1849 ita
1700 1803 1834 1867 quoque
1854 1783 1942 1853 idem
1961 1784 2013 1853 ia·
2119 1800 2131 1825 ‘

384 1869 592 1959 riaronsulti)
618 1875 654 1945 δι
680 1898 821 1960 propter
846 1898 996 1944 naturam
1023 1873 1189 1947 limitatio·
1214 1877 1337 1944 dicium
1359 1872 1427 1947 esse
1441 1877 1540 1947 deber
1560 1881 1603 1948 de
1627 1872 1850 1964 propositione
1866 1874 2013 1951 chriam

384 1973 456 2048 nia,
487 1994 557 2057 quae
579 1996 598 2040 a
621 1974 769 2060 generali
789 1969 905 2061 regula
928 1994 1055 2043 certum
1079 1969 1186 2043 casum
1220 1966 1290 2067 Qui
1304 1975 1366 2068 nist
1377 1973 1418 2045 ab
1422 1971 1686 2067 fornicationem
1699 1974 1847 2045 dimittit
1858 1997 2011 2057 uxorem,
2127 2008 2135 2017 ·

384 2069 529 2151 eximit,
564 2063 744 2139 firmissima
765 2071 813 2141 eii
834 2065 1084 2156 consequentia:
1118 2067 1188 2165 Qui
1211 2070 1402 2143 eructatur.
1440 2068 2035 2168 Ergoqaiobfornicationemeam⁴
2138 2130 2143 2139 .
2199 2124 2203 2141 .

384 2164 533 2239 dimittit
544 2188 683 2238 uxorem
695 2178 832 2261 excepta
838 2164 1090 2258 fornicationis
1108 2191 1186 2240 rau·
1210 2169 1347 2238 dimittit
1355 2213 1364 2247 ,
1392 2194 1462 2239 non
1482 2167 1678 2239 moechatur.
1738 2170 1850 2256 Negat
1874 2171 2012 2261 quidem

378 2248 458 2361 sas
474 2260 513 2335 ss
526 2263 633 2335 aliam
649 2264 759 2348 ducit,
784 2264 972 2359 nunciatur.
1022 2270 1115 2356 Ergo
1128 2268 1186 2353 qai
1210 2264 1424 2335 Bellarminur
1445 2264 1705 2355 propositionem
1725 2261 1834 2334 illam:
1870 2267 1942 2357 Qui
1960 2267 2012 2338 ni-

383 2382 526 2453 propter
546 2359 799 2435 fornicationem
819 2386 955 2433 uxorem
974 2364 1127 2441 dimittit,
1151 2374 1185 2435 dt
1212 2358 1295 2431 srub
1312 2362 1458 2449 inopiam
1477 2359 1626 2440 furatur,
1650 2381 1787 2449 peccat3
1813 2352 1875 2432 eise
1898 2360 2010 2434 exciu-

368 2458 483 2543 :uliam
503 2462 620 2543 ducit,
657 2485 726 2530 non
753 2460 952 2532 moecherur.
1015 2464 1186 2549 Urgenua
1210 2454 1337 2541 livam,
1371 2454 1425 2530 sed
1452 2460 1625 2551 redarguit
1647 2480 1728 2555 ¹eum
1758 2454 1833 2528 usus
1856 2482 2010 2535 comma·

383 2558 534 2629 nostrum
555 2578 817 2646 argumentum:
857 2560 890 2629 si
915 2552 1007 2627 causa
1034 2555 1187 2627 adulterii
1209 2560 1277 2625 oia:

382 2648 464 2729 effer
485 2656 518 2723 in
536 2659 654 2729 eudem
674 2655 792 2727 ordine
815 2678 893 2726 cum
915 2655 1050 2739 reliquis
1068 2651 1186 2732 trufis,
1288 2645 1514 2749 Quem'penes
1537 2651 1786 2750 arbitriomest
1815 2647 1856 2724 td
1881 2652 1934 2725 vis
1965 2649 2008 2728 Θ
2060 2704 2067 2715 -

379 2771 524 2843 propter
552 2773 633 2839 qaas
663 2777 730 2825 noo
755 2753 801 2824 eii
825 2752 953 2823 licitum
980 2751 1183 2837 divortium,
1578 2773 1697 2821 norma
1725 2747 1890 2843 loquendi.

373 2872 444 2923 eor
464 2847 556 2920 iliam
571 2848 722 2920 Christus
742 2844 933 2919 addidissem
986 2856 1037 2934 2.)
1061 2843 1183 2943 Quem·
1208 2846 1398 2927 (Adcurate
1422 2870 1532 2921 autern
1562 2868 1661 2931 nota,
1702 2870 1770 2917 uon
1800 2846 1855 2916 hic
1882 2846 1937 2937 agi
1963 2850 2007 2923 de

381 2944 562 3021 admodum
587 2970 632 3020 ex
651 2944 760 3020 verbis
781 2943 901 3017 Iacabi
914 2941 989 3016 IV.
1012 2967 1065 3037 ¹7·
1114 2948 1180 3017 Sci·
1205 2942 1437 3031 propositionis
1470 2944 1557 3015 iiiior
1581 2944 1722 3017 ueritate
1749 2943 1804 3017 vel
1820 2939 2004 3040 solsttate,

357 3047 450 3121 ‚erari
470 3043 614 3129 bonum,
639 3053 673 3117 dt
687 3068 753 3117 non
773 3041 925 3125 facienti,
943 3063 1116 3129 peccaram
1135 3043 1181 3112 eii
1204 3036 1260 3109 sed
1276 3059 1403 3110 tautum
1418 3043 1463 3114 de·
1475 3045 1544 3115 eiua
1557 3040 1760 3135 quontitate,
1785 3066 1827 3112 an
1842 3038 2006 3115 tirexrlu·

378 3141 447 3223 illie
481 3141 648 3213 nonlicet
674 3165 698 3214 a
726 3141 899 3214 contraria
915 3136 1016 3234 sensae
1038 3138 1179 3232 inferre,
1204 3132 1293 3221 srva,
1327 3161 1370 3210 au
1390 3161 1470 3212 aero
1493 3141 1658 3227 minime,
1698 3138 1756 3209 ubi
1778 3135 1893 3209 sonora
1922 3163 2005 3215 voce

377 3262 460 3335 erga
489 3238 667 3335 ignoranti
699 3237 819 3313 bonam
847 3235 888 3311 sd
913 3260 979 3309 non
1001 3236 1175 3330 facienti,
1201 3230 1413 3305 adfirmamus
1438 3239 1567 3325 prius.)
1596 3311 1601 3317 ,
1631 3232 1690 3332 3.)
1713 3231 1901 3306 PoeticaIae
1927 3262 2004 3309 ore·
2071 3325 2075 3329 ¹
2184 3308 2189 3315 .

368 3350 548 3437 peccatum
564 3361 630 3409 non
647 3341 690 3438 est
707 3337 780 3418 ilii,
802 3333 972 3432 romscot
989 3336 1092 3408 etiam
1105 3359 1177 3429 pec·
1203 3329 1315 3430 emate
1342 3326 1383 3402 8
1402 3328 1430 3407 ei
1449 3333 1501 3423 mai
1521 3330 1611 3429 sepe
1638 3332 1774 3436 quidem¹
1793 3330 2007 3425 accipiantur
2064 3378 2071 3383 -

367 3448 457 3509 eata
481 3437 704 3533 ignorantiae‚·
727 3434 791 3531 sed
810 3436 933 3528 inferri
956 3432 1067 3506 debet:
1087 3430 1178 3504 ..Em
1202 3429 1388 3523 exceptive,
1416 3426 1479 3524 ssd
1501 3442 1610 3502 mmm
1626 3425 1880 3525 pQffuvi'eit'am
1900 3426 2005 3501 uisite·

376 3557 423 3629 ge
440 3536 616 3628 ignoranti
633 3533 755 3607 bonnm
767 3529 881 3606 &nan
891 3530 1177 3629 sarientiminus
1201 3528 1274 3595 acci
1298 3526 1321 3599 i.
1350 3532 1453 3616 dpoc.
1469 3534 1526 3600 lx.
1541 3552 1575 3610 a.
1629 3525 1840 3621 Praeceptum
1854 3527 1897 3624 ιβ
1913 3523 2000 3608 iilis,

373 3622 548 3730 peecatum
581 3657 597 3704 e
637 3687 645 3715 ‚
692 3657 791 3727 quam
812 3634 845 3729 β
863 3631 979 3725 sciens
1010 3624 1177 3725 peccasset.
1202 3646 1242 3695 ne
1275 3621 1416 3697 ederent
1425 3623 1556 3718 sanam
1577 3639 1694 3710 terre,
1721 3646 1819 3721 neque
1841 3646 1935 3695 aenne
1948 3624 2003 3696 vi·-

377 3726 434 3807 Et
459 3635 733 3828 quemastnodam
752 3732 785 3828 β
812 3732 886 3825 qais
913 3728 1058 3802 diceret:
1107 3724 1176 3824 Qui
1203 3721 1293 3805 ride,
1319 3744 1417 3817 neqae
1437 3746 1562 3793 amnem
1585 3720 1757 3804 arborem,
1787 3722 1851 3817 nist
1870 3731 2004 3795 tantum

375 3830 442 3927 nest
459 3829 501 3903 ab
518 3830 669 3926 inopiam
683 3828 996 3925 saratue‚·prccat‚
1021 3848 1087 3897 nan
1103 3823 1178 3922 pos·
1202 3815 1369 3905 immines,
1395 3819 1452 3917 qni
1470 3819 1591 3892 iubent
1606 3822 1733 3914 fignom
1760 3813 1886 3923 Dei'in
1900 3820 2004 3914 seon·

367 3926 426 4025 set
445 3927 520 4001 inde
544 3927 690 4021 inferri:
716 3948 797 4021 ergo
815 3929 872 4022 qai
892 3923 935 3998 ab
952 3924 1103 4019 inopiam
1116 3922 1177 4014 sa·
1202 3914 1302 3990 tibus.
1354 3916 1446 3990 Iliad
1462 3921 1546 4017 nist,
1570 3914 1685 3992 Graece
1701 3918 1728 3992 ri
1746 3914 1816 4008 mi,
1846 3941 1913 3988 non
1923 3929 2003 4012 pot-

377 4035 496 4107 mem,
519 4049 585 4098 nan
602 4035 733 4120 pereat,
751 4022 814 4120 sed
836 4047 935 4120 ergo,
960 4023 1017 4120 qai
1040 4020 1081 4094 ab
1103 4023 1178 4091 ino·
1201 4016 1245 4114 ιβ
1268 4019 1439 4112 exceptive
1458 4016 1587 4112 accipi,
1605 4013 1668 4111 sed
1686 4011 1915 4118 adversarior,
1939 4016 2003 4111 nist
2122 4016 2138 4033 “

371 4123 657 4222 piam-saraiae,
700 4124 808 4195 minus
828 4133 966 4220 peccat,
1003 4121 1066 4217 nest
1082 4118 1178 4213 farte
1202 4115 1276 4208 qais
1297 4119 1379 4188 velit
1398 4115 1547 4187 nomines
1566 4116 1654 4188 inter
1676 4111 1811 4185 orbarer
1830 4134 2002 4187 connume-

376 4219 457 4320 effet
486 4234 636 4297 extremo
668 4220 853 4319 neceffitm,
896 4221 975 4315 qaia
1003 4229 1080 4292 tunc
1111 4240 1177 4289 nan
1202 4234 1287 4285 rare.
1305 4211 1614 4303 Etnpoc.XXs.27.
1632 4207 1999 4285 Nonintrabitineam

374 4321 476 4397 erade
494 4344 560 4393 non
579 4332 772 4417 peecatum,
799 4316 863 4414 sed
885 4343 941 4390 nec
960 4317 1095 4415 sartam
1116 4316 1178 4404 ad·
1202 4309 1336 4406 aliquid
1349 4312 1616 4413 coinquinatam,
1640 4311 1702 4408 nist
1718 4311 1775 4405 qni
1786 4306 1908 4477 scripti
1915 4306 2002 4402 saint

367 4420 566 4521 pellandum
593 4414 691 4515 effet:
731 4419 784 4490 ita
807 4440 929 4512 qaoque
960 4417 995 4488 in
1020 4410 1178 4510 presenti
1203 4408 1468 4488 inliberrim,
1500 4431 1567 4481 non
1584 4410 1688 4506 potest
1707 4408 1880 4503 particen
1902 4406 1930 4481 ri
1948 4388 2003 4499 mi

361 4540 448 4619 ,qna
476 4520 550 4591 ione
564 4503 631 4591 rem
638 4515 678 4612 se
694 4514 812 4589 tradere
831 4514 1044 4609 &siraninus
1057 4514 1175 4583 innuit.
1201 4510 1371 4606 exceptive
1395 4507 1531 4601 arcipi,
1562 4530 1639 4577 nam
1659 4503 1776 4600 sensas
1800 4498 1899 4600 estet,
1932 4502 2002 4575 oii-

363 4619 549 4707 Repeti
574 4617 714 4689 maxima
729 4611 898 4687 diversans
921 4616 1008 4682 inter
1028 4606 1281 4700 proposi-'quos
1314 4606 1545 4703 coinquinatos
1573 4606 1760 4677 intraturos
1794 4603 1829 4674 in
1862 4622 2000 4693 regnum

373 4723 500 4794 tionem
521 4712 645 4787 Christi
667 4725 702 4786 dt
724 4710 845 4782 iacobi.
905 4710 1028 4782 christi
1053 4730 1177 4795 propo·
1204 4700 1284 4778 Dei.
1310 4758 1313 4763 ,
1338 4701 1438 4794 Resp.
1459 4704 1515 4773 ilie
1537 4702 1605 4789 ipsa
1626 4700 1778 4789 exempla
1802 4698 2000 4772 Bellarmino

372 4820 448 4893 ficio
473 4808 619 4902 expresse
649 4809 748 4883 habet
777 4811 921 4878 additam
950 4803 1176 4877 exclusivum:
1200 4796 1431 4887 adversantur,
1462 4797 1732 4872 manifesteenirn
1752 4795 1862 4868 inillis
1879 4798 1927 4891 vis
1942 4802 2001 4883 enj-

362 4914 455 5015 -Qni
477 4930 625 4987 uxorem·
639 4905 829 5002 dimrstrit,
865 4915 1003 4999 excepta
1019 4904 1176 4995 fornico·
1201 4899 1500 4990 ceptioniseiucet3
1527 4894 1686 4994 squidem
1700 4888 1805 4999 sarisas
1819 4893 1998 4983 est,-'quod

372 5005 622 5103 tianisstaasa,
657 5005 846 5080 maritatae.
896 5001 1007 5074 lerobi
1028 5000 1177 5090 proposi·
1202 5020 1330 5070 rantum
1347 4996 1395 5068 iiii
1417 4997 1567 5068 homines
1586 4992 1648 5066 iasa
1672 4991 1754 5072 snt,
1779 4995 1836 5082 qai
1853 5016 1920 5073 oon
1940 4989 2000 5063 in·

373 5118 423 5193 ria
445 5135 516 5195 aaa
535 5106 636 5189 habat
653 5101 852 5185 earlafitam
868 5107 933 5183 lac.
947 5106 1005 5185 IV,-
1022 5110 1076 5199 ιγ’.
1100 5093 1179 5178 Sei·
1201 5098 1346 5290 bugu?
1364 5094 1494 5203 signum
1512 5094 1581 5175 aa
1603 5094 1639 5171 iu
1657 5086 1829 5201 sarnum
1846 5086 2002 5281 &sinii
2036 5174 2039 5181 ¹
