4884 5984
689 529 699 565 ²
754 532 761 541 ·
812 534 816 541 ·
886 512 948 606 oa
999 530 1272 611 cortinam.
1838 562 1887 646 7,

264 739 402 813 veroin
422 735 672 827 tott'scriptura
694 757 854 824 nusquam
868 738 970 806 exllat
988 732 1062 804 talis
1086 735 1319 835 niunronna
1341 731 1505 811 luxuriam
1528 738 1651 822 earnis,
1679 735 1818 818 solitudo
1838 749 1880 819 ad

258 837 454 928 promissio,
492 841 581 926 quod
609 850 646 906 ut
676 833 795 914 fidem,
826 829 943 922 spem.
978 833 1061 903 dile·
1086 836 1259 905 vitandum
1289 832 1522 909 illecebrarum
1548 832 1744 927 aspertum,
1785 848 1879 917 casti-

258 940 434 1020 ciionem,
471 937 650 1007 castitatem
672 943 737 1005 dte.
769 939 861 1004 Deus
886 937 965 1005 dare
988 930 1063 1001 vult
1084 935 1234 1021 gationes
1254 937 1402 1021 corporis
1420 944 1485 1008 dcc.
1510 938 1674 1021 apostolus
1694 942 1784 1014 enim
1806 948 1879 1016 uni·

258 1032 478 1124 petentibus,¹
505 1036 551 1104 ita
573 1054 705 1122 quoque
731 1030 930 1122 virginalem
952 1032 1060 1103 conti·
1083 1056 1159 1100 cum
1191 1030 1273 1103 illud
1299 1036 1485 1106 remedium
1516 1033 1581 1105 illis
1617 1039 1674 1123 qui
1708 1064 1877 1125 uruntur,

258 1133 409 1204 nentium
432 1132 584 1203 omnibus
604 1125 810 1219 promiserit,
842 1131 923 1216 quin
947 1131 1058 1219 potius
1082 1126 1291 1217 prescribit,
1317 1128 1364 1201 tn
1383 1131 1525 1216 nubant,
1555 1158 1594 1205 ac
1609 1132 1732 1211 diserte
1759 1143 1876 1223 docet,

257 1230 351 1303 clare
368 1230 568 1321 pronunciat
588 1227 772 1317 aposlolus,
812 1232 971 1316 quosdam
990 1251 1057 1299 non
1081 1227 1259 1322 quemlibet
1280 1225 1399 1302 babere
1419 1232 1596 1328 proprium
1613 1233 1715 1329 situm
1742 1260 1765 1310 u
1797 1237 1877 1314 Deo

258 1328 434 1415 continere
454 1338 487 1402 dc
508 1330 643 1417 quidem
664 1348 842 1416 propterea
863 1351 930 1399 non
953 1327 1058 1396 conti.
1080 1326 1222 1407 dontio,
1245 1331 1387 1418 proinde
1404 1335 1542 1403 tentatio
1556 1334 1603 1404 est
1617 1340 1803 1411 remedium
1818 1364 1875 1412 or·

256 1451 360 1506 nere,
387 1431 477 1516 quod
499 1429 719 1500 dellituantur
737 1424 795 1496 illo
815 1428 904 1497 dono
922 1422 1057 1514 quibus·
1080 1429 1244 1505 dinarium
1266 1428 1422 1500 divinitus
1446 1429 1678 1521 praescriptum
1701 1441 1877 1529 negligere

256 1528 339 1597 dam
361 1530 519 1596 duntaxat
540 1525 697 1615 proptio,
733 1540 779 1594 ac
791 1523 854 1594 illis
882 1542 1057 1611 non'prte·
1081 1534 1116 1600 δι
1133 1529 1436 1599 'extraordinarium
1457 1532 1583 1601 donum
1601 1529 1667 1602 sure
1687 1535 1876 1621 promissio·

253 1618 395 1709 scribit,
432 1645 469 1693 ut
490 1636 610 1711 petant?¹
627 1624 752 1697 donum
771 1620 854 1693 illud
879 1619 936 1694 fibi
957 1625 1056 1702 deri,
1081 1642 1140 1713 ne,
1169 1622 1237 1697 fine
1260 1628 1453 1706 vocatione,
1477 1625 1544 1700 line
1566 1634 1721 1704 mandato
1741 1657 1875 1723 petere,

255 1716 316 1795 sed
335 1733 376 1819 'ut
396 1719 524 1794 nubant
553 1725 742 1796 iconwl.
757 1745 791 1811 9.
813 1745 851 1791 ac
869 1719 1057 1793 iunioribus
1080 1746 1119 1795 ac
1144 1726 1280 1794 testatur
1306 1727 1509 1815 experientia
1534 1730 1614 1815 quid
1634 1734 1788 1804 remediis
1810 1734 1877 1805 illis

255 1820 447 1893 viduisn'on
460 1814 662 1911 praeseribit‚
678 1839 716 1891 ιιι
729 1846 747 1891 ιι
762 1824 837 1891 Deo
849 1836 965 1917 petent
977 1842 1057 1919 con·
1080 1819 1274 1910 proficiant,
1304 1825 1363 1911 q'ui
1389 1827 1478 1895 dono
1499 1830 1709 1899 continentiae
1729 1833 1878 1905 destituti

247 1920 455 1998 tinentiam,
473 1916 525 1991 sed
539 1929 577 1990 ut
588 1915 717 1990 narboni
733 1920 900 1991 rTim.V.
916 1940 969 2005 ¹4·
989 1922 1055 1990 Re·
1080 1914 1174 2000 sunt,
1196 1923 1419 2004 Hieronymus
1437 1925 1472 1993 in
1489 1948 1605 1997 eremo
1620 1922 1657 1999 se
1669 1929 1880 2013 macerabat,
1909 2010 1916 2017 ,
1939 1936 1945 1965 ’

253 2018 350 2110 gerit
366 2014 582 2089 Bellarminus
604 2040 669 2088 uon
691 2014 852 2111 iti-solunt
880 2018 923 2113 est
937 2013 1056 2111 secun·
1080 2041 1117 2088 ut
1135 2021 1190 2088 vir
1205 2014 1326 2089 ossibus
1347 2018 1507 2103 laaereret,
1527 2026 1614 2097 intus
1635 2048 1745 2100 tamen
1764 2028 1877 2101 libidi-

257 2116 342 2189 dum
375 2112 444 2187 Dei
473 2114 701 2200 uoluntatem,
734 2113 833 2210 -quod
857 2120 899 2213 est
917 2110 1056 2211 ncctffu·
1080 2142 1160 2187 num
1180 2117 1558 2203 incendia-bulliebant,
1594 2147 1631 2195 ut
1656 2125 1724 2217 ipse
1749 2129 1784 2198 in
1803 2129 1877 2217 epi·
1988 2168 1998 2187 x

257 2214 352 2292 rium
373 2211 599 2311 adsalutem,
617 2213 680 2310 sed
703 2213 878 2298 etiamid,
904 2215 992 2308 qnod
1012 2215 1056 2313 est
1079 2213 1161 2285 stola
1190 2219 1231 2285 ad
1261 2213 1412 2288 Eustoch.
1439 2224 1677 2308 conqueritur3
1710 2225 1808 2317 [vide
1830 2225 1870 2297 u.

253 2312 347 2401 psile
364 2310 406 2388 ὃ
422 2312 543 2388 utilius
562 2336 661 2411 quom
685 2310 756 2385 eius
772 2314 972 2408 opposttnm,
998 2335 1055 2384 ne·
1079 2313 1169 2384 milit
1202 2313 1366 2403 exempla.
1391 2315 1426 2384 in
1461 2337 1501 2389 tr.
1531 2324 1573 2391 de
1602 2323 1723 2394 minist.
1755 2320 1872 2399 eccles.

254 2434 321 2511 qut
344 2412 381 2485 fd
402 2410 516 2508 ΝΜ,
540 2413 628 2509 quod
652 2410 723 2509 ipse
753 2413 958 2507 imperauit,
991 2409 1056 2508 sets
1078 2425 1106 2498 §.
1127 2417 1231 2512 ιη]
1260 2415 1348 2483 unde
1375 2414 1476 2487 etiam
1503 2441 1573 2488 oon
1596 2422 1743 2493 contenti
1764 2446 1874 2498 reme·

252 2511 363 2586 etium
394 2513 482 2607 quod
504 2510 648 2610 consulit
683 2508 724 2584 ss
756 2511 913 2585 Muduuil
940 2506 981 2583 ss
1000 2511 1054 2585 cui
1077 2510 1139 2581 diis
1161 2507 1226 2582 illis
1244 2507 1467 2607 spi-ritualibus
1486 2518 1527 2587 td
1549 2518 1736 2608 corporalia
1755 2520 1874 2596 consu·

247 2608 433 2711 premium
458 2615 644 2686 maximum
665 2610 833 2779 prompti,
860 2612 1052 2706 inquorum
1076 2608 1223 2699 giebant.
1272 2611 1440 2702 Origenes
1467 2612 1585 2703 sibiipfi
1608 2615 1730 2690 virilia
1749 2642 1872 2716 ampu-

255 2728 394 2785 numero
408 2715 450 2812 ιβ
470 2711 653 2785 caelibatus.
703 2718 752 2785 lle
770 2735 801 2800 p.
819 2710 913 2779 Nihil
930 2705 1052 2798 potuis·
1077 2706 1191 2794 tubat,
1220 2713 1299 2781 telle
1313 2712 1411 2779 Suida
1424 2711 1458 2781 in
1474 2711 1567 2786 verb.
1583 2718 1668 2806 orig.
1686 2716 1810 2790 lesuitae
1824 2718 1873 2792 ud

251 2807 304 2887 set
330 2808 499 2883 absurdius
523 2838 540 2882 a
564 2813 760 2883 Bellarnaino
787 2812 862 2880 dici.
890 2810 1051 2879 'Donum
1076 2806 1195 2880 nerbas
1226 2806 1267 2881 ss
1297 2806 1539 2881 uredicumento
1565 2809 1766 2886 descendunt
1792 2820 1873 2892 telle

251 2908 470 3000 prophetie,
510 2911 726 3000 linguarum,
776 2902 977 2977 sanationum
1005 2910 1051 2979 est
1077 2901 1282 2979 Hasenmiill.
1302 2909 1335 2976 in
1358 2904 1430 2977 hill.
1452 2912 1522 2978 ord.
1543 2907 1647 2984 iesuit.
1670 2938 1699 2988 c.
1714 2922 1773 2987 Vl.
1813 2919 1870 3010 6.)

250 3008 339 3079 utile
357 3034 393 3079 ac
407 3007 508 3102 longe
525 3011 635 3080 urilius
653 3013 718 3084 eli,
745 3005 808 3076 hoc
828 3014 915 3075 dono
932 3009 1048 3077 instro·
1076 3008 1237 3077 Provocat
1258 3002 1452 3100 adponam
1475 3006 1575 3082 dida.
1625 3008 1727 3102 Resp.
1748 3010 1797 3113 ι.)
1810 3013 1869 3091 ille
1978 3034 1981 3043 '

251 3108 348 3179 stum
371 3105 433 3179 ell'e
454 3134 552 3196 qttam
570 3134 611 3179 eo
632 3110 777 3185 destitui,
806 3110 917 3193 ecquis
939 3129 1048 3177 tamen
1076 3098 1147 3173 suut
1174 3108 1215 3175 ad
1242 3100 1411 3191 scriptura
1433 3131 1586 3182 normam
1608 3106 1781 3202 erigendo.
1805 3112 1869 3213 ι.)

252 3206 369 3278 dicere
400 3205 505 3286 uelit,
544 3232 657 3277 omnes
678 3202 765 3295 poll'c
790 3205 853 3274 hoc
881 3208 1005 3276 donum
1030 3230 1048 3274 a
1072 3197 1146 3274 sunt
1170 3200 1345 3274 diffimilia.
1397 3201 1529 3277 Possunt
1552 3230 1591 3278 ex
1615 3209 1690 3299 ipsas
1716 3212 1868 3301 patribus

252 3307 334 3377 Deo
349 3327 463 3394 petere
477 3315 511 3378 dt
525 3331 585 3395 per
605 3328 719 3394 preces
740 3307 938 3393 impetrare?
964 3308 1048 3373 Fun·
1073 3299 1217 3389 proferri
1244 3300 1320 3373 talia
1342 3303 1453 3382 disis,
1478 3307 1512 3375 in
1532 3304 1650 3392 quibus
1671 3332 1747 3379 cum
1766 3309 1868 3382 Chri·

251 3404 293 3496 gi
314 3401 530 3477 eccleliallico
547 3406 728 3475 ministerio
752 3412 785 3475 dt
810 3400 975 3490 populum
997 3400 1046 3471 in·
1072 3400 1119 3469 llo
1142 3409 1178 3471 dr
1201 3398 1303 3472 Paulo
1324 3395 1467 3471 sentiunt
1490 3427 1528 3474 ac
1546 3403 1745 3490 loquuntur,
1775 3412 1867 3494 quod

249 3506 382 3575 slruere
402 3504 448 3574 esl
468 3501 548 3574 utile
568 3528 606 3574 ac
628 3501 729 3593 longe
744 3503 872 3586 utilius,
896 3524 995 3589 quam
1012 3502 1047 3570 in
1073 3496 1244 3588 virginalis
1264 3500 1474 3570 continentiae
1493 3506 1617 3575 donum
1639 3502 1677 3574 sat
1697 3506 1868 3594 peculiare

247 3600 323 3674 vita
355 3604 482 3688 privata
501 3604 661 3692 degere,
701 3621 734 3670 at
760 3625 840 3671 num
867 3597 1047 3687 propteret'
1071 3620 1109 3667 ac
1132 3599 1309 3688 proprium
1333 3621 1533 3685 paucorum,
1563 3600 1683 3689 quibus
1704 3602 1786 3679 illud
1806 3610 1865 3683 dn·

247 3722 369 3773 omnes
394 3701 514 3791 privati
530 3722 593 3788 per
610 3723 725 3786 preces
743 3726 762 3771 a
777 3704 850 3770 Deo
865 3700 1046 3787 impetrare
1071 3716 1154 3767 tum.
1176 3701 1227 3787 3.)
1246 3694 1443 3799 Tertullian.
1458 3700 1494 3769 in
1512 3696 1569 3770 lib.
1584 3703 1625 3775 de
1638 3728 1776 3796 monog.
1792 3708 1863 3796 pri.

247 3794 411 3890 posunt,
449 3820 487 3869 ut
519 3797 661 3869 eccleliae
700 3802 853 3869 doctores
880 3799 1044 3869 evadant?
1070 3818 1163 3864 mum
1186 3793 1328 3882 protulit
1348 3794 1433 3866 hauc
1447 3796 1712 3886 explicationem.
1741 3801 1863 3903 Elige,

247 3898 424 3971 Nimirum
455 3901 662 3969 vocationem
692 3890 781 3968 suam
815 3892 956 3982 quilibet
991 3894 1046 3965 bic
1068 3893 1157 3988 quod
1183 3890 1348 3965 bononie
1388 3943 1400 3975 t
1426 3893 1545 3993 finon
1566 3908 1679 3995 20⁰le
1711 3904 1864 4001 estquia

246 3991 416 4085 respicere
436 3995 561 4076 debet,
593 4018 692 4084 atque
710 4019 748 4066 ea
772 4019 790 4066 ι
812 3997 889 4065 Deo
911 4015 1044 4082 petere,
1070 4012 1135 4063 non
1156 3992 1245 4066 vi5.²
1273 3989 1325 4088 Pu
1353 3993 1476 4065 renim
1491 3996 1525 4095 st
1544 3992 1653 4085 velis,
1694 4001 1864 4098 ostendi,

247 4119 325 4185 que
354 4093 415 4166 sue
447 4098 610 4166 vocationi
638 4089 810 4165 necessaria
830 4094 938 4172 videt,
972 4114 1043 4162 tum
1069 4092 1148 4187 quio
1167 4103 1225 4163 tuo
1244 4092 1389 4165 arbitrio
1409 4104 1580 4191 utrumque
1600 4096 1746 4193 reliquit.
1797 4105 1862 4176 Sed

246 4200 387 4266 demum
412 4216 536 4267 certam
564 4195 782 4263 exauditionis
814 4187 906 4280 spem
934 4192 1044 4261 conci·
1068 4193 1183 4262 didicit
1202 4217 1276 4264 eam
1298 4217 1316 4262 t
1336 4194 1460 4280 Spiritu
1478 4199 1732 4284 Montanillico‚
1757 4199 1799 4275 ab
1819 4200 1862 4275 il·

244 4316 333 4384 pere
360 4294 494 4381 poterit.
544 4294 609 4366 Sed
628 4294 685 4382 qui
711 4292 921 4360 continenti:
955 4294 1044 4359 dono
1069 4286 1105 4360 lo
1129 4286 1170 4362 sc.
1201 4289 1390 4371 Paracleto,
1423 4293 1480 4377 qui
1502 4289 1657 4367 secundas
1676 4300 1775 4370 etitn
1796 4326 1861 4377 nu.

246 4386 317 4464 sese
335 4393 505 4463 destitutos
520 4393 806 4466 animadvertunt,
831 4387 877 4457 illi
900 4410 968 4458 non
986 4412 1043 4457 vo·
1068 4390 1152 4476 ptias
1172 4392 1371 4460 damnandas
1391 4387 1455 4460 else
1476 4393 1598 4465 docuit.
1651 4400 1710 4488 4.)
1735 4401 1865 4492 Orige-
1900 4452 1906 4461 -
1946 4470 1950 4475 .

246 4512 369 4561 eantur
390 4492 431 4560 ad
453 4488 666 4574 coelibatum,
694 4513 755 4559 nec
775 4492 866 4559 Deus
879 4484 944 4557 illis
963 4510 1041 4556 con·
1068 4512 1126 4557 ncs
1148 4489 1345 4558 existimavit
1366 4487 1488 4559 donum
1505 4488 1567 4560 stoc
1585 4491 1737 4569 omnibus
1751 4509 1864 4593 peten-

246 4586 352 4661 suluit
377 4584 588 4675 c‘oelibatunr,
624 4584 679 4659 sed
699 4610 762 4677 per
781 4585 924 4657 eleslum
949 4583 1043 4656 suum
1068 4583 1158 4658 tibus
1180 4586 1278 4666 duri,
1305 4582 1360 4657 sed
1382 4584 1486 4676 reipsa
1509 4590 1698 4682 intelligens
1718 4592 1782 4668 else
1801 4622 1863 4687 pe-

244 4704 414 4779 orgdnum
436 4684 524 4759 Paul.
540 4686 751 4758 ¹uoluntatem
774 4680 862 4755 suam
879 4681 921 4755 stc
941 4706 1043 4771 expo·
1067 4684 1190 4756 culiare
1219 4710 1257 4756 ac
1284 4686 1484 4772 particulare
1512 4688 1553 4757 ad
1581 4690 1760 4765 violentem
1786 4720 1862 4769 cor·

245 4772 312 4864 nit.
371 4781 440 4882 Qui
461 4809 526 4857 non
547 4787 732 4868 continent,
764 4781 902 4856 nubunt.
956 4779 1044 4855 Pro·
1067 4784 1157 4871 potis
1189 4781 1352 4855 lesionem
1380 4779 1558 4856 descendit.
1633 4792 1692 4878 5.)
1725 4792 1862 4884 Reliqui
1971 4814 1978 4831 ²

243 4898 326 4988 pler
329 4885 593 4980 fornicationem
603 4883 1042 4977 habrotonusquisquetxo·
1069 4880 1137 4953 hoe
1159 4884 1293 4969 dicunt,
1322 4887 1411 4970 quod
1431 4882 1552 4953 donum
1573 4888 1865 4965 continentiae'de·
2005 4914 2015 4927 ·

246 5010 328 5063 rem·
336 4982 449 5079 suum.
497 4987 623 5055 Frustra
642 4985 745 5075 igitur
768 4981 822 5053 hic
841 4985 883 5053 de
902 4979 973 5051 aliis
992 5005 1044 5052 re·
1069 4989 1125 5052 tur
1156 5003 1223 5051 non
1249 4981 1369 5053 inuitis
1393 4976 1435 5054 ss
1455 4981 1593 5081 otiofis,
1633 4982 1699 5078 sed
1719 5011 1866 5082 quarm.

245 5086 368 5159 mediis
395 5084 555 5175 cogitatio
586 5076 782 5172 suscipitur,
819 5079 926 5167 qualia
954 5074 1044 5161 sunt,
1069 5077 1179 5166 ribus,
1204 5078 1412 5174 petentibus,
1437 5080 1705 5157 contendentibus
1727 5084 1795 5160 &a
1812 5113 1864 5165 aa.

248 5185 374 5299 oratio
388 5204 506 5260 contra
529 5178 752 5279 suggestiones
778 5176 931 5266 diaboli,
961 5178 1046 5255 ieiu-
1068 5179 1127 5273 qui
1153 5201 1194 5258 ex
1218 5202 1261 5257 to
1283 5174 1403 5259 inserti
1424 5181 1567 5275 utqui,
1599 5187 1689 5276 quod
1710 5186 1869 5267 omnibus

273 5318 275 5323 ·
326 5312 329 5319 ’
1364 5323 1371 5333 ’
1745 5308 1867 5385 vm:
