4884 5984
401 520 475 600 ³⁷0
607 499 761 576 uocis
777 498 905 572 xxvi.
942 496 1101 572 cinti.
1136 498 1316 571 ιιιιιιιι.
1334 496 1379 570 it.
1420 494 1607 586 iunii.
1628 493 1802 570 nausii.
1880 599 1882 604 Ι

403 699 534 778 statuit,
557 717 685 789 raptam
715 695 815 771 etiam
839 696 913 785 post
939 694 1094 784 copulam
1119 692 1202 768 libe-
1226 691 1357 778 licium,
1381 702 1416 768 δι
1441 717 1575 783 pinnam
1597 689 1787 783 raptoribus
1817 688 2033 762 constitution

402 823 475 870 rain
497 792 560 870 esse
581 795 893 887 pronunciandam,
926 791 985 865 nisi
1012 789 1203 884 persuaderi
1225 794 1412 866 executioni
1432 797 1513 888 date
1528 790 1660 877 jubeat,
1679 814 1748 878 ¹nori
1774 790 1839 861 erit
1860 810 1949 876 opus
1973 783 2036 862 ille·

400 892 518 986 possit,
541 913 578 965 ut
596 894 724 983 raptori
738 894 925 971 condonet,
946 892 1122 981 eidemque
1145 916 1201 964 co·
1224 893 1412 980 questione.
1491 891 1567 960 Vid.
1609 894 1743 962 Petrum
1776 893 1966 970 Mirnren
1992 885 2030 957 in

398 991 537 1066 habitet.
590 994 693 1085 Quod
721 985 829 1079 ipsum
859 991 960 1062 etiam
986 994 1029 1065 de
1053 992 1200 1081 parenti·
1224 1015 1345 1064 comm.
1371 1014 1445 1082 cap.
1460 985 1552 1058 XXI.
1569 991 1677 1078 Judic.
1702 989 1866 1058 Beuslium
1890 1001 1977 1072 part.
2000 986 2027 1056 i.

399 1091 461 1164 bus
487 1112 589 1180 rapte
617 1088 897 1180 intelligendum,
929 1088 1083 1162 videlicet
1108 1091 1198 1177 quod
1211 1092 1265 1166 ,de
1285 1084 1390 1179 spons.
1406 1113 1478 1179 cap.
1494 1085 1655 1159 XXXIX.
1669 1083 1875 1157 Molritdium
1890 1083 1934 1176 de
1956 1104 2026 1153 nie·

400 1185 540 1260 dissensu
558 1183 616 1259 suo
639 1187 886 1259 matrimonium
903 1185 987 1258 illud
1001 1187 1136 1258 irritum
1149 1184 1197 1258 fa-
1222 1190 1311 1260 trim.
1329 1212 1364 1276 p.
1385 1210 1459 1278 ¹27·
1484 1183 1742 1256 Harbertiimde
1760 1187 2022 1273 conjugp.263.

399 1310 476 1359 cere
498 1283 637 1373 possint,
668 1282 691 1354 fi
719 1281 773 1356 vel
792 1288 935 1356 maxime
970 1286 1121 1373 stuprum
1146 1286 1198 1355 in·
1221 1292 1439 1359 Mentzerum
1456 1286 1497 1357 de
1512 1292 1646 1375 conjug.
1664 1310 1699 1375 p.
1723 1307 1800 1379 ¹55·
1815 1289 1850 1356 dc
1865 1277 2019 1366 huncin

398 1379 587 1461 inceffmt.
641 1383 674 1456 Si
691 1382 899 1474 magistratus
921 1379 1016 1458 suum
1032 1379 1131 1458 sudat
1145 1378 1198 1457 of·
1221 1380 1292 1457 suin
1309 1389 1485 1458 tridentum
1504 1387 1531 1473 §.
1552 1405 1629 1459 120.

1045 1580 1083 1658 P
1101 1580 1143 1656 A
1169 1579 1263 1658 RS
1308 1580 1368 1659 ΙΙ.
1626 1644 1628 1648 .
1815 1653 1817 1658 .

617 1734 679 1803 DE
730 1730 1034 1803 DISPARITATE
1083 1730 1445 1803 MATRIMONIVM
1495 1724 1789 1801 IMPEDlENTE.

1029 1861 1375 1967 §.ccclxxxvii
1860 1933 1867 1942 .
1933 1937 1953 1942 ..

492 1999 629 2089 ligimus
640 1994 797 2069 hedenus
809 1998 851 2068 de
861 1993 1114 2090 propinquitate
1122 2016 1193 2066 tum
1218 1975 1370 2070 infideles
1385 1997 1522 2085 proprie
1535 1993 1691 2066 dicuntur
1708 2012 1824 2063 omnes
1835 2036 1848 2072 ‚
1873 1990 1934 2080 qui
1945 1982 2011 2062 sunt

393 2093 611 2211 harpiarum
630 2094 816 2193 inlioriejla,
839 2118 882 2165 ιιι
898 2102 934 2164 &
949 2116 1109 2179 quatenus
1123 2117 1194 2165 nia·
1217 2116 1308 2165 extra
1328 2093 1496 2168 ecclesiam
1509 2090 1703 2164 sacramenti
1721 2089 1885 2177 baptistici
1898 2109 2010 2178 expet·

250 2247 254 2252 -
388 2215 549 2267 trimonio
566 2214 733 2266 certarum
747 2187 962 2282 personarum
973 2193 1194 2283 impedimen·
1217 2214 1287 2273 trs,
1302 2217 1349 2265 iit
1368 2193 1514 2286 pagani,
1545 2196 1688 2273 Tureae,
1719 2190 1853 2280 Judici,
1892 2181 2011 2274 quiin

647 2313 719 2362 cum
750 2288 909 2377 objiciutr
942 2291 1062 2376 astat,
1093 2311 1129 2359 ut
1149 2291 1192 2361 de
1216 2311 1285 2361 tota
1305 2290 1467 2383 religione
1487 2284 1934 2360 dissentiunteChrilliaiiis:
1950 2278 2010 2352 he·

392 2382 443 2448 D‘
464 2383 597 2467 itijfparr'-
647 2386 849 2483 disparitate
883 2385 1035 2477 legitimo
1077 2390 1189 2458 matri·
1215 2392 1311 2462 retici
1329 2386 1429 2469 sunt,
1462 2390 1519 2477 qui
1543 2410 1604 2474 per
1638 2379 1839 2472 baptismum
1870 2375 2010 2454 eeclefie

389 2468 598 2603 &gamm
649 2489 763 2558 monio
782 2483 1076 2572 adversaigninus.
1114 2481 1190 2556 Dis·
1213 2490 1306 2574 prius
1337 2482 1467 2571 inserti,
1501 2482 1556 2557 sed
1581 2488 1615 2552 in
1636 2480 1773 2553 haeresin
1803 2480 2009 2570 postmodum

314 2648 322 2677 „
416 2619 563 2701 ugiente·
646 2587 768 2674 paritas
801 2581 858 2653 illa
885 2582 1013 2654 ratione
1050 2582 1190 2671 triplicis
1212 2584 1357 2671 prolapsi
1373 2587 1407 2656 in
1422 2585 1528 2672 aliqui
1548 2587 1706 2654 duntaxat
1725 2577 1898 2670 religionis
1918 2591 2008 2666 parts

647 2683 779 2773 generis
794 2680 960 2751 bonorum
979 2681 1099 2764 animi,
1114 2705 1188 2752 eor.
1212 2706 1231 2752 a
1254 2680 1447 2755 Christianis
1471 2678 1635 2754 dissident.
1697 2683 1745 2767 3.)
1771 2676 1932 2749 Haeretici
1955 2674 2005 2762 [iu

389 2779 481 2867 poris
498 2785 533 2851 dc
551 2775 694 2852 fortunar
714 2779 821 2866 potest
840 2776 962 2866 triplex
988 2779 1104 2849 statui:
1142 2787 1190 2865 i.)
1214 2780 1422 2869 generaliore
1441 2777 1677 2870 significatione
1701 2774 1744 2847 fic
1767 2776 1869 2872 aisti]
1894 2773 1931 2843 in
1953 2773 2006 2844 dis·

255 2881 259 2886 ’
390 2873 568 2972 religionis
592 2872 633 2949 si
653 2875 778 2960 cultris,
809 2875 862 2969 2.)
887 2874 1015 2960 issatis,
1054 2885 1100 2967 3.)
1117 2879 1187 2975 sta.
1213 2875 1293 2968 plici
1313 2874 1387 2950 sunt
1409 2876 1612 2960 differentia,
1638 2878 1772 2963 quidam
1792 2874 1884 2946 enim
1902 2866 2004 2966 ipsis!
2046 2925 2048 2962 ἱ

592 3037 600 3043 ,.
651 2985 704 3048 tus
725 2971 765 3048 si
794 2972 1009 3048 conditionis.
1069 2973 1113 3058 l.)
1133 2981 1188 3049 De
1211 2974 1390 3071 religionis
1403 2976 1663 3071 fundamentum
1683 2992 1858 3056 evertunt,
1875 2971 2003 3057 quidam
2025 2991 2048 3072 ’1

397 3089 525 3178 mitti
547 3093 591 3151 io-
645 3072 823 3168 seligi‘onis
850 3094 890 3142 ac
920 3070 1029 3145 cultris
1048 3070 1186 3161 dispari·
1208 3094 1339 3148 retento
1367 3074 1584 3148 fundamento
1620 3072 1798 3169 quamdam
1829 3064 2004 3162 religionis
2044 3077 2048 3184 j

385 3167 503 3234 nisisi
535 3177 593 3264 2²⁴ss
645 3193 712 3244 tate
729 3166 889 3259 pontificii
905 3171 1066 3254 statuunt,
1091 3175 1182 3259 quod
1203 3184 1336 3267 partein
1364 3176 1573 3265 impugnant.
1640 3175 1699 3264 4.)
1726 3169 2002 3259 Distinguendum
2030 3205 2048 3266 ‚¹5

640 3268 678 3340 sit
697 3271 975 3356 impedimentum
993 3293 1059 3339 non
1076 3264 1181 3342 solum
1206 3274 1292 3343 inter
1322 3271 1491 3346 hereticos
1523 3272 1712 3364 pertinaces
1734 3271 1769 3343 δι
1796 3272 1885 3338 inter
1913 3263 2001 3336 sedu-

383 3364 649 3440 contrahendum
681 3366 930 3438 matrimonium
967 3368 1150 3453 impediens
1170 3423 1181 3453 ,
1205 3372 1275 3439 clos
1291 3368 1402 3443 doceri
1419 3381 1572 3465 paratos.
1627 3373 1678 3460 5.)
1697 3377 1786 3439 lnter
1798 3362 1950 3436 infideles
1965 3358 1998 3434 fi·

381 3463 551 3538 sedetiam
572 3469 780 3538 contraitum
801 3461 985 3536 dissolvens.
1004 3468 1074 3534 Nos
1088 3468 1179 3553 prius
1205 3492 1246 3537 ve
1264 3464 1436 3540 hereticos
1457 3492 1564 3541 iiiases
1581 3468 1755 3550 ducentes,
1779 3474 1815 3538 dc
1834 3463 1998 3533 haeretic&

380 3566 615 3648 concedimus,
641 3563 774 3653 adjetiis
795 3582 907 3632 tamen
925 3564 1023 3633 certis
1043 3562 1178 3648 quibus·
1195 3564 1369 3656 foeminas
1397 3566 1568 3639 nubentes.
1637 3565 1801 3667 Quamvis
1825 3563 1931 3651 igitur
1951 3580 1997 3629 tu·

379 3665 456 3733 dani
473 3660 742 3743 limitationibus,
763 3660 923 3749 posterius
936 3684 1106 3749 negamus.
1126 3667 1178 3732 Ut
1202 3659 1385 3744 tissimum,
1410 3667 1576 3753 optimum
1593 3690 1631 3737 ac
1650 3657 1924 3736 consultissimum
1943 3659 1998 3726 du·

379 3783 433 3832 res
449 3779 517 3828 tota
533 3756 571 3827 sit
589 3760 792 3840 evidentior,
818 3755 1077 3828 examinabimus
1097 3783 1178 3842 qua·
1200 3783 1322 3846 camus,
1339 3784 1375 3833 ut
1389 3765 1601 3835 matrimonio
1615 3761 1815 3853 copulentur
1827 3756 1910 3828 tales
1924 3773 1997 3844 pes·

268 3901 274 3910 -
378 3876 456 3925 tuor
474 3852 546 3924 illas
565 3854 825 3943 propositiones,
854 3878 932 3938 quas
960 3853 1175 3926 Bellarminus
1200 3853 1310 3944 sone,
1336 3862 1463 3949 quein
1485 3887 1562 3933 vera
1583 3887 1668 3933 verae
1692 3858 1863 3948 religionis
1885 3853 1996 3943 cogni-

375 3949 433 4022 lib.
448 3954 491 4023 de
506 3956 694 4024 matrimoo.
716 3976 789 4039 cap.
812 3949 940 4022 xxiii.
964 3956 1006 4023 de
1031 3950 1093 4022 hoc
1113 3955 1175 4023 ini·
1200 3959 1289 4027 tione
1310 3967 1345 4030 δι
1370 3956 1570 4047 professione
1594 3961 1737 4030 invicem
1764 3950 1971 4026 consentiunt
1986 3993 2015 4026 a·

373 4052 567 4137 pediiiiento
595 4048 727 4121 format.
790 4048 972 4136 Propositio
995 4050 1108 4143 priora
1130 4049 1173 4122 fic
1198 4075 1234 4122 ut
1263 4078 1330 4127 uno
1358 4079 1417 4126 ore
1446 4060 1601 4128 &corde
1628 4080 1744 4128 veruna
1769 4057 1881 4123 Deum
1909 4057 1995 4137 tuiis

371 4145 490 4220 habet:
510 4144 590 4220 Nori
612 4147 689 4219 licet
701 4143 863 4244 fidelibus
877 4171 948 4218 cum
970 4144 1171 4243 infidelibus,
1197 4147 1427 4239 prescriptum
1445 4154 1539 4224 verbi
1560 4152 1698 4224 coelestis
1714 4155 1871 4222 inuocare
1885 4157 1921 4222 δι
1943 4167 1995 4217 co·

374 4258 436 4319 aut
454 4247 555 4318 stiam
573 4246 736 4319 liaerrti'cis
756 4245 973 4317 niatrimotiia
999 4245 1171 4317 coiitralie·
1195 4245 1265 4318 lere
1295 4248 1440 4335 possint,
1473 4254 1506 4321 id
1528 4254 1618 4338 quod
1646 4253 1679 4320 in
1704 4247 1850 4337 sequenti
1877 4255 1907 4332 ς.
1932 4241 1995 4315 late

266 4361 273 4370 “
370 4369 415 4419 rr.
465 4349 565 4420 Circa
597 4344 680 4415 hanc
723 4342 984 4430 propositionem
1020 4348 1171 4416 notandae
1194 4345 1431 4431 probabimusi
1460 4346 1608 4421 tamensi
1628 4330 1767 4435 persona
1783 4342 1925 4416 infidelis
1942 4335 2002 4412 ael-

367 4440 444 4514 sunt
453 4436 623 4529 sequentes
633 4444 878 4513 dissinstiones:
909 4451 950 4532 ι.)
962 4444 1170 4533 Coniugium
1193 4441 1346 4515 heretica
1367 4470 1432 4517 non
1451 4446 1489 4517 fit
1511 4444 1606 4518 siuiul
1626 4439 1819 4535 blasphema
1836 4452 1871 4517 δι
1890 4439 1994 4530 perti·

366 4544 530 4628 ejusmodi
544 4539 671 4627 duplici
689 4534 1003 4627 respediuillicitum
1016 4541 1080 4609 dici
1092 4561 1168 4629 pot·
1193 4565 1274 4620 nar,
1298 4538 1354 4614 sed
1367 4538 1458 4632 spem
1471 4542 1570 4616 faciat
1582 4543 1801 4616 canuerfionis
1819 4564 1906 4629 pene
1921 4562 1994 4612 cei·

365 4639 437 4732 est,
460 4635 514 4707 vel
533 4640 622 4724 quod
648 4637 831 4707 contradui
847 4635 1011 4728 conjugali
1031 4634 1084 4707 sua
1100 4663 1168 4710 non
1192 4660 1259 4709 tam
1275 4683 1288 4724 ·,
1313 4662 1384 4712 tum
1414 4640 1436 4711 si
1460 4642 1563 4714 altera
1584 4667 1660 4730 pars
1682 4619 1854 4714 &stiunt
1881 4647 1917 4711 δι
1939 4661 1994 4708 ur·

363 4734 489 4806 constet
509 4730 675 4820 firmitas,
709 4732 763 4805 vel
786 4736 876 4820 quod
900 4732 1167 4808 contrahentium
1192 4734 1335 4809 thodoxa
1371 4738 1541 4832 religionis
1572 4742 1753 4811 christiane
1775 4737 1998 4810 fundamenta·

362 4832 481 4923 pietati
509 4840 544 4904 δι
578 4832 711 4904 utilitati
736 4830 818 4903 illud
844 4828 1050 4911 adversetur.
1103 4837 1165 4907 Po·
1190 4834 1298 4922 probe
1316 4856 1448 4917 teneat,
1470 4861 1534 4910 nee
1551 4835 1739 4927 periculum
1767 4835 1805 4907 lit
1826 4832 1994 4909 seductio·

359 4931 489 5003 steriori
506 4932 606 5003 modo
627 4933 660 5005 id
681 4930 836 5002 illicitum
856 4925 921 5002 etse
941 4932 1163 5017 concedimus,
1189 4934 1240 5001 nis
1258 4958 1297 5004 ac
1317 4931 1552 5023 persuasoris,
1578 4935 1727 5024 permitti
1748 4929 1854 5023 pulset
1874 4936 1996 5007 matri·

357 5030 465 5122 priori
489 5053 659 5121 negamus.
698 5025 752 5122 2.)
772 5028 1052 5118 Distinguendum
1077 5032 1165 5102 inter
1189 5032 1358 5117 monium,
1377 5031 1559 5121 prasertim
1576 5033 1599 5104 [ι
1616 5034 1753 5105 maritus
1772 5033 1809 5104 sit
1827 5032 1995 5110 Christic-

245 5223 251 5234 ἱ
353 5125 524 5227 infideles,
553 5128 693 5224 proprie
713 5125 757 5196 se
773 5123 878 5222 dicius
887 5177 900 5220 ,
926 5137 962 5205 δι
980 5127 1162 5216 laessticss.
1188 5138 1300 5203 nus&
1316 5129 1534 5216 aidiodoxus,
1560 5132 1614 5203 eui
1632 5133 1668 5205 in
1685 5128 1859 5206 tonnam
1871 5130 1997 5209 infide·

1922 5232 1997 5312 lem
