4884 5984
533 491 601 580 nt
929 489 1076 564 cocus
1100 490 1225 562 xxut
1276 481 1438 559 etrus
1463 490 1506 557 ιι.
1556 488 1679 563 secr.
1703 492 1749 563 u

532 680 568 754 in
585 685 627 756 C.
645 691 681 758 de
705 682 787 776 aig.
810 703 872 757 tot.
890 686 943 758 tit.
961 692 1005 765 de
1022 684 1198 761 concubia.
1217 680 1338 771 quibus
1361 680 1452 754 Nou.
1461 684 1587 756 XCIX.
1605 680 1709 758 Ntlril
1722 682 2014 760 intercalibalusn
2033 678 2077 760 f!
2090 701 2162 758 ru·

532 781 576 854 ed
597 785 750 856 evitandi
771 787 895 857 maiora
920 789 1006 860 mals
1031 786 1338 874 constuprationem
1362 780 1579 869 trimodiam,
1611 782 1699 880 quod
1722 782 1913 878 reprebendi
1934 806 2002 856 nort
2027 781 2161 871 debeat,

460 947 470 964 „
523 889 571 953 dc
588 879 742 953 edulterii
757 907 834 954 eum
857 910 926 958 non
949 891 1085 978 quidem
1105 885 1259 976 probati,
1284 879 1338 952 led
1363 879 1507 952 medium
1525 881 1687 957 invenias.
1723 880 1927 980 Coniugalis
1941 884 2025 956 uitet
2038 880 2161 982 desde-

533 979 671 1051 tolerati
689 976 831 1054 censent.
886 989 1117 1058 Deeoautern
1133 981 1338 1072 disquirunt,
1363 978 1416 1052 rio
1441 976 1588 1052 teneris?
1619 982 1770 1077 coniugii
1792 981 1881 1077 leger
1902 979 2017 1079 serves
2049 973 2164 1073 merse

533 1103 576 1150 en
589 1076 770 1150 novilinnis
784 1082 1338 1166 lastinianicooliitutionibuscon·
1362 1079 1417 1247 es.
1442 1072 1637 1173 Displicent
1656 1081 1868 1154 matrimonii
1883 1074 2070 1181 molesiiae?
2094 1063 2167 1154 Ca·

535 1177 710 1248 cubinatus
734 1178 773 1250 stt
797 1180 1003 1269 prohibitus?
1053 1182 1228 1256 Albericus
1250 1183 1340 1249 Gen·
1379 1176 1433 1247 ebs
1449 1176 1567 1257 ulvas,
1595 1203 1691 1274 neque
1709 1180 1962 1253 matrimonium
1979 1175 2164 1256 adulteres,

538 1277 606 1348 tilis
634 1274 709 1378 libs.
733 1285 758 1350 1.
785 1284 826 1352 de
846 1283 971 1370 nuptiis
989 1304 1064 1370 ean.
1082 1287 1121 1354 V.
1147 1283 1182 1353 id
1201 1273 1340 1358 adserit,
1365 1296 1470 1370 nequa
1480 1274 1579 1372 salso
1593 1278 1768 1353 calibator
1786 1275 2066 1372 nomineculpam
2082 1295 2173 1373 pre·

536 1398 602 1464 pro
626 1397 691 1462 qua
711 1373 870 1451 sententie
901 1379 1093 1453 liubilienda
1119 1375 1253 1469 quidun
1280 1375 1339 1448 ad·
1366 1384 1477 1447 texos.
1540 1376 1706 1468 Quamuis
1723 1400 1841 1451 eutem
1867 1379 1987 1450 Leonis
2013 1374 2172 1450 coaltita·

537 1477 665 1546 ducunt
686 1476 810 1549 novell.
830 1480 943 1552 dultin.
962 1487 1019 1552 vt.
1034 1501 1064 1550 c.
1081 1485 1108 1550 l.
1124 1488 1153 1568 t.
1170 1503 1198 1565 3.
1216 1467 1342 1548 novell.
1367 1475 1471 1546 tiones
1500 1497 1563 1564 pet
1590 1471 1622 1547 se
1650 1500 1718 1548 non
1746 1475 1890 1550 babeant
1909 1475 1991 1546 iuris
2015 1474 2174 1546 autorita-

543 1592 622 1662 ιιι.
639 1597 668 1644 c.
687 1580 712 1647 1.
730 1576 765 1644 in
784 1578 891 1664 princ.
912 1571 1342 1670 &,e.X11.ubiepiscopis
1366 1595 1452 1656 tem,
1478 1596 1539 1645 nee
1560 1575 1629 1646 uim
1646 1573 1831 1666 abrogandi
1850 1574 2061 1646 iustinianeat
2081 1570 2174 1662 leges

537 1677 575 1743 bt
595 1668 724 1743 clericis
743 1673 965 1747 concubinatu
988 1677 1208 1750 interdicitur.
1279 1671 1343 1740 Sed
1366 1670 1557 1756 obtineant,
1575 1695 1685 1744 tamen
1698 1696 1774 1743 cum
1782 1671 1862 1742 inec
1878 1665 1947 1760 ipsa
1960 1670 2082 1742 Leonis
2095 1693 2175 1740 con·

537 1790 578 1840 et
601 1791 662 1851 eo,
692 1775 785 1860 quod
813 1771 942 1844 clericis
964 1775 999 1843 in
1012 1769 1123 1867 speeie
1150 1767 1345 1848 concubine,
1367 1768 1492 1858 {titutio
1513 1765 1609 1840 sacris
1631 1769 1755 1885 literis,
1782 1771 1919 1859 pietati,
1947 1767 2112 1840 honestati
2139 1774 2174 1839 de

537 1867 785 1958 probibentur,
821 1894 1029 1960 nequaquam
1060 1868 1177 1943 inferri
1205 1867 1344 1959 potest.
1368 1867 1464 1937 bonis
1483 1865 1633 1939 moribus
1655 1892 1760 1958 magus
1780 1890 1928 1959 congrua
1947 1861 2003 1950 fit,
2031 1863 2176 1936 iotha?-

537 1968 628 2060 quod
664 1969 858 2040 lastinianus
885 1972 918 2040 in
948 1980 1124 2064 genere&
1152 1964 1344 2040 omnimode
1369 1967 1468 2036 diana
1496 1963 1670 2049 republica
1697 1968 1878 2058 repudietis
1908 1983 2064 2038 ueterum
2097 1982 2176 2034 con-

538 2061 800 2162 c'onoubinatunt
817 2062 990 2141 sustulerit.
1027 2067 1116 2141 Alias
1131 2068 1204 2154 pari
1217 2066 1344 2135 ratione
1370 2059 1591 2144 ditationibus
1606 2065 1729 2138 merita
1747 2059 1956 2138 obsecratur.

540 2159 658 2254 inferri
679 2161 803 2251 poli'et,
835 2167 1056 2236 aluliiniano
1075 2162 1261 2252 prohibitas
1281 2153 1344 2231 elle
1729 2180 1733 2191 ·
1864 2209 1873 2226 -.
1915 2243 1918 2250 Ι

540 2251 708 2331 l'ecundas'
723 2263 874 2350 nuptias,
899 2287 975 2334 cuns
995 2265 1028 2334 io
1050 2258 1244 2353 episcopum
1263 2255 1344 2346 eligi
1468 2267 1495 2349 §.
1521 2264 1660 2334 Dtvtt.
1698 2264 1734 2335 ln
1765 2264 1838 2335 iure
1854 2284 1911 2333 ca·

541 2349 753 2446 ueteteum,
786 2362 995 2448 qutividustn
1017 2362 1205 2431 inuxorom
1231 2358 1343 2446 duxit,
1370 2355 1487 2427 rrouieo
1534 2358 1662 2431 diversa
1707 2364 1831 2432 exstant
1872 2363 1914 2431 de
1967 2343 2006 2412 1²¹
2033 2350 2102 2442 fur!
2126 2365 2175 2414 Μ·

542 2461 784 2545 nou.Vl.cap.
804 2465 829 2528 1.
853 2482 891 2528 ac
909 2462 1000 2544 qttod
1018 2455 1117 2546 ipius
1138 2479 1271 2544 quoque
1292 2461 1343 2522 lu·
1369 2455 1562 2526 concubinis
1595 2459 1739 2528 decreto.
1773 2488 1775 2491 ·
1806 2460 1915 2550 Quae.
2014 2447 2130 2492 mm·

543 2553 674 2625 liiniani
708 2555 992 2628 cotrltitutionibus
1031 2551 1202 2642 permititis
1237 2550 1345 2624 adhuc
1368 2558 1445 2622 dant
1471 2556 1559 2625 enim
1586 2578 1639 2626 eas
1666 2556 1700 2624 in
1725 2550 1916 2628 universum

544 2647 647 2723 fuerit
670 2652 932 2734 concubinatus,
971 2653 1061 2724 haud
1091 2647 1230 2722 obscure
1251 2648 1342 2720 colli·
1371 2652 1525 2721 videntur
1553 2649 1746 2742 prohibere.
1788 2681 1817 2726 c.
1862 2650 1995 2725 Audite
2024 2644 2101 2730 &a
2129 2647 2178 2720 di·

543 2751 637 2844 gitur
670 2773 718 2822 ex.
741 2759 911 2842 nonxls.
943 2776 1015 2840 cap.
1039 2756 1094 2820 tv.
1126 2753 1343 2821 nov.XVlll.
1370 2749 1476 2819 diruti.
1518 2774 1573 2843 34.
1611 2774 1652 2818 ex
1685 2752 1871 2844 Augustino
1906 2746 2024 2822 homil.
2057 2751 2177 2822 xtut

544 2872 617 2936 cap.
633 2853 675 2919 V.
702 2871 781 2920 nov.
794 2854 945 2920 LXXIV.
965 2873 1043 2920 nov.
1059 2849 1198 2922 cxvtt.
1213 2850 1342 2932 canii.
1374 2839 1586 2919 Corrcubinas
1615 2845 1733 2920 babere
1762 2873 1829 2922 non
1862 2850 1942 2924 licet
1966 2843 2090 2926 uobis,
2121 2844 2177 2944 elsi

418 2978 420 2983 ·
542 2947 647 3018 Unde
666 2948 785 3016 merito
802 2971 879 3018 eunt
902 2944 1343 3031 Menze1·oinadnend.di·
1368 2967 1433 3016 non
1456 2942 1586 3018 boletis
1610 2969 1753 3027 nexores,
1783 2963 1894 3021 tamen
1918 2970 1985 3020 non
2011 2943 2093 3019 licet
2121 2964 2180 3018 oo·.

545 3041 630 3136 spat.
646 3046 688 3112 de
706 3046 917 3114 matrimonio
938 3069 1009 3130 ean
1021 3047 1265 3132 tvmnrpnrg.
1281 3033 1344 3111 dis·
1369 3041 1422 3116 bir
1436 3041 1556 3140 labere
1576 3043 1796 3135 concubinas,
1824 3070 1907 3144 quas
1924 3033 2036 3144 postea
2055 3041 2175 3116 dimit·
2197 3085 2201 3096 ·

294 3203 309 3234 „
448 3137 451 3144 ’
544 3164 618 3232 put.
632 3147 706 3212 XV.
722 3142 904 3219 enitamur,
934 3138 1022 3235 quod
1045 3137 1175 3233 legibus
1190 3138 1258 3212 illis
1275 3138 1344 3234 epi·
1369 3141 1478 3225 talis,
1518 3140 1560 3216 θ’
1588 3142 1721 3216 ducatis
1756 3147 1899 3234 usioses,
1941 3154 2040 3218 lanto
2067 3138 2178 3236 magis

537 3237 637 3337 scopi
654 3262 763 3310 eorum
783 3250 962 3332 terrtporum
979 3262 1043 3308 non
1059 3239 1341 3330 contradixerint.
1367 3241 1544 3312 damnatio
1564 3241 1630 3311 erit
1657 3240 1774 3322 vobis,
1805 3246 1836 3342 st
1859 3241 2037 3317 uolueritis
2060 3237 2178 3313 babere

545 3343 696 3411 Tandem
720 3361 798 3409 vero
821 3344 887 3407 Leo
906 3340 1086 3423 insperatae
1108 3338 1344 3410 Constantino·
1367 3363 1488 3413 uxores
1509 3336 1549 3412 ll
1566 3339 1777 3415 concubinas.
1819 3368 1848 3414 c.
1881 3338 2087 3414 Consubinae
2113 3335 2178 3412 &u

543 3438 737 3528 politanus,
775 3432 992 3522 philosophus
1017 3437 1150 3513 dicius,
1187 3432 1344 3505 concubi·
1373 3463 1424 3523 32·
1446 3443 1556 3525 quest.
1584 3465 1611 3510 2.
1644 3465 1683 3512 ex
1711 3444 1896 3532 Augustino
1928 3445 1970 3512 de
1995 3439 2075 3509 bon.
2099 3461 2180 3508 con·

544 3559 659 3606 netum
682 3535 812 3622 penitus
839 3528 965 3602 sustulit
993 3557 1069 3602 nov.
1094 3537 1185 3603 XCl.
1262 3528 1342 3602 Non
1368 3539 1437 3625 ing.
1455 3560 1529 3623 cap.
1543 3543 1633 3608 XIV.
1690 3533 1899 3613 Concnbinae
1915 3538 1962 3611 ad
1980 3533 2180 3631 tempusod·

545 3634 655 3705 minus
678 3652 717 3701 ea
742 3630 818 3714 lese,
852 3650 923 3724 quae
938 3627 1097 3724 probrose
1125 3655 1197 3700 cunr
1225 3652 1342 3700 eoncu-
1366 3631 1509 3716 bibite,
1545 3632 1762 3736 nec-etiamst
1792 3638 1893 3734 carisa
1919 3634 2078 3737 filiorum
2105 3655 2179 3704 con.

545 3730 635 3803 binis
654 3725 833 3822 immisceri
849 3750 914 3798 non
930 3726 1189 3820 erubescentibus
1210 3729 1248 3800 id
1268 3752 1341 3823 per·
1367 3730 1551 3817 stertebant,
1591 3733 1711 3831 iustum
1753 3734 1887 3824 sacient
1923 3731 2177 3807 concubinatum

545 3827 741 3902 mittendum
776 3826 966 3912 iudicauit,
1002 3826 1198 3925 bonestutem
1223 3824 1342 3921 suque
1359 3828 1469 3924 suum.
1497 3855 1524 3900 c.
1564 3826 1670 3901 Νιιιιο
1700 3818 1769 3906 lic.
1803 3832 1888 3909 canl.
1916 3837 2032 3905 eadem
2069 3832 2176 3921 quast.

544 3928 642 4025 deque
667 3924 794 3999 babuit.
835 3920 911 4007 Νι
938 3949 1017 4019 ergo
1047 3925 1107 3997 boe
1133 3925 1343 4020 legislatoris
1365 3958 1398 4022 4.
1420 3954 1462 4001 eu
1485 3926 1661 4000 dcrtbrolro
1685 3931 1761 4004 libr.
1788 3934 1811 4002 l.
1838 3930 2177 4017 desistebamus.

542 4039 688 4110 erratum
703 4025 856 4096 dedecore
869 4026 1013 4110 nostram
1026 4024 1266 4117 rempublicam
1279 4023 1342 4096 ad·
1368 4033 1425 4098 lv.
1478 4021 1586 4098 Νιίιιο
1616 4026 1677 4114 sbi
1699 4027 1900 4106 blandiatur
1917 4031 1956 4100 de
1973 4025 2106 4124 legibus
2121 4026 2176 4098 lra-

534 4129 637 4228 ficere
647 4129 814 4224 suaseras,
841 4123 952 4215 itaque
974 4123 1032 4196 lex
1052 4122 1112 4194 illa
1129 4123 1165 4208 in
1184 4137 1340 4196 aetnnum
1367 4124 1503 4196 rninum.
1569 4121 1675 4197 Omne
1697 4132 1850 4228 sluprum
1875 4126 2082 4202 adulterium
2111 4128 2176 4212 esis

535 4223 646 4327 fileto.
697 4218 759 4292 Ab
775 4219 834 4291 illa
854 4222 941 4292 enim
957 4245 1022 4292 non
1046 4223 1142 4293 modo
1164 4221 1342 4317 religionis
1366 4248 1422 4294 nec
1438 4224 1512 4293 uiro
1527 4221 1626 4310 licet,
1646 4229 1736 4320 qrrod
1750 4231 1886 4302 mulieri
1901 4251 1968 4299 non
1983 4226 2072 4299 lieet.
2108 4215 2178 4299 Ea·

542 4345 654 4396 uerum
677 4322 779 4393 etiam
803 4329 931 4393 natura
949 4321 1078 4392 iniuria
1092 4319 1272 4415 secundum
1288 4321 1341 4394 di·
1367 4322 1437 4393 dem
1460 4324 1596 4401 enirn,
1633 4348 1705 4418 quae
1731 4326 1774 4399 ab
1797 4352 1903 4401 sexorc
1924 4325 2060 4398 debetur
2081 4325 2177 4426 casi-

543 4422 622 4496 oina
646 4418 894 4518 cbrislianisuue
923 4420 1150 4493 conuenientia
1176 4430 1341 4515 precepta
1368 4419 1490 4491 moseia.
1551 4417 1730 4518 Quidquid
1750 4428 1785 4498 in
1807 4450 1862 4512 ea,
1889 4446 1961 4521 quae
1986 4449 2052 4498 nou
2068 4426 2118 4523 st
2136 4422 2178 4495 le-

538 4519 764 4620 probibemus.
818 4514 870 4590 Et
889 4517 1035 4612 quidem,
1067 4519 1340 4612 scum-sontem
1365 4520 1490 4614 gitirua
1515 4544 1624 4607 uxor,
1662 4521 2012 4621 commiserescens,
2047 4522 2177 4596 adulte·

543 4619 688 4699 babeas,
723 4615 838 4711 sobrie
862 4617 937 4688 inde
961 4618 1096 4689 inaurire
1119 4618 1236 4691 diuino
1255 4640 1340 4710 pre·
1387 4619 1412 4688 li
1442 4617 1581 4691 cristine
1612 4609 1806 4696 damnatur.
1860 4621 1958 4698 Nulli
1993 4623 2178 4715 licetscire

545 4731 635 4814 cepto
664 4737 838 4795 moneare,
873 4738 937 4810 qua
960 4719 1107 4799 ratione,
1140 4742 1213 4788 cum
1238 4644 1535 4809 purosffrulierem
1557 4731 1678 4815 preter
1693 4747 1854 4808 uxorem,
1875 4723 2010 4816 ideoque
2025 4721 2177 4815 coniugii

545 4840 649 4915 aquas
677 4815 812 4888 haurire
842 4812 965 4899 liceat,
1002 4813 1109 4887 lutum
1135 4825 1170 4886 tu
1198 4811 1341 4888 mauis?
1368 4816 1484 4887 datum
1505 4822 1548 4917 est
1567 4817 1632 4890 tibi
1652 4821 1722 4907 ior,
1757 4847 1796 4895 ne
1814 4823 1850 4893 in
1874 4821 2026 4917 laqueum
2044 4818 2176 4894 diaboli

546 4934 616 4995 turn
645 4916 773 5006 tometd
795 4913 927 5008 sontem
958 4936 1022 4985 non
1055 4911 1208 5001 babeas,
1248 4912 1344 4984 rebus
1369 4914 1520 5002 incidor,
1551 4914 1592 4990 td
1607 4943 1679 4990 euru
1697 4920 1834 4993 muliere
1857 4921 1971 4993 aliena
1987 4919 2174 5017 delinquas.

545 5032 655 5096 tamen
682 5015 796 5089 vetitis
825 5015 877 5087 uti
904 5037 969 5083 non
994 5022 1098 5108 potes.
1177 5008 1342 5083 Ceterum
1371 5010 1441 5085 Nec
1463 5013 1525 5088 ltoc
1539 5014 1652 5112 stolum
1673 5023 1716 5122 est
1741 5018 1944 5094 adulterium
1968 5044 2041 5093 cum
2063 5017 2178 5093 aliena

545 5121 627 5197 oitae
652 5113 833 5215 consortem
859 5113 1006 5189 invenire
1030 5110 1167 5209 difficile
1192 5133 1258 5185 non
1288 5113 1341 5213 esi.
1366 5137 1500 5217 peccare
1530 5117 1690 5215 coniuge,
1714 5117 1778 5216 sed
1800 5146 1892 5195 enine
1913 5119 2004 5220 quod
2030 5145 2098 5195 non
2117 5120 2176 5293 ba·

2145 5227 2174 5292 et
