4884 5984
369 483 398 605 j
511 521 577 596 nr
601 515 864 595 contentos
888 515 954 592 no
968 514 1186 595 ’nerent
1209 455 1444 637 etonem
1467 513 1748 618 Qtnttrnrr
1904 533 1980 608 nr

260 715 492 812 'numqaum
518 717 792 796 existimendum,
816 717 905 804 quod
931 715 1040 804 quivit
1063 739 1118 787 er·
1140 734 1212 786 tom
1231 714 1266 789 in
1288 716 1446 803 nomine,
1481 735 1520 788 ot
1549 739 1627 790 cttm
1651 715 1851 792 cotmheut
1876 716 1970 795 estne

286 845 342 894 ror
363 821 503 918 nuptias
519 820 703 890 contratiae
723 817 880 896 dirimat,
904 818 994 905 quod
1008 809 1114 902 ipsum
1141 810 1199 883 nbi
1217 838 1341 887 nomen
1355 813 1506 889 adsumit.
1558 818 1621 890 Sed
1641 807 1737 888 setiut
1749 815 1800 887 eii
1817 841 1971 892 errorem

282 940 315 993 tt
335 915 378 992 stt
392 918 612 997 euidentior,
635 919 677 988 de
693 912 827 1006 singulis
848 915 971 984 erroris
991 908 1114 1000 specie·
1139 914 1283 984 nominis
1298 914 1501 1002 peculiarem
1520 913 1752 989 &distinetur
1768 909 1912 1007 speeiem
1925 914 1970 989 ab

247 1101 251 1106 Ι
287 1015 345 1090 bnt
368 1015 473 1094 med
496 1017 584 1113 nipe
609 1039 756 1104 agemus.
822 1009 985 1086 Errorem
1008 1010 1116 1081 nomi·
1137 1032 1252 1083 errore
1267 1008 1415 1100 persone
1437 1014 1645 1086 constituere.

289 1116 607 1202 eismerrimonium
625 1114 806 1201 impedire,
828 1120 862 1184 dt
881 1106 1039 1199 sponsalia
1050 1122 1114 1196 per
1185 1122 1213 1197 §-
1240 1114 1329 1184 etv.
1380 1109 1543 1186 Errore'm
1553 1108 1704 1208 personne
1754 1112 1804 1190 ι.)
1825 1110 1932 1179 Error

270 1213 549 1300 'iuno-erronei
571 1214 738 1286 contradit
766 1205 837 1279 fieri
868 1211 986 1294 irrita,
1012 1205 1113 1298 pleri·
1136 1208 1301 1297 impedite
1359 1213 1608 1284 matrimonium
1669 1221 1706 1287 dt
1770 1191 1922 1274 Wsw·

287 1307 353 1404 quo
368 1314 544 1386 canonisie
560 1310 701 1380 statuunt
720 1328 862 1397 propter
877 1330 948 1396 cap.
975 1301 1114 1379 Tuonos
1137 1300 1294 1395 sponsalia
1310 1304 1419 1381 faceta
1434 1299 1527 1381 inin
1535 1309 1703 1384 indubita·
1725 1375 1729 1388 ,

247 1453 252 1460 ·
288 1406 629 1502 indemnatione,
655 1402 707 1477 sed
724 1405 806 1496 juris
828 1405 932 1477 civilis
949 1407 1114 1495 interpre-
1137 1406 1162 1475 ti
1181 1404 1266 1495 jutis
1285 1408 1342 1480 est.
1417 1405 1468 1506 r.)
1491 1411 1545 1485 nd
1566 1396 1815 1488 matrimonium
1843 1416 1964 1492 iiteon·

288 1532 332 1586 tet
352 1510 561 1584 eontrarium
584 1503 737 1578 adserunt
758 1526 900 1593 propter
924 1506 1111 1577 evidentem
1136 1504 1216 1577 dum
1246 1505 1431 1591 requiritur
1452 1507 1607 1596 inprimit
1633 1506 1806 1586 consensus
1831 1527 1984 1593 contra-¹

289 1627 415 1689 mun
434 1617 463 1698 ς,
477 1602 640 1708 stqnidem
665 1626 723 1689 29·
746 1603 844 1673 instit.
869 1604 912 1675 de
931 1600 1033 1695 legat.
1052 1600 1111 1675 ubi
1134 1598 1304 1684 hetttiumt
1328 1600 1383 1676 sed
1403 1609 1536 1695 quondo
1557 1606 1592 1676 in
1616 1604 1685 1697 ipse
1704 1606 1845 1699 persone
1869 1640 1962 1691 em.

285 1709 469 1799 ittpemtor
482 1707 590 1777 dicit:
625 1697 798 1799 Siquidem
818 1701 853 1773 in
874 1700 1029 1788 nornine,
1055 1725 1110 1773 co·
1132 1721 1206 1781 tur,
1233 1724 1314 1773 tune
1333 1704 1387 1784 is,
1411 1704 1469 1792 qui
1488 1721 1600 1785 errat,
1623 1708 1658 1779 io
1682 1732 1755 1783 eam
1785 1706 1962 1798 personam

284 1807 467 1904 μακών,
488 1804 716 1900 prenomine,
743 1800 922 1894 agnomine
943 1798 1109 1896 legatarii
1129 1823 1197 1870 oon
1210 1798 1410 1894 intelligitur
1430 1798 1629 1876 consensisse.
1683 1815 1734 1900 2.)
1760 1804 1877 1887 Error
1899 1836 1962 1886 no·

285 1908 420 2023 &potor
437 1903 619 1988 erraverit,
641 1925 714 1974 curn
733 1893 928 1996 depersoner
950 1902 1103 2001 constat,
1130 1898 1232 1974 minis
1240 1896 1495 1998 stipulationem
1518 1923 1584 1974 non
1605 1902 1730 1994 vitiat,
1756 1906 1815 1982 ubi
1828 1908 1869 1986 de
1883 1934 1961 1988 cor·
2077 1935 2080 1940 ·

284 2003 504 2080 nihilominus
520 1998 613 2074 nolet
627 1999 657 2072 le
683 2009 793 2085 ntum,
819 1996 967 2096 idemque
986 2000 1021 2072 in
1037 1997 1104 2074 stae·
1123 2020 1207 2093 pore
1227 2002 1371 2096 constat,
1396 1999 1418 2070 l.
1441 2027 1475 2086 9·
1501 1998 1571 2084 §.st
1595 1997 1788 2078 innomine
1812 2009 1855 2083 de
1876 2035 1959 2089 con·

286 2099 487 2180 redimitos
509 2099 602 2176 ontet
695 2096 786 2173 rede.
839 2093 993 2171 sionim
1020 2097 1108 2171 eninr
1132 2093 1217 2171 trah.
1231 2121 1334 2189 empt.
1387 2103 1478 2191 Ergo
1497 2124 1515 2171 o
1537 2104 1705 2175 contrario
1719 2099 1827 2192 sensu,
1853 2132 1960 2196 quen.

280 2196 579 2307 ignisicondorum
614 2198 784 2273 hominnm
823 2198 943 2293 grona
976 2208 1107 2296 reperta
1130 2198 1174 2267 do
1193 2198 1236 2268 de
1254 2220 1396 2287 corpore
1418 2220 1485 2269 non
1507 2199 1655 2279 constat,
1685 2195 1794 2275 sedin
1816 2202 1959 2295 persone

278 2300 511 2476 samnitis
529 2298 601 2372 osio
624 2294 771 2395 quolibet
795 2296 893 2370 nrodo
914 2295 1107 2394 intedigon·
1129 2315 1282 2377 errttur‚
1307 2294 1473 2385 stipulatio
1487 2298 1635 2369 uitiatur.
1687 2297 1741 2399 ς.)
1767 2305 1869 2376 Error
1889 2311 1957 2379 cir.

283 2415 354 2494 tur,
387 2401 465 2476 nin·
494 2398 645 2499 intensi,
669 2423 745 2470 cum
767 2420 834 2486 quo
850 2399 1007 2488 congruit
1019 2395 1102 2469 illud
1129 2416 1167 2464 ca
1181 2397 1272 2466 adius
1294 2389 1509 2466 substantialia
1537 2397 1655 2475 vitiat,
1681 2399 1879 2489 &impedit
1902 2406 1959 2494 ip·

284 2505 362 2595 imp,
381 2501 543 2584 Gordiani
557 2496 579 2569 Ι.
595 2523 628 2591 4.
644 2500 686 2570 C.
705 2502 746 2568 de
762 2495 886 2569 testam.
936 2490 981 2568 St'
994 2495 1030 2569 in
1046 2519 1106 2567 no·
1128 2486 1199 2562 sunt
1219 2495 1348 2577 adium,
1371 2513 1486 2581 utpote
1501 2493 1558 2581 qui
1576 2489 1751 2568 dissensum
1763 2501 1953 2592 urguitcit·

285 2603 377 2688 nine,
393 2595 675 2698 respiramine,
690 2594 742 2667 nel
759 2594 954 2689 cognomine
969 2596 1105 2693 testator
1127 2612 1165 2659 ct
1181 2592 1273 2660 ttius
1291 2587 1467 2662 essentialia
1482 2600 1516 2663 ἃ
1536 2586 1780 2675 substantialia,
1802 2620 1875 2686 que
1891 2598 1954 2673 sn.

284 2698 465 2786 mouerit,
489 2693 707 2780 notamen,
733 2689 774 2766 de
794 2689 1031 2788 praesenserit,
1052 2694 1104 2766 in·
1127 2711 1170 2758 vo
1198 2690 1275 2760 odiu
1301 2690 1409 2773 omitti
1436 2687 1529 2761 nullo
1554 2692 1655 2762 modo
1684 2690 1827 2783 possunt.
1874 2703 1955 2791 Jtm

284 2813 403 2878 mum
419 2800 485 2894 fitr
509 2818 604 2870 error
616 2791 780 2891 ejusmodi
793 2790 884 2863 nidis
902 2792 1005 2885 officit
1018 2794 1103 2865 ueri·
1127 2809 1208 2858 vero
1230 2810 1325 2857 error
1343 2781 1489 2877 persone
1506 2788 1552 2858 est
1573 2790 1665 2860 adius
1680 2792 1770 2863 ritca
1790 2790 1859 2883 ipsa
1876 2794 1969 2876 sub-¹

282 2904 353 2977 tart.
404 2895 582 2972 Posieriori
597 2895 701 2985 igitur
714 2891 792 2963 hoie
808 2886 974 2966 sententiae
989 2886 1101 2963 adsnr.
1126 2882 1285 2954 sitntialia
1303 2886 1529 2970 matrimonii,
1555 2887 1682 2975 quippe
1698 2890 1739 2959 td
1757 2915 1830 2979 que
1848 2897 1952 2969 etiam
2014 2931 2016 2935 ·

279 3003 396 3098 pimus.
465 3006 507 3088 ι.)
533 2993 624 3087 Quia
650 3015 745 3064 error
768 2990 911 3060 nominis
934 2991 981 3062 eii
1006 3014 1102 3061 error
1125 2982 1293 3071 pertinent
1309 2980 1455 3071 personae
1477 2983 1718 3058 contrahentes.
1769 2999 1822 3077 4.)
1844 2999 1882 3063 ln
1896 2993 1950 3081 jn

280 3119 405 3174 uotum
418 3095 455 3166 in
472 3094 664 3175 accidente,
681 3090 737 3178 qui
756 3111 823 3160 non
841 3090 1010 3160 concernit
1025 3083 1100 3158 sub-
1125 3104 1162 3149 re
1182 3082 1341 3154 canonico
1366 3077 1513 3172 expressa
1537 3079 1679 3155 habetur
1705 3086 1849 3162 decisiot
1874 3115 1959 3183 etp.¹

279 3195 436 3274 tarentin
464 3192 561 3281 hujus
590 3191 787 3261 contentens.
858 3196 905 3276 2.)
933 3183 1097 3275 Sponsalia
1122 3180 1209 3251 ⁰⁰5⁶·
1228 3200 1286 3264 29.
1307 3183 1418 3267 quftst·
1446 3207 1472 3254 Ι·
1523 3176 1640 3253 Error
1661 3179 1811 3280 petsonae
1835 3191 1951 3285 conju·
1981 3179 1983 3194 ⁵

276 3293 407 3389 possunt
419 3287 572 3364 contrabi
594 3313 742 3372 cumea,
769 3285 861 3374 cujus
882 3309 1006 3357 nomen
1026 3285 1097 3374 pia·
1121 3278 1176 3371 gir·
1188 3274 1384 3374 tonfmjitm
1404 3302 1470 3349 non
1485 3276 1652 3353 admittit.
1703 3275 1748 3355 Si
1766 3285 1842 3379 quis
1859 3291 1950 3363 mint

277 3397 526 3487 neignorttor3
552 3410 634 3477 ergo
645 3387 752 3456 etiam
767 3409 843 3456 cum
861 3408 921 3463 eo,
948 3387 988 3455 de
1005 3392 1097 3472 enjus
1116 3372 1364 3471 pensaretur,
1395 3373 1664 3472 sevenditnrnm
1698 3402 1819 3476 ugrum
1844 3383 1951 3461 Mur·
2049 3467 2051 3472 ,
2153 3403 2155 3408 ·

275 3493 417 3586 proprio
455 3484 589 3559 nomine
618 3505 761 3557 erratur.
820 3483 922 3575 Quod
955 3484 1037 3570 J'uris
1064 3485 1099 3553 in
1123 3472 1219 3559 ccliv,
1249 3470 1291 3548 ὅ
1307 3477 1421 3574 postea
1445 3478 1572 3548 veniret
1591 3471 1725 3553 Pontos
1748 3480 1884 3570 dicens,
1907 3483 1950 3581 se
2036 3486 2041 3492 ’
2096 3512 2098 3516 ’

275 3588 463 3686 ignorantia
494 3580 575 3661 tenr'
602 3575 805 3678 ἀπόφασιν,
833 3584 923 3651 idem
956 3581 1037 3666 juris
1063 3582 1099 3654 in
1122 3549 1181 3669 effi
1196 3567 1417 3660 Marcellum,
1444 3571 1485 3649 id
1510 3587 1628 3649 emeret
1655 3599 1776 3671 ugrum
1796 3580 1841 3654 nb
1864 3582 1948 3674 ilio,

275 3686 463 3787 ignorantia
479 3699 576 3774 tund
598 3672 764 3759 διάθεσιν.
832 3678 885 3770 3.)
913 3683 1015 3750 Error
1039 3702 1099 3750 no.
1122 3671 1284 3769 numquid
1301 3696 1374 3745 eum
1395 3669 1509 3768 Panlo
1525 3675 1747 3775 convenitiste
1763 3677 1804 3751 de
1812 3681 1949 3776 pretio,
2023 3667 2029 3676 ’
2061 3661 2070 3684 ’

273 3793 371 3868 „init
394 3779 665 3858 contrahentium
688 3771 879 3849 consensum
900 3778 1039 3868 proprie
1063 3786 1098 3851 dt
1121 3781 1182 3843 ‘wi
1198 3768 1413 3871 dicendufest
1425 3769 1624 3874 agfflmstbs
1634 3771 1842 3876 vmsdsffi!
1857 3776 1946 3855 Item
2075 3803 2080 3812 ’

275 3895 432 3966 adeunte
448 3880 623 3968 loquendo,
637 3901 705 3948 non
730 3877 894 3963 impedit;
918 3899 995 3946 cum
1017 3898 1095 3964 pro-
1111 3870 1147 3970 fi
1168 3870 1244 3966 quis
1256 3872 1472 3981 promitteret
1487 3869 1529 3967 sr
1549 3867 1760 3952 venditurum
1781 3876 1866 3951 misti
1884 3900 1948 3954 att·

273 3987 323 4064 eui
347 3979 458 4066 dubio
484 3970 618 4068 sponsus
650 3972 863 4047 nihilominus
889 3997 962 4045 eam
988 3968 1096 4044 suisset
1121 3992 1207 4058 rum,
1224 3966 1260 4043 sd
1275 3994 1342 4067 pro
1360 3993 1445 4044 auro
1461 3968 1597 4067 offerret
1608 3970 1694 4043 misti
1705 3974 1946 4068 anricirnscunt,
2093 4059 2099 4074 .
2166 3971 2172 3978 '

273 4089 457 4163 tuam,
481 4077 559 4149 licet
578 4076 621 4147 de
640 4097 720 4146 tero
734 4082 804 4163 ejus
824 4073 959 4143 nomine
976 4074 1096 4156 confli-
1123 4063 1165 4141 Ed
1185 4069 1238 4142 ito
1258 4094 1313 4142 nrt
1332 4068 1515 4168 deciperet,
1541 4070 1702 4166 numquid
1723 4071 1850 4151 dicerer
1869 4101 1948 4153 con-

272 4185 365 4262 eiffet.
416 4175 579 4251 Adtende
606 4192 718 4245 tamen
743 4172 892 4266 quaednn
916 4168 1094 4244 limitatio:
1112 4163 1243 4265 senstffe
1267 4168 1302 4241 in
1332 4167 1560 4243 uarietatem
1578 4163 1611 4242 ‚⁹¹
1634 4165 1815 4268 Nnnqnnnr
1849 4177 1947 4253 vostri

267 4307 362 4362 error
388 4274 534 4351 nominis
558 4294 627 4344 non
653 4271 795 4359 impedit
816 4270 1094 4350 matrimonium,
1118 4289 1220 4340 emere
1239 4265 1494 4349 anicianum,
1517 4292 1575 4340 nec
1595 4289 1675 4364 ergo
1695 4270 1880 4370 asiqttondo
1907 4263 1946 4351 itt

270 4383 392 4459 seilicet
408 4374 474 4472 nist
489 4369 606 4473 serunt
629 4368 746 4442 trntnn
771 4391 914 4443 errorem
943 4366 1094 4462 eorporis
1118 4363 1203 4439 iliud
1221 4362 1384 4467 consenst,
1424 4366 1516 4461 quio.
1533 4361 1705 4463 consensus
1726 4394 1792 4444 non
1817 4376 1946 4488 estniſs

266 4487 329 4587 βυ,
346 4470 527 4576 perferre,-
562 4492 641 4540 tune
668 4472 757 4541 enim
785 4492 852 4539 non
875 4464 1019 4552 emplius
1046 4468 1093 4538 esi
1116 4463 1313 4561 volontatis.
1365 4458 1466 4539 Sient
1486 4488 1567 4561 ergo
1590 4465 1646 4539 iic
1672 4490 1766 4543 error
1793 4471 1945 4552 namra
2054 4497 2058 4504 ·

270 4581 406 4673 simplex
428 4570 573 4646 nominis
591 4591 705 4648 error,
730 4562 785 4638 sed
806 4562 918 4637 transit
939 4566 973 4634 in
993 4561 1092 4635 aliam
1116 4562 1269 4637 excindit
1294 4562 1505 4662 consensum,
1521 4565 1573 4662 stc
1598 4561 1640 4641 8
1659 4566 1696 4637 in
1718 4572 1876 4667 conjugio
1891 4597 1945 4648 η.

270 4680 411 4774 speeiem
428 4671 563 4745 erroris.
612 4663 758 4760 Quidam
775 4687 925 4742 errorem
946 4658 1091 4753 persone
1116 4685 1175 4737 ror
1194 4659 1366 4760 perſstnae:
1395 4671 1461 4737 non
1486 4665 1574 4737 enirn
1599 4660 1757 4769 consenſst
1778 4670 1815 4742 in
1834 4647 1944 4757 hund

270 4778 451 4872 dupliciter
473 4765 669 4857 ennnngere
690 4760 780 4855 posse
797 4766 958 4843 sittuunt,
981 4760 1035 4833 vel
1056 4782 1091 4833 ut
1107 4759 1173 4859 sed
1192 4763 1229 4835 in
1248 4787 1339 4845 eum,
1363 4788 1456 4861 quent
1473 4760 1621 4861 pertubat
1635 4758 1708 4859 effe.
1760 4766 1813 4865 5.)
1829 4773 1876 4841 Ex
1888 4779 1942 4859 ju.

243 4867 250 4886 ’
270 4869 359 4957 error
374 4873 415 4948 sit
433 4870 471 4944 r'n
486 4892 539 4953 re,
567 4887 601 4935 ut
617 4889 691 4936 cum
709 4866 780 4954 quis
793 4884 890 4951 potet
905 4856 937 4933 se
951 4861 1092 4948 promit·
1115 4887 1152 4933 re
1173 4857 1262 4932 cirili
1278 4860 1462 4940 collationis
1479 4864 1587 4956 gratia
1603 4860 1669 4932 huc
1685 4861 1804 4939 referri
1817 4872 1939 4960 potest,

269 5003 332 5055 tm
359 4971 562 5061 conjugium
591 4968 819 5055 Margaretae,
863 4969 896 5034 dr
922 4960 1090 5047 promittit
1114 4963 1204 5049 quod
1228 4983 1324 5030 error
1347 4965 1433 5034 ritca
1454 4957 1626 5052 personam
1643 4956 1766 5057 judicit
1786 4963 1940 5041 admissus

268 5086 387 5164 Am,
414 5093 473 5142 tor
496 5091 574 5139 eum
594 5063 627 5130 in
645 5059 721 5149 ipsis
747 5061 872 5148 nuptiis
898 5064 1090 5150 Margarete
1114 5057 1220 5129 obstet
1234 5059 1468 5144 jurisditiionia
1493 5061 1752 5153 prorogetioni,
1782 5062 1825 5137 fic
1846 5087 1883 5135 ut
1904 5091 1941 5136 t.

268 5204 324 5275 pro
342 5179 447 5254 ,enm
463 5162 684 5260 supponitutt
710 5161 763 5237 tel
784 5181 821 5233 ut
842 5182 938 5233 error
959 5155 997 5234 stt
1017 5176 1087 5233 tan·
1114 5160 1185 5234 uns
1202 5153 1261 5234 ille
1280 5153 1403 5233 nullior
1419 5158 1622 5243 ommno
1645 5164 1831 5239 momenti:
1853 5161 1886 5236 ‘i
1899 5164 1935 5265 st

1875 5283 1943 5362 per
