4884 5984
354 525 425 610 ξπ
633 505 981 584 [ΟΕῊΧΧῊ.
1032 507 1242 598 CARW.
1292 505 1513 598 secuti.
1561 503 1760 590 aaut.

349 704 575 794 *piamentum
590 707 737 800 paternis¹
752 703 887 790 adibus,
899 702 1114 798 adhuchodie
1133 698 1184 771 lo·
1208 721 1280 772 tum
1302 697 1419 784 emillae
1441 699 1641 790 virginitatis
1656 700 1814 772 indicium
1835 697 1904 786 peti
1917 721 1945 788 p

361 797 437 875 reat
452 803 645 892 lapidanda.
663 802 718 892 a.)
732 801 821 894 Quia
839 795 1185 879 velfluxumorbificuu
1208 802 1289 869 item
1308 801 1349 869 de
1375 797 1458 882 lodie
1476 800 1510 868 iu
1535 797 1748 876 mammillis,
1775 806 1840 869 &o
1873 797 1944 882 judi

350 899 414 1000 ,yel
427 902 626 980 adtritione,
650 901 704 969 vel
724 905 788 968 aiio
806 903 950 986 quodam
966 894 1041 970 casu
1056 893 1188 970 contin·
1209 894 1428 968 deferendum
1441 899 1487 966 est
1510 899 1551 966 ad
1569 899 1722 966 medicos.
1774 895 1944 983 Cyprianu

356 1007 441 1090 'gere
456 998 585 1088 potest,
609 1019 646 1067 ut
663 993 791 1089 fignum
808 994 889 1068 illud
913 997 1116 1086 virginitatis
1131 994 1184 1064 de
1210 991 1237 1066 l.
1254 996 1347 1083 epist.
1376 1014 1427 1076 ti.
1449 995 1536 1065 circa
1550 996 1718 1064 medium:
1747 988 1835 1063 Nun·
1850 1001 1945 1087 putet

356 1117 485 1186 pereat.
501 1101 553 1186 (*)
606 1089 902 1193 Caueantsponst,
929 1095 1037 1180 inquit
1056 1085 1185 1163 Maule-
1209 1113 1276 1188 qua
1286 1089 1327 1187 se
1348 1089 1412 1180 liar
1441 1089 1654 1184 excusatione
1679 1089 1840 1182 defendi,
1862 1111 1945 1188 μοι

246 1257 249 1262 ,
358 1217 416 1266 rus
432 1197 466 1264 in
484 1198 658 1267 command
679 1195 730 1264 tit.
745 1197 787 1264 de
807 1213 903 1281 nupt.
917 1214 956 1262 ne
971 1185 1187 1286 diffeminan·
1209 1187 1334 1286 inspici
1356 1187 1550 1285 &probari
1564 1189 1681 1286 perffit,
1706 1211 1750 1258 au
1771 1189 1945 1286 uirpufit!

237 1317 241 1324 ·
332 1323 335 1328 ·
359 1289 415 1363 dir
424 1287 827 1388 rumoribnrspoirstrsuir
851 1288 1018 1362 maculam
1036 1289 1185 1367 inurant,
1214 1285 1255 1364 fl
1271 1312 1388 1362 manus
1408 1286 1612 1388 obstetricum
1639 1283 1680 1360 Εἰ
1700 1285 1889 1382 onelijiepe
1904 1285 1945 1397 su

357 1411 474 1484 rasqrre
491 1385 650 1487 suspeliae
665 1386 842 1484 pudicitia
864 1397 1030 1484 arguant,
1055 1379 1090 1486 st
1106 1385 1188 1481 sur-¹
1211 1399 1278 1462 tur.
1328 1389 1442 1459 Postea
1466 1409 1576 1458 temen
1604 1381 1767 1466 consulit,
1800 1407 1837 1456 ut
1863 1386 1945 1474 virgi

357 1485 450 1588 lafflr
474 1484 779 1580 lymmirindicia
809 1485 987 1584 manifesta
1006 1485 1186 1656 nonsatr
1211 1510 1278 1559 tem
1295 1481 1465 1574 profeliae,
1491 1509 1564 1572 quae
1589 1509 1665 1555 cum
1686 1479 1836 1556 masculis
1851 1483 1893 1553 in
1917 1508 1945 1552 et

360 1593 493 1660 lantum
502 1587 589 1658 enim
604 1581 712 1683 abest,
734 1594 773 1656 ut
788 1583 994 1659 lucratione
1007 1583 1066 1680 qui
1089 1605 1187 1678 quam
1212 1583 1300 1657 letio
1319 1585 1463 1655 invente
1484 1604 1607 1664 erant,
1633 1580 1677 1656 ab
1700 1577 1931 1681 obstetricibus

355 1685 575 1784 proficiant,
600 1693 639 1755 ut
652 1677 722 1783 fibi
734 1677 870 1778 sitisque
890 1680 999 1756 labem
1023 1679 1064 1755 fl
1078 1704 1191 1754 ruant·
1212 1692 1327 1778 genter
1346 1675 1588 1776 inspiciantur,
1618 1677 1658 1753 fii
1669 1682 1702 1778 fi
1720 1681 1869 1774 virginer
1896 1679 1945 1751 ine

223 1783 237 1792 “
362 1781 434 1856 lant
460 1778 669 1856 indelebilem
690 1778 905 1877 adspergant·
955 1785 1117 1870 Cupraeus
1147 1782 1189 1851 de
1206 1781 1364 1875 Jieerint,
1390 1788 1525 1874 accepta
1557 1780 1858 1866 corrununiratiune
1873 1763 1945 1849 ad.

362 1875 821 1998 sponsn.cap.Xlll.551.
872 1877 952 1979 Erst
966 1877 1108 1952 multum
1122 1875 1191 1974 liis·
1206 1881 1295 1980 stant
1312 1877 1567 1967 admittantur,
1594 1881 1683 1964 quod
1703 1875 1908 1950 relatum'est
1935 1879 1945 1948 i

364 2002 398 2051 ce
424 1978 514 2074 ignis
537 1974 749 2049 tribuendum
768 1974 895 2075 censeas
925 1987 1035 2050 tamen
1049 1977 1082 2076 st
1096 1997 1135 2049 ea
1154 1978 1189 2047 in
1214 1980 1438 2062 canonicum,
1475 2002 1548 2065 cup.
1576 1968 1649 2049 Nec
1668 1976 1785 2076 aliqua
1812 1971 1887 2050 &a
1911 1985 1945 2048 ὅ(

363 2077 500 2172 uirgine
529 2099 596 2149 non
623 2075 858 2170 reperiantur,
882 2072 976 2171 satir
1001 2071 1107 2169 causa
1132 2071 1190 2172 effe
1221 2071 1369 2174 Quodst
1396 2071 1464 2148 &a
1492 2070 1581 2169 cauſs
1610 2098 1668 2168 272
1692 2061 1801 2175 quiesi.
1824 2069 1850 2147 i'.
1902 2079 1945 2146 Eu

364 2199 432 2248 non
453 2173 715 2276 existimauerim
736 2173 784 2246 ad
799 2194 871 2246 eum
891 2173 1135 2268 repudiandam
1150 2169 1190 2246 {a
1214 2176 1339 2246 constat
1365 2175 1463 2244 etiam
1482 2173 1641 2261 Cypriani
1658 2196 1834 2260 tempore,
1859 2173 1914 2260 qui
1927 2173 1945 2242 n

364 2273 611 2358 damnandam,
635 2271 722 2368 qumi
746 2273 892 2343 omniurn
909 2271 1079 2346 doliorum
1097 2272 1191 2368 judi·
1215 2273 1261 2342 tio
1280 2273 1353 2359 post
1378 2296 1491 2342 notum
1515 2271 1684 2344 Christum
1712 2269 1821 2345 seculo
1844 2269 1940 2343 florui

364 2368 517 2469 riosape
541 2365 727 2462 manur'&
750 2369 844 2443 oculi
859 2369 1010 2462 sallent,
1040 2367 1081 2443 fi
1103 2371 1192 2443 indi·
1215 2370 1366 2457 corporis
1409 2364 1611 2458 inspectione
1644 2371 1845 2460 virginitatis
1879 2371 1945 2440 indi

365 2474 419 2544 cia
434 2469 504 2543 lraec
528 2492 551 2541 a
575 2467 773 2560 certitudine
793 2466 925 2568 alfini,
954 2465 995 2542 fil
1016 2467 1105 2562 quod
1123 2468 1192 2540 lnec
1216 2469 1321 2554 accipi
1338 2461 1546 2538 conlueuill'e.
1600 2469 1718 2540 Procul
1736 2467 1837 2542 dubiu
1852 2463 1945 2538 secun

275 2565 284 2580 ⁹
358 2571 393 2673 st
417 2591 461 2642 na
482 2567 593 2662 facile
615 2568 748 2640 imitari
775 2564 816 2640 fl
840 2567 976 2640 mentiri
998 2565 1191 2657 *suentium
1216 2564 1278 2644 huc
1300 2566 1333 2634 in
1353 2587 1447 2652 parte
1473 2565 1658 2651 Cyprianus
1682 2565 1771 2658 leges
1796 2565 1907 2636 ciuiles
1931 2569 1940 2635 i

371 2596 415 2743 (i
428 2667 515 2739 viris
528 2665 650 2760 fucum
671 2665 788 2759 facere
834 2676 937 2762 ueni.
988 2667 1023 2736 Si
1048 2691 1190 2756 urgens,
1214 2660 1255 2733 de
1285 2673 1393 2732 uentre
1420 2659 1652 2758 inspiciendo,
1685 2667 1759 2751 quia
1788 2665 1869 2752 telle
1895 2667 1945 2738 Par

366 2770 507 2841 eandem
530 2761 595 2837 else
623 2765 774 2853 corporis
800 2689 950 2834 liominei
987 2765 1190 2833 constitutio-
1216 2787 1248 2830 m
1268 2759 1365 2848 ipltus
1392 2761 1554 2833 uitiante
1583 2757 1673 2836 luam
1696 2765 1736 2833 ad
1765 2759 1945 2834 christiani(

366 2887 465 2949 nem,
487 2889 559 2950 quae
580 2859 644 2932 fuit
658 2884 810 2948 tempore
832 2858 915 2952 legis
932 2857 1020 2931 illius
1040 2857 1192 2932 Mosaicoe
1216 2855 1536 2930 convertionemluit
1549 2857 1894 2957 patronusrausarutu
1908 2862 1940 2934 in

366 2961 591 3056 promulgatae
600 2993 615 3044 ·,
640 2985 679 3031 ec
695 2963 836 3048 proinde
859 2957 942 3049 figni
965 2957 1053 3029 illius
1073 2961 1193 3030 uerita.
1737 3033 1740 3040 ¹

368 3082 438 3136 tem
462 3057 572 3129 adhuc
599 3057 698 3128 hodie
725 3055 901 3140 obtinere3
930 3051 1192 3146 respondemus,
1289 3059 1315 3144 ς.
1340 3059 1461 3128 cxvi.
1488 3054 1667 3144 Alterum,
1694 3062 1782 3147 quod
1833 3055 1945 3138 11.)ss

367 3163 472 3230 lionte
487 3155 562 3246 lege
578 3150 722 3226 Mosoico
740 3153 970 3242 probationem
994 3154 1082 3224 iilam
1101 3151 1192 3226 fuisse
1216 3149 1323 3224 libero
1336 3153 1504 3226 consensui
1523 3155 1722 3236 adversatum
1739 3161 1784 3228 est
1816 3231 1820 3238 .

368 3277 494 3327 certum
511 3261 546 3324 S<
560 3248 797 3332 sufficientem,
821 3276 859 3322 ac
881 3250 1193 3344 summumlegisla·
1216 3247 1333 3329 dolum·
1359 3256 1417 3339 qui
1446 3257 1533 3324 enim
1556 3255 1639 3326 dolis
1661 3282 1698 3327 oc
1718 3253 1888 3326 fraudibus
1913 3257 1945 3325 in

369 3348 789 3438 torenafncileprohibere
810 3347 969 3437 potuille,
1004 3354 1122 3421 necui
1144 3353 1191 3422 in·
1216 3367 1300 3428 tur,
1339 3355 1376 3420 'ut
1402 3354 1436 3421 in
1466 3356 1714 3426 matrimonium
1740 3347 1942 3437 consentiat,¹

320 3455 324 3462 ’
362 3448 506 3522 ¹nocenti
524 3441 575 3517 ob'
592 3463 665 3518 'non
689 3449 862 3519 inventum
888 3446 969 3518 illud
992 3449 1193 3538 virginitatit
1217 3450 1324 3533 potest
1346 3449 1413 3519 dici
1439 3443 1514 3521 sano
1538 3463 1571 3524 δι
1599 3454 1732 3542 integro
1757 3453 1880 3539 judicio
1908 3477 1945 3521 co

368 3547 500 3640 ignum
519 3540 709 3633 periculum
732 3565 917 3625 crearetur3
944 3541 996 3615 sed
1015 3545 1115 3618 hodie
1135 3545 1192 3618 ab·
1217 3540 1295 3615 stile.
1340 3547 1492 3642 ¹Quidam
1514 3548 1567 3619 hic
1589 3551 1794 3642 distinguunt
1818 3551 1944 3619 interd

368 3666 487 3736 rogote
501 3645 559 3715 ista
584 3641 667 3734 lege.
687 3667 754 3714 non
775 3645 882 3731 potest
905 3639 982 3712 huic
1002 3645 1194 3758 prplaatiooi
1217 3637 1338 3716 bonum
1363 3655 1397 3717 dc
1417 3645 1568 3730 errulum3
1606 3651 1684 3718 item
1706 3649 1792 3718 inter
1818 3649 1932 3716 dolum

235 3827 240 3836 ,
320 3815 323 3822 ,
368 3739 518 3818 absolute
544 3751 579 3815 &
608 3737 803 3830 simpliciter
829 3737 952 3821 insisti,
990 3744 1131 3827 perinde
1158 3763 1196 3815 ut
1220 3737 1425 3837 effenlialia‚
1452 3745 1698 3818 &aliumcirco
1714 3743 1940 3818 accidentalia

368 3865 392 3915 a
437 3863 477 3913 ar
498 3835 574 3912 illas
594 3835 817 3936 arnariffimar
839 3840 874 3908 in
892 3834 1123 3924 probationem
1134 3845 1195 3912 ad·
1220 3837 1361 3938 milium.
1421 3845 1634 3924 Beuliiusde
1658 3847 1800 3916 matrim.
1826 3867 1913 3932 part.

369 3937 484 4014 uterii
510 3933 669 4007 adhibete
692 3931 835 4024 amplius
853 3959 919 4006 non
935 3932 1022 4008 licet.
1035 3937 1140 4010 Num.
1152 3945 1192 4011 V.
1218 3957 1278 4027 44.
1329 3941 1582 4034 Matrimonium
1607 3941 1684 4014 dolo
1702 3945 1907 4022 conitendum
1920 3970 1945 4026 ,t

372 4047 430 4120 18.
478 4034 574 4126 Quid
604 4030 626 4103 lt
648 4043 683 4107 &
713 4031 778 4105 hoc
802 4034 992 4113 addamus,
1036 4031 1195 4108 lsraelit'et
1217 4035 1373 4120 videlicet
1393 4037 1416 4110 lt
1436 4037 1622 4112 adolescens
1640 4045 1737 4130 ducat
1751 4040 1894 4128 aliquam
1916 4041 1945 4110 in

368 4130 450 4206 alim
474 4127 557 4204 filias
581 4124 656 4201 lund
673 4155 761 4202 anno
780 4133 882 4202 aetatit
902 4132 1099 4206 duodecimo
1123 4133 1194 4206 elo-
1217 4157 1290 4204 rem
1322 4139 1478 4226 opinione
1505 4164 1702 4228 magnatum
1731 4140 1922 4210 divitiarum

369 4227 481 4309 ealle,
506 4225 624 4302 uther
647 4231 773 4299 ratione
797 4225 952 4315 probatio
975 4229 1032 4301 illa
1053 4235 1190 4322 virgini·
1218 4229 1273 4303 uei
1294 4229 1419 4306 fraude.
1440 4232 1633 4324 persuasus,
1675 4239 1751 4325 quia
1790 4237 1945 4308 ninlriuro

369 4331 445 4401 trtit
463 4351 504 4398 eo
526 4329 632 4420 magis
651 4328 684 4398 in
700 4325 776 4414 ipsis
802 4327 913 4398 locum
934 4321 1056 4402 habere
1077 4353 1193 4420 potue·
1217 4352 1283 4401 non
1298 4328 1461 4406 bonorum
1484 4333 1653 4426 arcefflune
1664 4385 1675 4418 ‚
1707 4329 1770 4430 sed
1792 4331 1944 4432 cortseufir

366 4427 440 4500 riti
468 4421 535 4496 1112
550 4448 632 4515 ergo
651 4424 862 4524 probationes
890 4429 1118 4500 admittenda:
1153 4439 1193 4502 ι.)
1210 4427 1341 4525 ficitur.
1367 4429 1389 4502 l.
1406 4433 1471 4527 fin.
1500 4421 1602 4504 Cfire
1630 4432 1741 4531 repud.
1795 4439 1847 4505 En
1869 4436 1945 4504 enin

367 4521 393 4599 fi
412 4517 525 4613 sponsa
548 4548 589 4594 ex
607 4519 672 4594 olio
685 4519 722 4592 stt
736 4521 908 4615 gravida3'
924 4531 973 4611 2.)
987 4521 1022 4618 li
1038 4523 1193 4597 conlitea-
1219 4524 1424 4612 plcxdolus,
1446 4530 1527 4602 alius
1549 4529 1669 4619 bouus,
1698 4531 1778 4603 alius
1802 4533 1919 4603 titulus.

369 4644 444 4726 rur,
470 4617 600 4727 secum
621 4618 685 4691 alio
700 4645 777 4718 'rem
793 4615 959 4701 haboiffet
974 4617 1080 4716 ¹3·),s1
1105 4625 1194 4696 testi·
1217 4621 1288 4695 lum
1310 4624 1434 4698 bonum
1449 4651 1577 4700 veteres
1594 4655 1656 4716 pro
1680 4625 1810 4702 solertia
1823 4633 1945 4720 accipie

370 4717 433 4794 bur
449 4713 683 4790 sufficientibus
701 4729 734 4794 δι
748 4718 933 4810 fidedignis
948 4722 1101 4793 convinci
1119 4719 1193 4813 pol-
1217 4723 1269 4792 Sic
1296 4719 1319 4793 li
1339 4725 1412 4813 quis
1433 4727 1600 4814 promittit
1624 4726 1767 4814 aliquem
1790 4731 1945 4800 instituet·

369 4811 419 4893 fit.
470 4821 525 4888 De
539 4820 687 4907 corporis
700 4813 926 4912 inspeliione,
950 4841 1101 4893 anexeo
1121 4846 1193 4894 cer·
1216 4823 1351 4904 cedem,
1377 4820 1516 4898 stlilium
1535 4825 1624 4897 luam
1643 4827 1679 4896 in
1696 4851 1832 4899 uxorem
1847 4832 1943 4898 ducat

1202 4947 1207 4962 ·
1927 4947 1945 4994 t:

378 5143 381 5150 1
408 5059 459 5141 β)
480 5057 627 5153 Donatus
654 5057 823 5125 Marcellae
848 5057 903 5124 lib.
926 5051 984 5142 IV,
1008 5059 1049 5137 de
1069 5063 1193 5128 medice
1306 5065 1367 5130 esse
1387 5067 1502 5132 amillau
1516 5068 1710 5150 virginitatis
1731 5079 1860 5138 notam.
1880 5065 1944 5130 iila

375 5223 381 5232 ⁸
446 5139 580 5248 historia
600 5139 734 5207 mirabili
749 5161 778 5208 c.
799 5139 874 5246 XV·
888 5137 953 5207 un
972 5141 1102 5225 probat,
1123 5163 1193 5230 oon
1304 5145 1453 5233 inprime
1472 5149 1642 5237 qoogrcilu
1661 5169 1728 5218 uon
1749 5149 1945 5235 profluxerit
