4884 5984
401 513 453 607 ιι
681 473 686 482 ’
814 507 963 585 totto
992 505 1114 580 run.
1166 502 1320 583 entur
1351 511 1395 580 x.
1437 489 1569 585 'secr
1594 468 1652 583 ι.·Ι
1692 571 1718 602 ,.

405 707 497 800 qood
522 704 717 782 Deus-velit
739 703 893 778 omnibus
915 731 952 777 ac
974 704 1107 799 singulis
1128 727 1200 778 cre·
1228 705 1278 777 cie
1292 729 1358 778 non
1376 708 1422 780 est
1438 700 1797 791 omnibusneeettida,
1822 729 1861 778 te
1877 705 2024 795 proinde

407 807 562 880 dentibus
585 831 623 879 ea
644 809 738 876 dare:
769 811 868 877 Rom.
884 812 960 876 xli.
975 812 1009 875 (ι.
1061 802 1200 876 Hubert·
1224 808 1384 878 etiamen
1406 800 1499 880 sensu
1521 828 1588 876 non
1612 829 1727 876 omnes
1749 807 1922 876 continere
1948 795 2021 891 pos·

403 917 456 980 trs
473 906 563 979 dono
582 905 682 988 iuxta
702 906 874 1000 gratiam,
900 923 971 998 quae
986 904 1199 1002 dototflno·
1223 899 1315 988 sunt,
1347 899 1401 975 sed
1423 905 1481 990 qui
1505 925 1668 986 uruntur,
1706 922 1840 975 utantur
1869 899 2020 982 re'tn'edio

404 1003 467 1080 bis.
493 1009 600 1078 tCor.
618 1009 692 1074 xil.
711 1027 746 1096 4.
799 995 1095 1172 st¹fi⁰llsslsm¹s
1116 1024 1198 1097 gro·
1222 1004 1371 1095 coniugii
1392 1004 1550 1072 divinitus
1568 997 1781 1093 praescripto,
1812 1023 1824 1072 ι
1844 1001 1927 1073 Cor.
1943 1003 2017 1092 Vll.

401 1104 530 1177 tiorum
551 1104 622 1202 stur
649 1099 821 1174 donorum.
848 1129 880 1174 v.
900 1116 931 1188 8.
1025 1100 1069 1173 iii
1095 1103 1199 1174 datur
1222 1121 1257 1188 9.
1284 1121 1448 1188 quotquot
1469 1097 1552 1171 illud
1578 1119 1705 1171 temere
1731 1100 1910 1188 repudiant
1924 1115 1953 1178 ,’
1970 1117 2019 1167 at·

395 1197 636 1298 perspiritum
649 1195 763 1295 sermo
775 1199 973 1297 sapientior,
1006 1200 1074 1272 ulii
1083 1197 1197 1296 sermo
1220 1207 1286 1287 qu'e
1306 1197 1438 1271 interim
1460 1201 1586 1270 donum
1609 1198 1817 1269 continentia
1842 1217 1966 1285 prater
1982 1203 2019 1268 dt

390 1295 546 1397 scientiae
568 1295 636 1373 sic.
687 1305 823 1372 Donum
849 1296 951 1377 fidei,
984 1295 1074 1388 spei,
1111 1302 1196 1372 cari·
1218 1319 1311 1367 extra
1329 1293 1471 1386 verbunt
1487 1296 1547 1366 fibi
1566 1295 1789 1383 pollicentur,
1809 1300 2032 1390 Deum-teng

398 1402 474 1470 tatis
496 1400 642 1487 pertinet
662 1399 703 1471 nd
725 1400 835 1487 prius,
861 1397 1064 1469 continentis
1082 1418 1196 1470 autem
1218 1414 1302 1468 tant.
1351 1401 1388 1464 ln
1410 1395 1505 1464 donis
1524 1396 1589 1466 Dei
1605 1392 1837 1465 communibus
1857 1415 1898 1472 ce
1914 1413 2017 1484 gent*

398 1495 572 1589 virginalis
601 1500 641 1567 od
669 1498 830 1586 pollecius
862 1518 967 1585 genos
998 1497 1193 1574 donorum,
1217 1489 1344 1561 ralibus
1365 1495 1411 1561 itu
1432 1490 1510 1562 licet
1524 1489 1672 1566 inferre:
1695 1493 1752 1581 qui
1766 1494 1940 1570 voluntte
1957 1495 2015 1563 de·

396 1617 435 1665 ot
470 1594 594 1665 constet
629 1616 669 1665 ex
702 1588 875 1664 manifesto
919 1589 1047 1664 Christi
1087 1594 1188 1664 disto.
1213 1584 1381 1672 stderont,
1414 1592 1532 1660 tDeo
1556 1610 1672 1678 petunt
1693 1598 1728 1663 dc
1751 1586 1921 1662 confident
1948 1583 2015 1662 sese

394 1694 490 1764 Idem
516 1691 655 1762 ostendit
678 1683 837 1779 resipiat
862 1690 1036 1760 nonenim
1056 1687 1189 1774 cbom·
1212 1707 1432 1775 recepturos,
1467 1688 1544 1775 quia
1573 1683 1926 1760 sufficiensnnxiliom
1953 1712 2013 1762 ne·

393 1788 492 1861 nibus
518 1787 677 1860 salvandis
704 1789 906 1876 requiritur,
937 1806 973 1855 ut
993 1804 1085 1856 extra
1107 1810 1188 1858 con·
1212 1787 1296 1856 otini
1313 1785 1517 1876 denegatum
1542 1780 1597 1857 sed
1620 1787 1654 1856 in
1672 1787 1766 1857 donis
1779 1787 1846 1857 Dei
1862 1783 2012 1874 peculia·

393 1888 524 1980 iugiont
554 1889 588 1956 iu
624 1907 788 1976 perpetua
816 1884 1017 1954 continentia
1048 1886 1186 1969 vivont,
1210 1880 1304 1955 ribus
1324 1903 1393 1954 non
1411 1884 1455 1952 itt
1476 1883 1554 1955 licet
1571 1881 1789 1956 concludere:
1813 1884 1871 1970 qui
1890 1883 2010 1958 volunt

391 1984 474 2056 ficut
494 1984 536 2056 nb
566 1982 944 2068 omnibosrequiritur,
968 1985 1184 2078 ut‘ctedont,
1208 2004 1249 2051 ac
1275 1978 1478 2060 destdereut,
1505 2005 1524 2052 ι
1544 1985 1619 2053 Deo
1642 2002 1755 2070 petant
1779 1989 1813 2055 δι
1839 1981 2009 2056 confident

391 2077 544 2174 sperent,
570 2080 729 2173 diligant,
760 2073 976 2167 perseverent
993 2103 1032 2150 oc
1055 2081 1185 2166 pttien·
1208 2071 1274 2152 sesc
1296 2101 1514 2168 accepturos,
1545 2073 1600 2150 sed
1620 2082 1662 2151 de
1681 2078 1745 2151 illis
1769 2080 1881 2150 locum
1902 2079 2006 2157 babet

391 2200 441 2251 tes
457 2177 539 2259 fitit,
566 2203 628 2250 nec
644 2180 745 2250 exstat
761 2175 925 2267 generalis
939 2182 1088 2263 qoaedant
1105 2201 1185 2266 pro·
1206 2179 1463 2262 pronunciatum
1484 2175 1702 2264 apostolicum
1732 2200 1742 2247 ι
1757 2179 1841 2249 Cor.
1853 2184 1932 2250 Xll.
1947 2183 2002 2258 ιἰ,

378 2273 518 2360 ‘millio
542 2280 631 2364 quod
649 2282 740 2347 Deus
759 2273 838 2344 velit
857 2275 1094 2345 continentium
1115 2277 1181 2346 vir·
1204 2270 1378 2372 distribuit
1395 2272 1558 2373 finguiir,
1589 2286 1694 2372 prout
1711 2269 1781 2368 ipse
1803 2277 1898 2361 vult,
1932 2301 2001 2353 oon

389 2373 536 2466 ginolent
566 2376 644 2444 dore
669 2369 822 2442 omnibus
852 2370 1062 2459 petentibus,
1099 2371 1181 2446 ficut
1204 2394 1309 2458 prout
1327 2396 1389 2444 nos
1409 2371 1572 2444 volumus.
1625 2383 1662 2444 ln
1683 2371 1748 2443 illis
1766 2373 1921 2448 voluntas
1937 2375 2001 2451 lto.

375 2471 560 2565 generales
594 2465 822 2558 promislioncs
851 2471 976 2541 exllunt
1011 2473 1053 2544 de
1091 2474 1181 2546 dono
1205 2472 1302 2542 ruinis
1324 2496 1343 2540 ι
1363 2469 1532 2542 voluntate
1551 2472 1617 2542 Dei
1639 2467 1723 2562 sepe
1747 2468 1930 2563 discrepet.
1960 2465 2001 2550 ec

247 2591 259 2600 ·
384 2569 481 2655 fidei,
504 2573 686 2661 patientie,
712 2569 856 2640 caritatis
876 2578 941 2641 dte.
993 2571 1179 2644 Contineo·
1203 2570 1345 2658 proinde
1369 2592 1430 2639 nec
1456 2594 1494 2638 ex
1519 2563 1553 2640 se
1569 2591 1630 2640 nec
1648 2595 1689 2641 ex
1709 2573 1775 2642 D'ei
1800 2576 1891 2644 dono
1914 2571 1999 2646 illud

385 2674 432 2741 tit
456 2667 625 2761 virginalis
652 2690 793 2738 vocatur
815 2666 1010 2764 χάρισμα,
1064 2671 1175 2742 tCor.
1201 2669 1330 2757 potest,
1363 2672 1405 2739 de
1427 2691 1494 2756 quo
1514 2649 1763 2756 ptoot'illioneot
1787 2693 1857 2742 non
1884 2668 1998 2749 habet.
2038 2711 2040 2716 ·

292 2829 295 2834 .
385 2765 844 2858 v11.·7.nlescilieetquod
867 2762 1021 2860 Spiritus
1036 2762 1174 2862 sunii'tts

384 2863 583 2966 distribut,
623 2874 727 2961 prout
759 2862 845 2937 vult.
884 2867 1171 2941 1Cor.Xll.1t.
1279 2877 1306 2949 §.
1335 2867 1510 2935 Dxxvlt.
1548 2864 1731 2956 Quomodo
1762 2891 1842 2941 vtro
1867 2867 1990 2959 probet

243 2977 246 2982 ·
326 3023 333 3038 ,
381 2967 485 3058 Quod
510 2963 531 3036 fi
558 2987 641 3055 ergo
666 2962 722 3034 illo
745 2959 955 3044 charismata,
989 2963 1172 3051 dequibus
1196 2959 1437 3045 bellarminus,
1478 2963 1600 3034 donum
1628 2967 1841 3041 continentiae
1867 2965 1987 3064 offuit

380 3063 547 3154 apostolus
567 3062 694 3137 ibidem
719 3061 886 3151 loquitur,
912 3083 950 3133 ut
971 3060 1171 3151 prophetia,
1194 3057 1340 3130 arbitrio
1369 3083 1409 3130 oc
1434 3063 1592 3156 potestate
1616 3059 1763 3161 nostru?
1803 3075 1848 3147 1.)
1871 3069 1984 3160 Urget

240 3159 244 3164 ’
380 3159 563 3252 sapientis,
601 3158 733 3233 scientia
770 3160 960 3251 linguarum
989 3170 1053 3236 dec.
1097 3185 1169 3248 que
1193 3158 1296 3230 verba
1319 3159 1459 3231 Christi:
1498 3154 1586 3232 Sunt
1604 3162 1757 3248 canusini,
1794 3163 1909 3260 quise
1927 3187 1980 3238 cn·

379 3261 516 3338 fuerunt
542 3259 684 3334 eccleliae
715 3262 819 3349 mogis
844 3258 962 3345 utilia,
1002 3267 1036 3332 dt
1064 3262 1170 3349 magis
1185 3258 1379 3354 straverunt
1399 3271 1537 3353 propter
1558 3284 1694 3354 reguum
1719 3261 1890 3338 coriorum.
1941 3260 1983 3340 Si

378 3367 418 3433 al
446 3361 694 3434 ndificationeut
717 3357 944 3427 conducebant
966 3381 1065 3445 qoam
1090 3383 1170 3429 con·
1192 3357 1398 3428 continentia
1422 3358 1472 3428 ito
1499 3354 1573 3454 effrt
1592 3360 1715 3431 donum
1743 3357 1838 3444 Dei,
1877 3375 1915 3435 ttt
1938 3362 1980 3437 ob

379 3465 536 3544 tinentia,
575 3480 641 3526 nott
661 3479 770 3525 tomen
795 3458 870 3525 data
898 3453 1034 3525 fuerunt
1061 3460 1168 3526 omni·
1191 3453 1336 3529 hominis
1358 3454 1507 3527 eletione
1528 3482 1592 3527 non
1611 3461 1783 3554 penderet,
1807 3461 1978 3535 dicettdum

375 3560 459 3637 bus,
485 3558 656 3644 quomodo
682 3557 805 3623 donum
826 3555 1036 3623 continentie
1060 3558 1168 3624 ontni·
1184 3549 1329 3646 stiffet,
1355 3550 1439 3647 sunt
1469 3558 1623 3643 enotriti,
1662 3563 1719 3653 qui
1738 3558 1823 3655 sunt
1845 3559 1937 3653 ‘satit'
1962 3584 1982 3636 a

377 3656 438 3721 bns
463 3657 497 3722 in
528 3648 743 3729 universum,
780 3652 835 3737 qui
868 3650 950 3721 iilud
982 3672 1167 3738 expetunt,
1196 3646 1297 3736 Deo,
1345 3677 1411 3723 non
1448 3667 1556 3726 nutem
1591 3657 1649 3750 qui
1673 3656 1713 3753 se
1745 3662 1981 3758 castraverunt

374 3746 559 3823 ‘Onceffitm
581 3746 663 3829 csse,
695 3746 863 3819 fldfirmflrl
892 3750 1044 3837 poterit?
1093 3747 1167 3823 Pes.
1193 3746 1417 3837 Resp.·neuto
1443 3759 1590 3825 nostrum
1608 3780 1723 3845 negot,
1757 3761 1899 3846 inillis,
1927 3763 1981 3851 qui

373 3848 454 3918 stote
483 3852 587 3940 igitur
621 3848 690 3917 hec
718 3852 785 3916 duo
817 3849 967 3918 distindu
998 3851 1165 3922 donorum
1190 3847 1279 3920 dorio
1307 3853 1516 3923 continentie
1540 3855 1688 3926 instrusti
1715 3853 1812 3941 sunt,
1848 3859 1893 3930 ab
1915 3861 1981 3936 elei
2044 3881 2048 3892 ·

372 3969 496 4037 genero
519 3944 693 4017 confundit
719 3943 954 4022 bellarminus,
986 3968 1054 4015 non
1075 3949 1164 4018 enim
1190 3948 1300 4017 dlione
1316 3956 1350 4019 dr
1369 3948 1538 4021 voluntate
1555 3949 1703 4040 ipsorum
1723 3958 1911 4042 dependere
1927 3958 1981 4032 ab.

371 4069 487 4117 omnes
504 4048 622 4115 eodem
648 4044 760 4132 gratis
783 4042 905 4110 auxilio
927 4040 1059 4130 poli'unt
1084 4070 1164 4115 con·
1189 4045 1410 4116 slinentiauta
1431 4051 1660 4129 matrimonio,
1684 4077 1755 4140 quae
1776 4078 1839 4142 per
1859 4061 1980 4156 costra.

371 4148 478 4214 tinere
503 4152 536 4213 δι
558 4143 704 4212 credere.
771 4142 920 4213 Credere
944 4137 1076 4226 potsunt
1102 4143 1307 4230 portionem
1331 4141 1491 4217 hocloco
1517 4147 1734 4240 intelligitus
1768 4150 1822 4225 sed
1847 4159 1978 4243 questio

369 4244 437 4311 Dei
457 4240 616 4327 gratiam,
640 4238 697 4320 qui
721 4256 858 4309 utuntur
879 4241 988 4308 medio
1003 4241 1161 4311 divinitus
1183 4241 1252 4319 est,
1283 4266 1325 4311 an
1348 4238 1636 4319 indifferenter&
1666 4251 1851 4322 indistiutie
1878 4281 1896 4325 a
1923 4281 1978 4330 cu·
2005 4245 2010 4251 ¹

367 4340 542 4413 instituto,
579 4337 635 4423 qui
660 4333 801 4405 verbum
832 4338 968 4408 oudiunt
995 4360 1032 4406 ac
1055 4343 1160 4408 medi·
1184 4338 1284 4407 iustis
1306 4336 1409 4409 libera
1446 4343 1615 4418 voluntate
1644 4356 1678 4419 dt
1705 4349 1868 4421 clediionc
1896 4379 1975 4442 pen.

368 4457 499 4515 tantur,
530 4431 584 4505 sed
610 4433 780 4503 continere
811 4460 879 4505 nou
909 4432 1062 4522 poliunt,
1100 4437 1158 4507 nifi
1183 4437 1278 4523 dent,
1313 4440 1438 4506 donum
1465 4438 1546 4510 illud
1574 4441 1695 4513 habere
1725 4447 1778 4516 vel
1803 4448 1975 4527 obtineret

367 4532 490 4622 ouibus
520 4530 732 4622 peculiariter
765 4528 829 4603 hoc
863 4536 976 4603 dutum
1008 4537 1079 4613 cst,
1122 4558 1158 4606 ut
1183 4532 1233 4604 lbi
1255 4558 1334 4606 vero
1353 4536 1503 4611 Christus
1522 4536 1642 4612 diserte
1664 4539 1855 4631 respondet:
1886 4544 1972 4625 Sunt

366 4632 520 4704 Christus
552 4633 696 4701 testetur.
769 4633 984 4702 Continenti·
1021 4633 1155 4717 quidem
1180 4631 1290 4726 quise
1309 4636 1453 4729 castrant
1472 4649 1607 4731 propter
1632 4664 1769 4734 regnum
1794 4646 1968 4736 culorum,

286 4781 289 4788 -
365 4727 432 4801 five
450 4728 574 4798 castitas
592 4728 759 4819 ingerere
777 4726 931 4799 omnibus
953 4729 1015 4815 piis
1030 4730 1076 4800 eli
1098 4757 1154 4804 ne·
1178 4729 1232 4802 ilii
1254 4727 1396 4813 scilicet,
1421 4732 1539 4827 quibus
1562 4736 1678 4810 tatum
1696 4745 1755 4840 esi,
1782 4769 1845 4814 nec
1868 4753 1967 4834 dicit,

363 4821 522 4900 cessitis,
559 4846 598 4893 uc
628 4827 769 4911 proinde
802 4828 901 4896 etiam
941 4850 1059 4898 omnes
1091 4828 1155 4901 hoc
1177 4829 1233 4913 qui
1253 4852 1336 4919 ergo
1353 4831 1425 4904 vult
1442 4858 1579 4922 capere,
1602 4840 1727 4924 capiat,
1753 4836 1805 4912 sed
1822 4846 1881 4938 qui
1892 4851 1974 4942 pot.

363 4919 456 5000 sensu
477 4924 648 4993 continere
667 4917 819 5010 potsunt,
848 4925 905 5010 qui
929 4946 1070 5009 petunt,
1095 4950 1151 4998 cn.
1174 4928 1218 5020 ιβ
1243 4949 1372 5022 cepere,
1396 4931 1521 5027 capiat.
1575 4939 1623 5005 Ac
1645 4939 1761 5007 Paulos
1787 4943 1898 5015 verbis
1918 4946 1964 5020 so·

360 5042 486 5096 nautor
501 5028 535 5091 dt
555 5019 826 5108 concupiscentiis
843 5045 904 5108 per
923 5024 1081 5109 Spiritum
1095 5049 1147 5096 re·
1173 5021 1212 5092 lis
1228 5028 1325 5098 radiis
1340 5023 1467 5118 scriptis
1486 5037 1696 5119 pronunciat:
1730 5042 1963 5135 tCor.v·lt,7,

356 5138 530 5213 Wdssissli
550 5113 606 5206 sid
621 5116 790 5214 lisss'fflfllss
806 5121 1005 5197 willemi*
1022 5119 1145 5221 ἕψε·
1176 5120 1405 5224 Vousqut'sque
1427 5130 1605 5228 proprium
1634 5133 1757 5212 donum
1787 5135 1888 5212 tabet
1915 5168 1972 5229 ιιι,

343 5253 354 5268 '
938 5252 941 5256 ’
1334 5252 1337 5258 ’
1863 5235 1961 5331 Deo,
