4884 5984
838 475 902 546 oa
951 469 1211 567 nkoncttt
1260 477 1497 570 conJrcn.
1573 431 1576 435 ⁸
1907 497 1976 572 ιιι

359 661 531 742 ascend
582 663 801 760 Ditlin'guutut
819 663 965 744 mensem
986 665 1112 745 sermm
1131 671 1166 742 in
1191 696 1210 744 a
1236 665 1311 744 sene
1341 671 1449 744 intans
1481 668 1719 762 septimeslria,
1756 675 1871 763 quidni
1891 676 1993 746 etiam

363 765 599 864 principiam,
634 766 777 840 medium
805 775 841 854 dr
862 767 993 866 finem,
1031 767 1168 842 cuilibet
1190 767 1307 843 diebus
1330 773 1579 860 quatuordecim
1608 791 1740 862 tempus
1769 773 1994 865 generationis

363 867 460 964 parti
479 863 673 938 adtribuunt
690 867 760 936 dier
777 867 912 952 decem,
934 893 972 938 ac
992 870 1026 938 in
1044 865 1168 939 ultimis
1191 869 1371 961 preveniri
1397 867 1540 961 possets
1567 879 1715 958 juvenet
1759 880 1812 968 4.)
1841 877 1991 960 Tempus

367 965 490 1037 decem
513 959 631 1036 dicbus
656 964 846 1054 legitimum
868 965 1060 1039 &vitalem
1081 961 1169 1038 nasci
1191 987 1306 1057 partus
1328 966 1415 1040 ultra
1441 969 1653 1041 constitutum
1674 993 1692 1040 a
1717 972 1854 1043 medicis
1877 971 1991 1042 termi-

367 1083 507 1152 partum
522 1061 686 1142 statuunt,
708 1059 893 1134 rationibus
916 1065 984 1135 nixi
1007 1059 1168 1150 sequenti·
1194 1089 1276 1136 num
1299 1062 1478 1156 differtur,
1510 1088 1547 1137 ut
1568 1065 1668 1156 paulo
1693 1070 1766 1155 pall
1790 1068 1993 1150 demonstra·

368 1159 458 1232 burt
492 1163 537 1242 ι.)
555 1162 664 1240 Puer,
693 1161 749 1248 qui
773 1161 845 1248 poll
871 1158 1171 1234 conformationem
1195 1162 1297 1234 bitur.
1350 1167 1440 1256 Ergo
1459 1167 1558 1237 etiam
1578 1167 1761 1253 anticipare
1781 1168 1899 1256 potest.
1961 1166 1994 1238 Si

369 1257 478 1350 duplo
496 1277 650 1346 tempore
673 1252 814 1330 scnfiblli
830 1277 984 1332 movetur
1002 1281 1115 1341 motu,
1134 1282 1173 1330 oc
1195 1256 1313 1333 adsunt
1328 1261 1450 1343 eausa,
1473 1287 1544 1350 quar
1561 1257 1680 1332 foetum
1694 1287 1884 1349 morantur,
1899 1265 1996 1352 quid-

371 1355 480 1450 tripla
494 1355 530 1429 ia
545 1353 656 1428 lucem
678 1357 806 1441 editur,
829 1359 916 1444 julla
939 1379 1094 1447 tempore
1116 1381 1175 1428 na·
1196 1361 1231 1430 ni
1253 1361 1352 1432 ctiam
1376 1385 1448 1448 quae
1471 1357 1685 1432 accelerent?
1724 1364 1899 1454 Fingamus
1922 1385 1997 1434 mu-

370 1475 428 1528 tua
443 1455 578 1528 dicitur.
626 1457 672 1525 At
688 1456 746 1542 qui
762 1447 852 1526 sexto
876 1451 987 1528 mense
1009 1453 1082 1529 sete
1099 1479 1174 1528 eta·
1197 1455 1314 1530 lierem
1332 1459 1542 1549 viraginem,
1568 1481 1606 1529 ac
1627 1455 1773 1548 puellam
1802 1485 1874 1547 que
1898 1461 1998 1530 citius

373 1557 432 1628 &a
446 1547 608 1632 nascitur,
632 1549 823 1642 duplopusl
841 1547 1176 1625 formationemtetu·
1198 1556 1235 1626 in
1256 1576 1353 1626 utero
1378 1552 1516 1626 formari
1537 1550 1638 1637 solet,
1662 1553 1703 1625 ab
1724 1581 1761 1629 ee
1780 1561 1905 1629 editam
1924 1558 1999 1646 quia

368 1675 461 1748 pute
474 1653 623 1730 moveri,
639 1659 675 1724 dc
692 1649 795 1739 triplo
810 1652 846 1722 in
861 1651 972 1724 lucem
987 1653 1041 1724 edi
1056 1652 1176 1741 potest,
1199 1651 1384 1733 dubitabit,
1409 1649 1597 1746 legitimum
1618 1647 1683 1725 else
1698 1674 1831 1741 partum
1849 1657 1947 1726 etiam
1963 1657 1997 1725 in

373 1751 455 1840 quia
476 1745 621 1822 Galeam
640 1741 710 1838 ipse
731 1750 839 1829 dicit,
876 1749 1067 1846 anticipare
1088 1745 1177 1846 poste
1199 1744 1289 1823 sexto
1309 1745 1446 1827 mense?
1473 1749 1617 1849 Rrfilur't
1639 1751 1675 1822 in
1689 1763 1815 1824 uterum
1831 1750 1997 1848 birganti-

371 1867 477 1924 amma
492 1844 587 1920 ·dirm
606 1845 834 1940 firmationis
855 1856 1005 1944 temper,
1037 1852 1128 1936 quod
1151 1845 1175 1918 st
1198 1870 1261 1922 nor
1275 1846 1413 1942 insons,
1432 1849 1540 1938 inquit
1559 1848 1680 1920 Plinius
1700 1847 1759 1922 lib.
1777 1848 1859 1926 Vll.
1881 1875 1911 1924 e.
1935 1848 1998 1925 lli.

370 1949 553 2022 llatuamut
578 1967 683 2018 unum
714 1945 768 2018 vel
796 1949 879 2018 duos
907 1945 962 2019 vel
990 1967 1058 2018 tres
1080 1947 1176 2025 dies,
1199 1949 1289 2037 quod
1313 1956 1504 2042 portentum
1529 1947 1607 2040 suit
1635 1943 1834 2044 insequentis
1853 1947 1999 2047 publica

371 2045 492 2138 partu't
504 2043 570 2118 etit
585 2038 643 2115 sea
660 2041 832 2115 mensuum.
896 2044 954 2139 ι.)
984 2041 1177 2116 Aristotelea
1199 2043 1429 2125 calamitatir,·
1453 2047 1568 2134 quidni
1588 2069 1692 2136 ergo,
1713 2049 1759 2117 ait
1773 2047 1999 2136 Speroniuciu

373 2141 503 2219 cttfflis
524 2139 603 2236 serr
629 2137 861 2214 animantibus
879 2142 1091 2241 constitutum
1117 2134 1178 2236 effe
1200 2144 1367 2234 dialogis,
1400 2142 1543 2233 publicae
1565 2142 1685 2213 laetitiz
1709 2142 1998 2237 prefignifieandtr

373 2263 400 2318 a
420 2251 548 2316 natata
568 2243 698 2318 tritum
716 2238 876 2336 parimdi
896 2250 1024 2336 temptet
1047 2235 1088 2312 il
1106 2241 1179 2338 sla·
1200 2264 1285 2332 crgo
1303 2242 1396 2311 citios
1408 2239 1523 2312 exilire
1535 2237 1665 2330 poffitt
1695 2243 1909 2331 5.)Excmpla
1922 2264 1999 2332 par·

374 2351 432 2416 ror
447 2363 491 2438 ge
539 2336 645 2414 rimis
657 2339 744 2424 dies,
770 2339 831 2411 arni
844 2347 956 2411 auum
972 2337 1104 2412 lromirti
1117 2357 1178 2411 va·
1201 2359 1254 2410 tus
1274 2333 1481 2410 sextimellris
1499 2333 1696 2409 adferuntur
1715 2338 1757 2412 ob
1778 2342 1946 2414 llvicenna
1960 2336 2000 2408 li·

372 2439 435 2516 ria
472 2437 646 2512 amnonis
665 2432 710 2510 tt
725 2446 848 2533 partus
870 2446 1021 2534 tempora
1043 2435 1178 2509 laxiore
1201 2434 1266 2508 bro
1276 2432 1336 2505 111.
1354 2437 1509 2509 medicin.
1525 2437 1653 2508 trattat.
1668 2434 1714 2510 ll.
1730 2434 1797 2510 sen.
1813 2463 1870 2514 ιι.
1885 2461 1958 2527 cop.
1970 2433 1998 2506 1.

374 2559 422 2612 ac
438 2535 598 2613 liberiore
617 2534 689 2632 lege
706 2531 939 2633 corcefflaeffe,
960 2535 1112 2608 telletum
1125 2557 1179 2607 re·
1203 2534 1376 2624 Augenius
1394 2534 1483 2604 ditio
1503 2529 1567 2606 loc.
1582 2535 1684 2625 capit.
1703 2557 1760 2611 20.
1782 2558 1923 2624 quatuor
1936 2560 1954 2606 a
1968 2531 2000 2607 se

369 2635 489 2727 liquit.
539 2637 641 2725 Apud
660 2635 818 2722 quosdam
843 2633 1008 2724 Hispaniae
1036 2631 1179 2724 populos
1201 2627 1374 2703 obsecreta
1388 2626 1451 2702 else
1464 2651 1636 2704 memorat.
1671 2632 1847 2724 Quacum
1864 2630 1999 2718 itabat,

374 2737 481 2826 enam
510 2733 779 2832 quinqrumeslrer
806 2749 922 2823 partus
954 2729 1070 2804 uitales
1095 2731 1177 2819 edi,
1200 2734 1340 2802 certant
1364 2725 1506 2800 ecclefiae
1525 2730 1689 2816 ministri,
1717 2755 1759 2803 ne
1783 2733 1817 2802 in
1840 2727 1928 2803 bisce
1950 2732 2001 2801 ni·

376 2829 489 2910 refert
515 2834 737 2904 Ferdioandus
768 2835 895 2910 Mena,
925 2829 982 2900 cui
1009 2823 1179 2902 adsensum
1203 2827 1267 2898 mis
1282 2821 1401 2898 morosi
1420 2848 1458 2897 ac
1477 2823 1616 2916 rigorost
1635 2823 1722 2908 tint,
1747 2821 1803 2901 sed'
1816 2825 1838 2900 fi
1853 2829 2002 2900 constan·
2153 2889 2160 2901 .

375 2926 831 3025 przbctvallefiusejmdcm
847 2921 1026 3017 discipulus
1041 2928 1179 2997 incom-
1202 2945 1256 2996 ter
1272 2925 1352 2996 nori
1370 2930 1530 3015 conjuges
1552 2945 1696 3016 negent,
1720 2949 1740 2997 a
1763 2922 1796 3000 se
1820 2927 2001 3017 quidquam

377 3023 657 3118 ment.'Epitlem.
703 3029 798 3118 Cum
809 3048 894 3116 ergo
908 3025 943 3094 in
957 3021 1022 3095 ltoc
1035 3043 1111 3096 toto
1123 3047 1180 3094 na·
1205 3023 1260 3093 laic
1278 3040 1452 3110 peccatum
1471 3019 1553 3105 elle,
1574 3017 1788 3096 conscientias
1802 3023 1948 3112 tartare,
1964 3032 2000 3101 dt

375 3147 465 3202 aurae
480 3125 636 3210 mysterio
649 3120 733 3194 nihil
747 3123 897 3194 constans
914 3145 952 3194 ac
976 3143 1178 3211 perpetuum
1202 3113 1340 3192 diffidiis
1359 3113 1561 3190 occasionem
1575 3118 1726 3207 prebere
1743 3119 1903 3195 desinant.

374 3223 436 3310 fit,
455 3219 636 3296 acmedici
652 3230 689 3295 dt
708 3218 947 3310 philosophiin
967 3215 1181 3291 suirdecisto·
1253 3227 1282 3303 §.
1303 3217 1617 3290 cccclxxvnt.
1668 3221 1715 3287 Et
1731 3219 1847 3290 iisdem
1867 3220 2002 3293 rationi·

374 3319 479 3396 nibus
500 3315 561 3392 sabi
575 3322 822 3399 contradicant,
848 3316 931 3390 olim
950 3318 1041 3390 enim
1066 3336 1181 3404 partus
1203 3312 1266 3384 bus
1287 3307 1383 3385 facile
1406 3311 1630 3404 intelligitur,
1654 3337 1722 3384 nun
1740 3312 1803 3388 else
1823 3320 1865 3386 ad
1889 3314 2002 3406 publi.

371 3411 458 3494 ¹astte
474 3439 612 3492 monum
638 3414 693 3491 vel
724 3417 801 3505 poll
833 3415 1000 3487 decimum
1034 3407 1180 3487 mensem
1202 3433 1277 3482 cam
1300 3408 1531 3499 peanitentiam
1546 3412 1729 3500 cogendam
1749 3414 1904 3493 viduam,
1927 3436 2000 3500 quae

373 3541 450 3596 nort
472 3511 704 3608 probabatur,
746 3537 824 3585 mox
855 3509 1023 3600 frequenti
1046 3503 1181 3582 adsensu
1204 3509 1277 3598 pust
1297 3506 1409 3577 mariti
1426 3527 1571 3578 mortem
1587 3509 1621 3577 in
1641 3507 1808 3598 principio
1831 3509 2000 3583 undecimi

375 3615 482 3690 etiam
504 3611 715 3702 septimeltria
742 3633 921 3700 exceptum
955 3611 1031 3681 ideo
1056 3609 1182 3679 callitas
1205 3602 1323 3676 mensis
1339 3600 1458 3674 fretum
1476 3603 1556 3676 edit.
1619 3605 1786 3692 Ulpianus
1809 3610 1945 3697 quidem
1965 3609 2002 3680 in

377 3719 457 3800 conj
530 3734 564 3782 tn
585 3711 620 3781 in
641 3705 729 3780 hisce
752 3707 877 3780 casibus
894 3730 1020 3781 temere
1041 3731 1111 3777 non
1135 3706 1182 3778 en
1205 3705 1238 3776 t.
1262 3701 1285 3777 l.
1308 3702 1474 3774 intestato.
1495 3712 1524 3788 §.
1548 3725 1602 3776 ιι.
1654 3699 1735 3805 Post
1752 3703 1859 3802 decem
1882 3701 2004 3803 merser

375 3803 460 3882 itas
487 3805 655 3899 picionem
674 3809 833 3880 vocanda.
888 3811 936 3893 r.)
959 3804 1105 3875 Facultas
1124 3826 1183 3894 ge·
1206 3800 1327 3874 mortis
1352 3807 1469 3871 natum
1499 3798 1548 3871 ad
1574 3796 1764 3896 legitimam
1786 3804 2002 3882 hereditatem
2080 3898 2085 3902 ι

377 3905 522 4002 marli
550 3904 816 3992 &concipiendi
845 3903 1024 3991 aliquando
1050 3900 1183 3972 duobus
1206 3897 1450 3973 admittendum
1478 3891 1538 3993 effe
1561 3909 1665 3994 negat
1677 3923 1693 3983 ;
1726 3924 1764 3972 ac
1785 3902 2005 3988 Leotychidas

378 4023 439 4080 eut
455 4001 565 4076 tribus
581 4003 675 4074 annis
696 4002 866 4090 anticipat.
943 4004 1034 4091 Ergo
1067 4001 1183 4070 eadem
1206 3998 1306 4090 regni
1325 3991 1522 4069 successione
1546 3997 1697 4083 privatus
1715 3996 1798 4083 suit,
1822 4004 1915 4089 quod
1934 4023 2005 4072 ma·

378 4099 522 4178 tamtan
540 4101 575 4172 in
594 4097 793 4174 formatione
809 4097 910 4171 soetur
930 4104 966 4170 dt
992 4113 1096 4189 partu·
1114 4097 1183 4168 die·
1206 4114 1259 4168 ter
1278 4097 1351 4186 poll
1366 4097 1480 4167 decem
1502 4087 1627 4166 menses
1646 4121 1664 4167 a
1682 4096 1747 4168 riti
1765 4094 1909 4170 absentia
1926 4119 2005 4169 eum

380 4199 447 4274 but
463 4199 655 4288 quindecim
679 4197 860 4285 anticipare
883 4197 1006 4283 potest.
1056 4194 1183 4265 Antici·
1207 4195 1381 4276 ediderat,
1407 4211 1444 4262 ut
1473 4189 1667 4263 Plutarchus
1695 4195 1731 4264 in
1755 4193 1908 4288 Agesilao
1933 4213 2004 4268 me·

377 4296 527 4392 patiaris
545 4283 648 4366 carisa
668 4291 801 4383 potsunt
826 4291 891 4367 elle
917 4294 1038 4378 variae,
1066 4311 1184 4382 utpote
1206 4310 1325 4363 morat.
1377 4288 1598 4376 Hippocrates
1620 4292 1719 4362 etiam
1742 4293 1776 4362 in
1794 4292 1872 4366 libr.
1889 4296 1931 4365 de
1947 4317 2005 4365 na·

352 4391 546 4470 ”hminum
565 4390 692 4475 robor,
717 4395 805 4464 uteri
829 4391 1003 4482 angustia,
1036 4389 1183 4460 alimenti
1199 4411 1275 4460 tur.
1296 4387 1394 4477 pueri
1411 4384 1572 4458 decimum
1593 4385 1731 4484 mmfcm
1751 4390 1928 4465 terminum
1949 4412 2006 4486 ge·

379 4489 557 4572 deleant,
587 4493 743 4580 quodque
766 4513 878 4563 uterus
900 4491 1049 4560 nondum
1069 4481 1184 4559 adsuc-
1201 4485 1363 4588 stationis
1383 4479 1763 4583 longifflmrtm'llatuete
1779 4491 1923 4561 ridetur.
1961 4487 2007 4566 Er

382 4593 435 4668 ait
447 4591 578 4686 gellare
592 4585 773 4662 soetur'dm.
826 4584 971 4659 intentes
986 4588 1184 4675 quandoque
1207 4577 1292 4664 lieo
1308 4583 1412 4678 μιῖσι,
1437 4585 1567 4671 inquit,
1594 4585 1720 4682 plector
1739 4589 1860 4662 rotae
1876 4587 1918 4663 ri
1932 4611 2009 4684 μα·

381 4684 636 4768 conscientibus
662 4682 774 4771 nasci,
800 4684 954 4769 Solinus,
989 4681 1185 4756 Plutarchus
1207 4677 1390 4799 agitatam,
1415 4679 1452 4754 itt
1476 4680 1584 4755 aecem
1608 4705 1681 4755 men
1695 4681 1789 4771 rbus,
1822 4683 1911 4783 quod
1931 4683 2008 4758 lott-

381 4795 420 4864 dr
437 4787 611 4862 Avic'enoa
627 4785 802 4863 testantur,
823 4779 953 4871 quodfi
977 4781 1012 4851 in
1036 4779 1183 4854 forman·
1207 4777 1372 4950 grflrmum
1395 4781 1461 4879 esi,
1488 4778 1640 4877 nascitur
1678 4790 1770 4856 attat.
1828 4787 1891 4858 Sed
1916 4786 2008 4858 idem

374 4887 433 4974 ,tia
454 4883 611 4960 dentibus
627 4883 676 4954 vis
697 4879 870 4964 natent
891 4901 1023 4967 tempus
1048 4875 1182 4951 consue·
1206 4884 1243 4970 ip
1257 4879 1511 4968 eHippocrates
1524 4882 1558 4951 in
1574 4875 1712 4951 libtudc
1726 4898 1812 4971 part.
1827 4883 2006 4956 otlimellr.

380 5003 456 5058 tutu
470 4983 653 5070 anticipare
666 4981 792 5070 potest,
818 4977 933 5066 quidni
953 4979 1054 5048 etiam
1066 4980 1100 5047 in
1114 4974 1181 5050 sor·
1205 4981 1307 5052 etiam
1325 4979 1539 5049 andecimum
1562 4973 1706 5050 mensem
1727 4981 1866 5070 ognovit
1878 5003 2011 5078 ,dquam

379 5081 511 5158 mandis
524 5077 661 5165 reliquis
681 5075 868 5156 membrisi
893 5076 1001 5150 l’otell
1026 5075 1182 5170 generari
1205 5076 1442 5150 sententiarum
1459 5075 1653 5152 varietatem
1671 5077 1810 5168 quidam·
1824 5073 1892 5148 boc
1905 5081 2012 5150 modo

404 5231 420 5244 -
439 5175 534 5256 sirm.
560 5173 651 5254 XV.
1254 5178 1344 5264 Ppp
1931 5198 2012 5249 con.
