4884 5984
866 481 955 558 aa
1002 481 1349 560 annuat-:nro
1809 569 1813 574 ,
1862 520 1936 593 t„

283 668 358 752 eia,
384 664 507 740 dicunt
530 661 731 744 scholastici.
783 665 957 764 Quamvis
981 669 1091 742 etiant
1124 667 1166 735 rii
1185 660 1350 759 veifluprt'
1374 664 1555 736 damnetur.
1604 665 1677 743 Ubi
1694 674 1791 745 enim
1809 673 1929 748 adsen-

281 767 323 840 in
338 783 465 836 mutuo
488 766 649 862 coniugii
668 761 841 837 consortio
866 767 1020 836 emineat
1036 766 1089 835 vi·
1125 763 1181 836 sus
1204 760 1318 848 duest,
1349 761 1400 833 ibi
1420 764 1456 832 itt
1471 762 1550 836 foro
1570 766 1667 840 civili
1683 773 1791 843 etiatn
1808 793 1926 849 reatus

283 867 320 936 ri
337 864 533 951 autoritas,
553 883 673 936 tamen
693 865 811 956 quoad
829 863 990 957 coniugii
1011 862 1088 931 vin·
1126 857 1406 955 &poenaceiiat‚
1432 882 1561 954 acqua
1574 867 1925 960 pervimvitiataest,

285 962 412 1033 tulum
435 969 468 1033 tie
490 984 535 1032 ex
554 981 596 1030 eo
627 960 840 1032 descendens
868 962 925 1031 ius
951 1007 964 1046 ‚
991 960 1089 1053 quod
1123 981 1196 1031 tton
1212 956 1323 1052 potest
1340 981 1405 1051 pto
1434 981 1519 1029 vere
1546 963 1669 1033 vitiata
1696 967 1846 1055 haberi,
1880 972 1926 1043 -in

281 1058 434 1132 alteria
454 1060 601 1132 alterius
624 1079 754 1151 corpus
781 1057 943 1144 obtinet,
972 1078 1088 1150 aequa-
1123 1077 1234 1149 quatn
1255 1054 1462 1128 sententiam
1490 1060 1596 1130 ntulti
1622 1064 1850 1137 adducuntur
1869 1091 1927 1140 ca.

258 1149 396 1228 'lisest
412 1158 583 1251 utrinque
607 1153 791 1250 obligatio.
841 1158 1026 1241 Quantum
1043 1155 1088 1226 ad
1122 1176 1234 1238 nones
1253 1153 1343 1225 caus.
1361 1172 1417 1238 32.
1442 1177 1477 1248 q.
1496 1176 1527 1245 ς.
1577 1160 1656 1230 Pati
1676 1164 1853 1236 rationaii
1878 1191 1926 1240 ex

283 1249 399 1326 officia
423 1256 588 1349 quaedatn
608 1255 812 1348 coniugalia
833 1252 879 1324 est
903 1253 1087 1346 inaequali·
1122 1252 1326 1346 ignorantia
1347 1254 1557 1324 commixtio
1573 1279 1657 1328 cunt
1674 1262 1743 1330 alio
1763 1266 1843 1332 viro
1864 1270 1925 1340 vol

280 1373 336 1426 tas
350 1353 872 1437 intermoritunt&uxorem‚
899 1348 957 1422 sod
976 1371 1086 1444 quan-
1122 1351 1274 1420 muliero
1303 1347 1415 1437 faita,
1455 1352 1620 1423 adulterii
1658 1345 1804 1431 nantino
1843 1385 1924 1436 eant

233 1437 237 1452 ἱ
281 1471 361 1522 tunt
378 1453 422 1524 ad
448 1448 791 1522 fidemaaebitum
815 1450 1006 1543 coniugale
1030 1449 1087 1518 vit
1123 1445 1470 1540 consorinonpoiio‚
1508 1449 1820 1530 definitumexssat
1845 1484 1923 1555 cap.

281 1557 314 1620 δι
329 1548 479 1620 fiumina
492 1570 597 1642 pates
615 1547 705 1620 sunt.
759 1549 823 1619 Cui
841 1551 1020 1630 reverentia
1037 1550 1088 1614 de-
1121 1545 1284 1616 Iatciiem
1296 1543 1369 1618 &a
1384 1567 1442 1640 34.
1458 1571 1492 1642 q.
1516 1571 1544 1619 1.
1566 1571 1610 1618 ex
1624 1555 1775 1624 concilio
1792 1556 1924 1630 Tribu-

281 1649 396 1728 bettir,
419 1648 454 1715 in
474 1649 525 1716 ius
545 1649 652 1716 vocari
675 1648 809 1740 nequit.
836 1645 906 1715 fine
923 1641 1013 1718 instit
1027 1642 1087 1715 sci·
1121 1643 1244 1713 rionii:
1271 1645 1312 1713 Ia
1324 1643 1439 1716 lenum
1452 1650 1560 1716 enariti
1576 1648 1700 1739 absente
1714 1675 1815 1724 uxore
1821 1657 1923 1749 sttrar

240 1753 246 1764 ‘
280 1747 366 1818 licet
388 1746 551 1839 praetoris
568 1747 592 1815 l.
614 1746 829 1840 generaliter
852 1764 906 1825 13.
929 1743 966 1814 ff.
990 1745 1032 1814 de
1048 1744 1084 1812 in
1119 1744 1181 1811 ivit
1190 1746 1326 1823 uxoris,
1350 1769 1449 1839 quam
1466 1765 1598 1815 utarcnt
1613 1752 1835 1840 putansficam
1848 1756 1924 1852 effe,

232 1889 236 1914 t
279 1844 338 1918 ius
364 1843 540 1914 vocando.
588 1844 702 1934 Atqui
723 1839 812 1913 iutt'u
839 1843 1085 1912 &autoritate
1119 1843 1272 1910 dormivit
1295 1865 1366 1912 cum
1389 1868 1426 1912 ea
1446 1889 1459 1922 ‚
1481 1846 1585 1936 snper
1610 1847 1666 1916 icoc
1685 1849 1788 1940 assum
1811 1851 1925 1947 epist
1995 1889 2027 1938 y

232 1929 238 2034 i
280 1938 509 2036 magistratus
535 1938 750 2016 mulieribus
770 1941 850 2010 data
871 1937 918 2010 est
933 1936 1083 2033 potestas
1119 1938 1185 2030 ipse
1206 1962 1269 2031 per
1283 1940 1491 2032 securitatem
1513 1966 1622 2013 veram
1646 1949 1701 2020 icoc
1711 1955 1921 2044 probaverim

232 2037 241 2118 ἒ
278 2040 431 2115 maritos
450 2040 632 2112 adulteros
654 2036 855 2109 adcusandi.
1118 2042 1203 2132 quod
1215 2037 1455 2134 insciusscccrit
1470 2041 1637 2134 haesccivc
1654 2093 1668 2120 ‚
1696 2053 1937 2139 punientiam

232 2125 237 2144 ²
1117 2140 1275 2230 quideme„
1294 2140 1443 2237 quaestui
1460 2141 1707 2234 indiciaftcerit,
1733 2161 1839 2242 agat,
1875 2151 1923 2224 Ψ

623 2233 820 2318 §.DCXXL
835 2228 1082 2321 QuaeriturV.)
1117 2235 1295 2330 legitimum
1301 2237 1404 2330 secam
1423 2241 1606 2332 coniugium
1628 2242 1741 2314 habere
1749 2250 1925 2337 permitto·

277 2331 344 2416 V.)
363 2330 506 2418 Quaen·
555 2334 649 2427 Quas
663 2336 855 2426 exceptiones
873 2328 971 2424 eausa
993 2330 1085 2399 edui·
1117 2345 1185 2402 tur.
1236 2334 1567 2431 Secundaoxcoptio
1585 2340 1709 2412 itidem
1723 2345 1921 2420 conformis

277 2409 503 2512 tntivruffwfit
551 2434 649 2511 terii,
673 2456 736 2526 qao
750 2435 857 2503 minuc
866 2441 1003 2524 propter
1015 2451 1083 2510 carr
1118 2429 1165 2502 est
1176 2432 1355 2503 iurioivili
1370 2442 1401 2506 &
1416 2437 1598 2506 canonico.
1613 2440 1637 2507 i.
1665 2441 1701 2509 Si
1716 2463 1810 2513 uxor
1825 2464 1878 2526 13.
1890 2457 1922 2530 §.

289 2493 484 2635 'd'ss'ijffi‘d
551 2528 815 2624 diuortiumficre'
829 2530 943 2627 paffit,
966 2530 1088 2604 adunit·
1115 2530 1226 2604 iudex
1251 2550 1281 2619 5.
1301 2531 1338 2602 ff.
1353 2534 1396 2604 ad
1418 2533 1441 2601 l.
1466 2533 1532 2604 lul.
1557 2536 1600 2604 da
1618 2539 1768 2609 adulter.
1819 2538 1925 2615 iudex

297 2663 302 2671 ·
555 2629 628 2701 tat?
642 2628 749 2703 nette
758 2629 988 2698 innocentius
1004 2648 1080 2718 cap.
1116 2627 1267 2712 adulterii
1281 2642 1357 2699 ante
1369 2632 1473 2701 oculas
1488 2634 1600 2702 dovere
1615 2638 1701 2704 debet
1718 2636 1766 2709 85?
1783 2641 1923 2732 inquire-

277 2727 530 2804 disrretionem
541 2726 585 2798 ti.
604 2730 646 2799 dc
660 2750 701 2798 eo
716 2728 780 2820 qui
792 2724 886 2796 cons.
901 2747 964 2795 ux.
973 2745 1080 2819 cogn.
1116 2750 1173 2803 re,
1200 2750 1245 2795 an
1260 2732 1399 2798 aceritus
1415 2733 1529 2821 pudice
1542 2733 1652 2801 vivens
1665 2737 1923 2835 nauticriquoque

276 2827 357 2928 Etfl
366 2826 538 2920 secundum
564 2825 778 2923 evangelicam
802 2826 971 2894 veritatem
995 2820 1082 2892 nun·
1116 2828 1212 2894 tanat
1225 2828 1692 2921 inarescaicndiautorfuerit;
1713 2838 1923 2932 periniquum

277 2950 379 3024 quam
398 2927 460 3024 nist
468 2938 608 3020 propter
618 2926 852 3020 fornicationis
872 2922 1000 3015 eausam
1020 2932 1082 2992 ccc
1116 2926 1198 2992 enim
1210 2926 1339 2994 videtur
1358 2922 1439 3020 effe,
1466 2939 1504 2996 ut
1513 2930 1703 3020 pudicitam
1720 2936 1772 3002 vir
1785 2937 1924 3017 oh'uxa.

277 3029 330 3098 uir
346 3049 482 3095 tenorem
496 3036 556 3096 cut
571 3048 657 3095 uxor
668 3024 760 3116 poffit
776 3023 935 3094 dimittere
948 3023 1055 3091 virum
1066 3067 1080 3095 .
1114 3045 1150 3092 re
1166 3024 1298 3119 exigat,
1327 3047 1424 3118 quam
1434 3026 1498 3119 ipse
1509 3047 1573 3096 noa
1588 3027 1756 3114 exhibeat,
1780 3057 1923 3129 quaeres

274 3147 343 3196 nan
363 3137 472 3194 tamen
481 3123 611 3217 semper
628 3134 764 3217 propter
784 3125 925 3191 camdem
949 3118 1081 3210 causam
1112 3120 1213 3214 potest
1230 3122 1278 3196 ἔθ’
1294 3125 1402 3192 virum
1415 3129 1591 3201 damnare,
1615 3151 1679 3197 non
1693 3155 1759 3199 rem
1784 3136 1822 3201 ab
1838 3159 1923 3206 cvm·
1956 3198 1959 3205 .

276 3223 330 3298 uei
346 3247 435 3294 texor
455 3226 563 3294 virum
578 3275 592 3301 ,
616 3223 666 3292 vei
683 3225 736 3291 vir
749 3223 909 3290 dimittere
919 3216 1022 3312 potest
1043 3240 1082 3286 u·
1108 3219 1328 3314 penstctionem
1355 3226 1461 3291 cantui
1493 3226 1635 3295 criminis
1664 3230 1748 3297 inter
1770 3246 1922 3328 utrosque

274 3347 415 3408 xorem,
441 3323 613 3417 cumpaffit
635 3323 813 3410 exceptione
830 3319 882 3387 oei
901 3318 1082 3411 replicatio·
1115 3323 1358 3412 communicare.
1381 3321 1405 3390 l.
1414 3321 1570 3409 Viro39.
1581 3323 1618 3392 ff.
1629 3324 1750 3397 Soluto
1761 3334 1919 3404 matrim.

276 3448 319 3496 ue
330 3423 478 3518 legitima
494 3422 652 3513 impediri.
700 3418 941 3489 Bellarminus
957 3414 1019 3486 lib.
1038 3416 1080 3484 de
1115 3418 1222 3488 Paria
1236 3417 1348 3490 aetitia
1361 3430 1476 3488 mutua
1495 3420 1681 3514 pensatione
1700 3423 1923 3521 ὀψοποιίαν.

276 3522 425 3616 coniug.
452 3541 528 3613 cap.
559 3541 615 3610 14.
645 3516 764 3589 causas
788 3517 899 3600 illas,
934 3533 1082 3609 proptor
1116 3513 1193 3588 &a
1204 3520 1287 3587 Ecce
1301 3513 1536 3610 capnxxn.
1551 3542 1587 3613 q.
1598 3525 1631 3593 6.
1683 3524 1921 3610 Nonvidetnr,

274 3641 369 3714 quas
385 3617 631 3690 divortiumin
647 3613 749 3687 causa
759 3613 1007 3684 fornicationis
1022 3609 1081 3682 fiat
1115 3620 1202 3709 quad
1221 3613 1302 3706 pari
1325 3618 1454 3685 crimine
1474 3615 1609 3711 inseiiuc
1632 3621 1731 3692 atium
1750 3630 1789 3693 de
1814 3632 1921 3699 eodem

276 3717 482 3803 illicitum,
509 3717 553 3787 ad
569 3713 741 3809 'quatuor
773 3713 889 3806 capita
911 3728 1079 3782 revocat:
1110 3717 1230 3806 punicu
1244 3713 1363 3807 poffit,
1397 3718 1573 3788 undecune
1603 3721 1718 3791 Iudaei
1737 3727 1921 3798 adulteram

281 3815 332 3909 ι.)
358 3815 393 3884 Si
410 3814 591 3908 fornicatio
613 3815 724 3908 suerit
740 3813 812 3912 fiere
840 3814 975 3880 crimine
997 3864 1006 3891 ‚
1032 3806 1081 3881 {J
1114 3810 1305 3906 adcuficrcat
1319 3815 1724 3909 ‚.aequitatissetttcntiam
1738 3828 1921 3897 aDomino

271 3903 413 4009 proinde
432 3937 496 3984 non
504 3913 614 4004 secuit
625 3912 685 4008 nist
697 3909 895 3987 materialis,
919 3922 959 3980 ut
972 3909 998 4000 ſs
1009 3931 1081 3976 cetu
1114 3925 1328 4003 acceperunt:
1359 3915 1548 4008 Quicunque
1563 3915 1778 4016 vestrumsae
1793 3939 1922 4015 peccato

274 4014 413 4084 iierrint
426 4009 521 4106 pnffin
528 4012 674 4107 suerit·,··
688 4020 794 4082 auten
805 4009 990 4104 ignorantia
1008 4027 1079 4074 eum
1114 4007 1182 4103 est,
1208 4013 1337 4102 primur
1349 4011 1486 4104 lapidem
1505 4014 1539 4081 in
1555 4017 1642 4085 iiiam
1661 4022 1782 4091 mittat.
1834 4021 1920 4117 Cap.

275 4135 314 4186 eo
332 4135 402 4182 rent
422 4099 560 4188 leniuit]
588 4134 680 4206 quem
700 4106 916 4199 virumsuum
942 4102 999 4202 ff
1013 4127 1080 4173 cre·
1113 4109 1211 4181 Niicii
1225 4107 1317 4179 caus.
1332 4107 1492 4201 &quali
1502 4110 1627 4185 iisdem
1637 4138 1682 4186 ex
1694 4115 1917 4216 Augustino:

275 4212 378 4284 mnae.
423 4212 492 4304 α.)
511 4212 546 4280 Si
562 4221 696 4304 uterque
717 4209 836 4277 coniux
855 4211 960 4276 eadem
973 4205 1080 4300 crimi-
1116 4207 1209 4280 Niin'i
1220 4206 1411 4301 iniquiucest
1421 4232 1517 4303 qoam
1533 4214 1630 4307 caresta
1635 4216 1866 4310 fornicationis
1874 4225 1924 4293 di»

272 4333 315 4381 tce
332 4319 495 4383 teneatur.
547 4309 605 4402 3.)
632 4309 668 4378 Si
684 4305 755 4399 poti
774 4309 935 4402 cagetitum
956 4305 1079 4376 aduite-
1115 4310 1376 4378 mittereecxorent
1390 4359 1400 4391 ‚
1414 4306 1502 4404 fi&
1510 4310 1923 4415 ipsecanvincitursarnice·

250 4423 262 4440 “·
275 4411 364 4481 eirene
378 4410 523 4505 coniugis
537 4432 607 4478 cum
620 4431 655 4476 ea
671 4430 738 4475 rem
752 4404 911 4477 incubuerit.
959 4404 1021 4496 4)
1045 4404 1080 4472 ti
1116 4410 1145 4475 ri
1156 4431 1169 4487 ;
1181 4409 1320 4476 occurrit
1330 4408 1410 4476 enim
1419 4406 1516 4478 illecti:
1529 4415 1563 4481 in
1571 4437 1632 4507 qua
1640 4415 1777 4488 alternent
1787 4405 1922 4506 iudicas,

276 4507 457 4601 antorsuit
478 4509 631 4603 coniugi,
655 4518 693 4575 ut
702 4504 935 4596 fornicaretur.
975 4502 1081 4588 Quod
1116 4505 1258 4599 teipsum
1274 4510 1463 4576 condemnas
1474 4533 1488 4587 ;
1511 4515 1813 4613 eademenimagir‚
1840 4545 1922 4615 qnae

274 4608 437 4704 primam
458 4606 705 4700 exceptionem
720 4604 920 4686 concernit,
946 4621 988 4670 ea
1001 4623 1083 4670 con·
1117 4607 1314 4681 terminas,
1339 4614 1921 4707 quapropterauirqecisfhrnicatianie

280 4705 446 4778 sentanea
456 4703 502 4776 est
512 4705 583 4775 iuri
598 4700 784 4794 &legibus
797 4702 821 4771 l.
832 4701 970 4772 Siuxot·
987 4720 1041 4782 13.
1052 4708 1082 4782 §.
1118 4703 1212 4795 caecsa
1230 4705 1302 4772 vuit
1320 4708 1450 4775 abiicere
1469 4730 1601 4778 uxorem
1615 4711 1736 4803 suant,
1754 4707 1923 4810 priarde.

279 4804 418 4898 siquis
437 4822 477 4895 ¹7.
499 4802 539 4874 ff.
556 4802 637 4874 adl.
657 4801 722 4871 Iul.
744 4800 912 4870 deaduit.
965 4792 1084 4874 Itndc·
1118 4799 1493 4898 beteffcosornicatianc
1508 4822 1674 4906 purgatur
1694 4811 1924 4906 &immam

276 4926 368 4972 curem
385 4903 579 4972 adulterium
597 4903 736 4970 atteritur
760 4900 950 4977 vindicabit,
978 4899 1085 4986 duim
1119 4903 1452 4997 qaadfimiliteretiam
1467 4903 1800 4997 defatniaadiccarint.
1838 4918 1923 4991 Era·

279 4998 415 5096 itastintn
427 5026 512 5072 uxor
521 4997 615 5097 paffit
630 5024 692 5068 non
706 4994 798 5093 effu,
822 5011 979 5067 tactuum
1002 5019 1086 5092 quoe
1120 5001 1217 5073 stnus
1245 5002 1281 5071 in
1306 5001 1367 5071 lib.
1392 5004 1434 5073 do
1455 5009 1611 5078 matrim.
1630 5010 1726 5081 dicit.
1776 5016 1924 5089 Maritus

277 5103 512 5199 vituperatur,
537 5124 601 5172 nau
617 5098 658 5196 cst
673 5103 706 5170 in
722 5123 758 5168 ea
773 5100 889 5194 cama,
916 5109 953 5169 ut
964 5097 1085 5169 aduite-
1119 5101 1248 5178 edaciter
1262 5125 1325 5171 nan
1341 5101 1432 5173 acciet
1448 5107 1499 5176 ius
1510 5109 1686 5180 divertendi
1700 5113 1742 5182 aie
1755 5116 1902 5190 adultera
1913 5161 1932 5200 ,-
2036 5141 2040 5152 ·

1824 5239 1925 5314 quam
