4884 5984
957 399 1454 588 ,nuenario

315 723 319 730 .
402 655 529 766 ditent
542 654 706 740 minime
726 644 1060 752 contemnendas,
1086 643 1171 732 non
1181 615 1342 758 possunt
1357 667 1438 730 non
1459 636 1680 738 nuilitioni
1695 639 1970 738 &uindicare
1978 625 2074 738 me·-

405 795 489 883 gno
511 765 590 857 elie
615 789 872 868 ornamento,
901 785 1103 876 certaeque
1116 755 1493 846 commendationi·
1562 794 1565 802 ·
1911 793 1915 800 =

446 1077 450 1084 “
519 1073 603 1165 Sed
624 1095 758 1160 tamen
780 1071 925 1184 partim
939 1066 1154 1156 voluminis
1168 1061 1289 1154 huius
1307 1061 1357 1152 ad
1379 1061 1518 1149 iustam
1536 1059 1853 1174 magnitudinem
1871 1064 1951 1152 iam
1970 1086 2060 1176 per·

407 1191 491 1292 lati,
518 1190 664 1301 partim
679 1185 870 1298 temporis
897 1205 1018 1293 atque
1035 1179 1192 1266 instituti
1208 1180 1308 1264 ratio
1335 1200 1417 1262 non
1434 1171 1548 1274 tulit,
1577 1196 1623 1258 ut
1646 1177 1802 1278 omnia,
1832 1175 2061 1374 qsuaemb*

409 1327 549 1390 remus
577 1297 755 1397 edenda,
792 1321 870 1380 una
886 1293 1228 1402 subiungerentur.
1285 1289 1417 1374 ltnmo
1435 1284 1611 1396 hosipsas
1627 1282 1835 1373 duiliffimi
1878 1287 2085 1376 CHOT·-

409 1417 491 1502 Tll
508 1411 627 1498 nostri
654 1404 1007 1494 animadversiones
1029 1427 1111 1488 non
1131 1399 1199 1486 nisi
1214 1423 1289 1512 pro
1306 1402 1485 1512 primitiis
1508 1396 1870 1486 additamentorum
1884 1398 2062 1490 velimus

410 1525 622 1640 reputari,
635 1546 734 1634 quas
759 1524 798 1604 in
809 1516 984 1630 proeliari
983 1509 1325 1632 fitppiememorrmr
1341 1534 1441 1599 rouro
1460 1507 1516 1597 lar
1546 1510 1607 1594 'or
1624 1509 1888 1628 consequetur
1905 1511 2063 1626 mellis,

411 1665 497 1724 non
511 1660 577 1722 eas
593 1637 746 1718 tantum
765 1629 1024 1728 acceffiones,
1048 1653 1138 1740 quae
1153 1621 1202 1709 ad
1216 1617 1355 1712 fotum
1374 1619 1485 1708 civile
1523 1617 1705 1732 pediam,
1725 1619 1921 1734 sedquam
1938 1628 2065 1712 maxi·

412 1776 482 1836 me
496 1745 642 1942 ritrslrns
658 1747 775 1830 etiam
793 1735 1317 1854 obstrvmionestheoiogims,
1354 1734 1449 1822 varii
1473 1736 1628 1846 generis
1655 1758 1775 1846 arque
1801 1740 2064 1848 argumenti,

413 1886 536 1970 comp
552 1883 687 1943 exuta.
746 1851 951 1940 Nonnulla
978 1853 1085 1936 enim
1111 1847 1426 1958 hypomnemata
1458 1845 1535 1930 iam
1554 1872 1577 1930 a
1596 1845 1710 1931 nobis
1734 1843 1821 1930 sunt
1834 1843 2065 1951 elaborata,

415 1999 534 2083 atque
564 1969 613 2052 ad
636 1964 795 2077 prelum
817 1988 968 2069 patara,
998 1960 1111 2072 plura
1126 1957 1323 2044 habemus
1352 1955 1422 2042 sub
1440 1955 1623 2040 manibus
1631 2018 1643 2059 ,
1673 1986 1762 2152 Ἱυε
1783 1956 1852 2043 suo
1877 1982 2065 2072 tempore

415 2080 640 2193 adpendicis
656 2077 704 2162 ad
723 2077 831 2160 lrunc
848 2096 1007 2157 tomum
1022 2071 1114 2156 loco
1130 2067 1299 2156 edentur
1312 2072 1350 2153 in
1378 2066 1616 2177 publicum,
1662 2072 1923 2182 puriumque
1964 2077 2065 2182 capi·

418 2218 509 2279 tum
531 2213 671 2276 notatu
687 2186 1006 2299 dignissimorum
1024 2180 1328 2293 explicationem
1342 2176 1564 2278 absolvent,
1592 2179 1715 2265 veluti
1730 2180 1781 2265 de
1790 2181 2007 2292 poligamia
2024 2184 2068 2273 δι

415 2303 673 2411 monogamia,
699 2298 750 2383 de
767 2295 954 2394 raeiiiotu,
988 2293 1244 2394 concubinatu,
1280 2292 1458 2392 diuortio,
1501 2291 1543 2374 de
1562 2292 1737 2400 gradibus
1758 2292 1981 2404 prohibitis,
2018 2295 2065 2382 le·

418 2440 580 2526 gumque
594 2413 655 2496 mo'
671 2413 833 2496 dirarum
847 2410 888 2491 in
902 2404 976 2490 iliis
989 2400 1202 2518 definiendis
1215 2404 1259 2488 vi
1270 2423 1377 2514 atque
1393 2398 1628 2505 aridorum,
1663 2398 1915 2517 deseniiitote
1933 2411 2069 2494 retorri-

416 2529 534 2612 mrnii
547 2523 628 2608 chri
654 2523 758 2620 iani,
793 2521 835 2603 de
850 2518 960 2602 iudice
974 2510 1163 2627 tardamur
1181 2517 1230 2601 od
1252 2515 1533 2600 nimiruonirmr
1545 2517 1809 2626 pertinemitmr
1819 2579 1832 2620 ,
1871 2515 2070 2647 definibtu

416 2636 595 2745 conirrgii,
624 2631 666 2718 u
684 2657 773 2745 quae
797 2629 868 2718 alia
884 2625 969 2716 sunt
990 2628 1197 2717 recentiori
1214 2621 1428 2741 praesertim
1442 2651 1529 2716 aevo
1552 2652 1575 2712 a
1599 2625 1795 2744 nonnullis
1820 2632 1861 2716 in
1886 2627 2075 2746 discepto.

421 2773 574 2844 nonem
592 2767 743 2835 vocata.
1205 2803 1208 2808 -
1884 2763 1904 2774 ··

532 3051 861 3151 Restatunicum,
888 3046 1000 3166 quod
1015 3049 1312 3160 praetermittere
1329 3049 1418 3138 heic
1431 3045 1512 3138 non
1527 3045 1747 3163 possumus.
1805 3053 2072 3170 Quumnenr·

423 3193 477 3280 pe
493 3191 515 3251 a
532 3163 774 3277 quibusdam
799 3161 1053 3262 censoribus,
1082 3186 1259 3274 quorum
1280 3169 1510 3276 ceteroquin
1533 3165 1570 3246 in
1587 3187 1660 3247 nos
1677 3164 1800 3251 sludia
1816 3193 1939 3279 atque
1957 3167 2071 3255 bene·

422 3276 637 3365 volentiam
660 3299 774 3386 grato
791 3271 1038 3382 agnoscimus
1055 3278 1209 3373 animo,
1238 3273 1523 3386 exprobratum
1535 3271 1643 3375 sirei,
1673 3279 1742 3386 qui
1753 3279 1905 3364 sumtus
1916 3281 1956 3364 in
1972 3279 2069 3365 hanc

424 3391 639 3477 editionem
663 3388 784 3487 l'aeit,
822 3387 925 3495 typis
951 3383 1209 3469 exscribendis
1241 3387 1421 3472 viliorem
1445 3389 1569 3484 iustu,
1606 3412 1832 3502 parumque
1846 3388 2068 3500 elegantem

422 3500 805 3604 adhibericltartam3
835 3494 1084 3580 monendum
1096 3498 1430 3599 existimavimus,
1452 3498 1642 3586 diversam
1653 3502 1770 3586 vendi
1786 3499 2066 3613 exemplomm
2106 3495 2109 3504 ’

423 3619 599 3721 copiam,
625 3608 788 3693 alteram
802 3606 1048 3707 nitidiorem,
1077 3635 1248 3719 eamque
1265 3614 1421 3694 maioris
1437 3613 1570 3720 pretii3
1592 3609 1801 3722 vulgarem
1820 3609 2064 3715 aiteram&

422 3725 616 3821 minoris,
646 3721 701 3803 uti
718 3719 880 3830 parest,
909 3720 1171 3827 conslantem3
1199 3721 1901 3832 necdubitamusomninoadsererc,
1930 3728 1970 3811 in
1981 3751 2064 3837 pru·

423 3833 515 3918 senti
531 3832 725 3916 librorum
751 3834 1017 3916 recentiorum
1040 3834 1220 3933 caritate,
1251 3859 1296 3917 ac
1334 3860 1408 3943 pro
1439 3861 1503 3933 ea,
1544 3860 1631 3946 quae
1651 3835 1870 3949 lruicoperi
1900 3833 2061 3940 dicatur,

425 3970 520 4030 cura
536 3969 655 4057 atque
676 3943 892 4055 diligentia,
921 3941 995 4028 tale
1011 3941 1061 4025 illi
1076 3945 1249 4052 pretium
1268 3941 1345 4031 elle
1362 3947 1618 4034 constitutum
1639 4005 1655 4052 ,
1688 3950 1800 4061 quod
1813 3946 2058 4060 impensasio

427 4055 644 4145 editionem
659 4056 806 4142 hancce
827 4057 983 4143 collatas
1007 4056 1076 4142 vix
1093 4079 1287 4167 exaequet

541 4362 665 4478 Quod
681 4362 880 4479 reliquum
898 4363 972 4467 est,
993 4362 1088 4450 nihil
1104 4364 1230 4476 magis
1254 4366 1293 4451 in
1309 4369 1411 4455 votis
1426 4365 1647 4469 habemur,
1683 4371 1900 4480 animoque
1930 4391 2058 4483 propo

427 4478 564 4612 stum,
588 4477 969 4675 puamutexsludiis
992 4477 1129 4606 nostrie
1146 4477 1298 4602 sinceris
1308 4483 1549 4596 integrisque
1563 4484 1699 4569 inrem
1708 4480 1853 4569 sacram
1864 4503 1986 4594 atque
1998 4505 2059 4597 pu·
2080 4553 2082 4560 .
2105 4514 2111 4574 3

430 4589 574 4680 bhcam
607 4587 743 4677 ruiius
760 4589 981 4677 redundent
992 4589 1194 4675 uberum.
2107 4613 2111 4622 ·

543 4901 677 5014 nque
698 4898 872 5001 tavare,
902 4896 1139 4990 necron
1168 4895 1499 5014 nunrvouu,
1528 4901 2060 5027 nomsqueconaoousqu
2106 4835 2112 4950 ἕ

435 5009 699 5126 libuscunque
718 5039 840 5124 porro
855 5007 958 5100 fave.
