4884 5984
385 475 461 552 222
507 464 658 578 rocus
681 461 812 544 xxvt.
834 465 935 546 car.
960 466 1008 542 x.
1038 465 1166 545 sacr.
1189 465 1252 541 m.
1275 463 1387 540 aar.
1411 459 1458 537 n.
1482 455 1647 626 omnp.
1673 461 1717 541 n.
1737 457 1898 540 anan.
1924 458 1996 574 tn.
2050 543 2054 550 ,

386 654 473 730 talia
490 649 721 725 matrimonia
743 648 806 722 smt
830 649 956 724 irrita?
996 651 1034 723 si
1060 649 1194 745 prius,
1230 649 1381 721 nitatem
1379 646 1554 742 semitper
1559 645 1791 741 fieseeptionem
1794 627 1888 739 serni
1895 646 2039 726 ordinis,¹

388 754 488 826 nullo
517 748 679 822 ecclesiae
702 750 844 821 decreto
878 750 1196 823 matrimoniorum
1229 758 1290 817 ant
1306 768 1367 838 per
1387 748 1608 843 profeffionem
1630 742 1808 840 expreffinn
1829 746 1881 814 nel
1906 747 2036 822 taeiton't

387 853 536 923 illorum
563 846 713 919 firmitas
748 845 893 919 stabiliri
932 848 1067 947 potest:
1115 866 1192 940 cap.
1217 844 1352 941 fastam
1369 846 1464 915 alieni
1477 849 1516 914 de
1538 845 1743 942 religionibus
1758 869 1823 937 per
1830 844 1943 937 sedern
1959 869 2035 939 apo·

386 963 464 1024 sont
478 951 606 1046 qnidam
622 943 695 1021 &a
721 945 834 1018 XXV.
860 968 895 1041 q.
928 971 959 1020 1.
985 950 1026 1018 Si
1042 945 1193 1040 pontssx
1216 944 1365 1041 stolieam
1380 943 1579 1039 adprobatis.
1621 943 1766 1038 'Reliqua
1787 966 1864 1015 nero
1885 956 1963 1014 uota
1980 940 2049 1043 etfi‘·

385 1053 421 1121 id
439 1095 453 1130 ‚
482 1050 568 1145 qnod
582 1048 759 1116 docuerant
771 1045 948 1139 prophetoe
971 1045 1017 1122 ἔθ’
1037 1043 1190 1134 apostoli,
1227 1047 1420 1139 quandoque
1444 1045 1684 1114 matrimonium
1708 1044 1888 1134 impediant
1908 1055 2032 1113 eontra·

384 1147 562 1247 destruere,
585 1151 670 1241 quad
684 1145 779 1239 abfit,
800 1142 1191 1237 niteretur,nonsenten·
1223 1144 1386 1217 bendnm,
1413 1139 1804 1237 &quantonionifestins
1815 1140 1896 1230 font
1909 1138 2031 1246 emisso,

383 1252 467 1320 tiam
486 1250 586 1319 dare.
601 1242 663 1337 sed
681 1245 785 1340 magis
806 1265 917 1311 errore
939 1247 1190 1314 eonointeretnr.
1225 1252 1319 1311 tanto
1328 1252 1468 1334 propter
1481 1242 1631 1331 pluriam
1640 1240 1834 1336 scandalunt
1851 1238 1920 1324 &²
1934 1264 2030 1311 exen-

383 1346 498 1441 Atqui
523 1341 740 1415 ostendimus
764 1337 953 1434 superius,
991 1363 1057 1437 pet
1084 1360 1193 1436 papa·
1218 1340 1313 1434 plum
1335 1342 1448 1407 durior
1469 1339 1657 1431 paenitenda
1674 1335 1963 1435 transgressoribus
1981 1343 2029 1409 de·

381 1445 456 1515 lem
480 1436 772 1535 dispensationem
787 1443 1190 1512 monachorum'&mo-
1224 1439 1362 1517 beatur,
1385 1448 1570 1507 nontamen
1593 1435 1766 1531 rescindere
1780 1434 1909 1532 pensent
1920 1440 2030 1509 matri·

382 1540 537 1612 nialium
557 1538 787 1608 matrimonia
801 1535 926 1629 saepius
947 1532 1046 1609 luisse
1061 1533 1189 1607 confir·
1222 1539 1331 1608 monia
1346 1533 1418 1630 poli
1449 1533 1625 1608 contraite.
1676 1536 1791 1628 Atqui
1824 1533 1852 1610 ,st
1885 1547 1937 1606 'ex
1963 1534 2028 1610 sola

382 1658 490 1711 mata.
542 1639 633 1707 Item
655 1636 885 1706 matrimonia
912 1635 973 1707 illa
996 1631 1189 1729 semper&
1224 1631 1374 1707 eccleslae
1402 1632 1649 1705 constitutione
1670 1634 1746 1704 voti
1770 1631 2027 1708 solennitates

381 1756 556 1831 perpetuo
583 1730 786 1820 inecclesra
806 1731 958 1803 iudicari
993 1727 1187 1805 debuissent
1221 1733 1394 1819 inventa,
1430 1732 1557 1825 utique
1584 1734 1693 1804 etiam
1715 1752 1761 1802 ex
1786 1730 1858 1802 solo
1881 1732 2026 1808 ecclesia

380 1835 502 1920 irrita,
528 1834 614 1926 qnia
634 1832 690 1901 ius
707 1828 873 1901 divinum
893 1851 934 1901 ac
955 1830 1116 1902 naturale
1139 1826 1187 1918 esi
1207 1830 1361 1901 decreto
1378 1831 1573 1924 dependet,
1594 1837 1597 1842 '
1615 1832 1712 1924 quod
1739 1849 1871 1900 votum
1888 1828 2027 1928 solenne

379 1951 597 2026 perpetuum
634 1935 668 1999 te
700 1925 936 1998 immutabile.
988 1926 1065 1999 Cur
1097 1948 1184 2018 ergo
1220 1928 1446 1999 continentia
1461 1929 1735 2000 matrimonium
1748 1925 1825 2019 post
1846 1928 1937 2008 issod
1948 1939 2024 2000 eon

378 2028 620 2104 Bellarminus
652 2025 694 2098 de
724 2027 888 2095 monach.
916 2048 992 2120 cap.
1021 2023 1184 2095 XXXIV.
1220 2022 1377 2097 erastum
1391 2025 1536 2098 irritum
1546 2027 1694 2112 reddat,
1721 2027 1820 2120 quod
1837 2049 1911 2097 non
1925 2026 2024 2100 faeiat

379 2127 425 2196 ad
444 2122 637 2220 Augustini
659 2131 692 2195 δι
704 2121 918 2216 Hieronymi
933 2120 1026 2195 dina
1041 2121 1183 2216 respon·
1217 2142 1348 2194 votum
1357 2122 1515 2218 simplex.
1536 2122 1768 2196 Lombardus
1786 2123 1850 2194 lib.
1864 2124 1927 2197 IV.
1940 2123 2020 2200 seno

381 2223 463 2308 det,
489 2227 648 2291 deereteem
662 2217 908 2314 ecclesiasticum,
944 2245 1006 2315 qno
1033 2219 1182 2292 inhnmles
1219 2218 1293 2291 dist.
1318 2241 1376 2312 37.
1402 2221 1678 2301 mauimonium
1703 2219 1780 2317 post
1799 2237 1933 2295 votum
1950 2223 2041 2295 fimo'·

368 2318 465 2414 finnt
482 2322 526 2390 ad
550 2320 819 2394 matrimonium,
843 2321 898 2412 qai
922 2330 1036 2389 ootnm
1066 2317 1182 2389 babent
1216 2318 1303 2413 plex
1324 2316 1547 2391 contraitum
1568 2319 1649 2390 ideo
1672 2343 1745 2391 non
1776 2320 1903 2392 dirimi
1934 2319 2023 2406 adse·

331 2490 333 2494 ,
367 2418 521 2511 solenne,
544 2420 588 2486 od
603 2440 717 2489 eornm
734 2416 885 2484 notitiam
903 2441 967 2487 non
984 2413 1183 2513 perveniffe?
1218 2417 1288 2501 rit,
1316 2418 1403 2509 quia
1400 2417 1539 2515 simplex
1554 2427 1667 2487 votnm
1674 2422 1814 2512 probari
1828 2427 1896 2490 nort
1905 2420 2020 2517 potnit

372 2515 415 2585 si
426 2513 623 2609 posterius,
650 2516 687 2585 in
701 2511 849 2584 arbitrio
873 2515 1045 2601 ecclesa,
1072 2512 1178 2602 idest,
1212 2513 1277 2607 4.)
1301 2512 1488 2602 ussindo>
1503 2515 1593 2602 illa,
1619 2519 1857 2612 quodvotum
1876 2517 2022 2613 simplest

376 2605 579 2707 pontificis,
603 2609 769 2684 relitium
793 2610 859 2681 etit
883 2615 968 2684 talia
995 2613 1179 2684 matrimo-
1214 2611 1253 2682 ht
1272 2629 1412 2682 tantum
1423 2613 1584 2705 promiffio
1602 2620 1641 2683 de
1652 2616 1798 2709 futoro,
1816 2633 1953 2690 votum
1967 2613 2021 2689 {soa

376 2703 656 2796 niafatererata.
709 2706 767 2800 2.)
795 2704 1179 2806 Cumergotantipon-
1210 2707 1694 2808 lennedonatiodeprarsente,
1715 2732 1812 2785 earet
1828 2715 2021 2800 omnison-

375 2805 471 2880 deris
503 2828 545 2880 ac
573 2807 750 2879 momenti
773 2804 810 2876 stt
839 2806 900 2877 illa
923 2805 1093 2901 quaestio,
1120 2809 1179 2878 de·
1213 2808 1379 2877 damento
1400 2806 1593 2906 scripturae.
1645 2811 1796 2899 Quando
1824 2814 2021 2913 enim-pro·

254 2929 256 2932 ·
373 2901 500 2979 baillet
523 2905 764 2978 Bellarmsnus
800 2905 963 2976 alterutri
994 2906 1088 2999 parti
1111 2903 1178 2976 sese
1213 2903 1324 2975 missio
1350 2927 1531 3002 perpetua
1558 2911 1784 2981 continentia
1814 2909 1934 2985 libera
1960 2936 2020 2987 vo-

373 3000 484 3073 adittn
514 3026 596 3089 ere,
622 3003 719 3097 quod
745 3019 865 3076 tamen
892 3004 1104 3096 neutiquam
1129 3003 1178 3074 fa·
1212 3002 1347 3073 luntate
1369 3000 1407 3074 fit
1425 3002 1503 3076 Deo
1536 3008 1799 3080 excellentioris
1829 3003 1919 3082 boni
2006 3058 2044 3096 ·,

374 3100 454 3186 cit,
486 3023 548 3172 ied
569 3089 860 3267 ἐπαμφοτιρὶἷων
884 3118 1078 3194 utramque
1102 3098 1175 3172 sen·
1213 3100 1283 3185 tia,
1306 3034 2017 3208 (qumpromsnonemvommdmpffr)

371 3199 522 3270 tentiam
538 3201 624 3271 dicit
643 3195 707 3269 esse
724 3218 790 3290 pro
816 3196 974 3282 abilem,
1000 3204 1033 3268 &
1049 3220 1175 3291 quam·
1212 3216 1291 3268 tum
1307 3221 1379 3268 non
1401 3219 1542 3273 tantum
1557 3199 1605 3272 est
1617 3203 1801 3301 promissio
1828 3199 1873 3286 de
1896 3205 2017 3288 futuro

370 3298 427 3367 vis
454 3297 491 3366 in
507 3297 569 3370 lib.
591 3299 634 3369 de
659 3315 763 3371 matr.
790 3297 826 3365 in
847 3292 1078 3387 posteriorem
1100 3294 1172 3365 sen·
1211 3294 1267 3366 sed
1285 3297 1393 3366 etiam
1410 3299 1555 3369 donatio
1577 3301 1619 3370 de
1640 3300 1836 3393 prasente,
1856 3309 2016 3400 quiam.

367 3396 518 3466 tentiam
539 3398 655 3490 magis
685 3394 855 3463 inclinare
885 3394 1081 3478 videatur,
1124 3414 1172 3462 ta·
1207 3394 1252 3463 lis
1278 3392 1426 3487 persona
1456 3419 1502 3466 ex
1536 3399 1714 3493 hypothes
1772 3401 2015 3496 ontificiorum

367 3489 1172 3583 menmentemsuamplane&perspicuenon
1207 3493 1312 3561 tradit
1340 3490 1372 3563 se
1397 3495 1434 3564 in
1463 3493 1623 3588 sponsam
1653 3423 1823 3585 esnisia,
1863 3509 1898 3572 ἃ
1922 3502 2014 3598 spiri·

366 3592 527 3682 exponit.
580 3590 637 3681 3.)
673 3590 713 3658 ln
735 3589 812 3657 iure
837 3587 1171 3674 canmicohabetur
1206 3591 1299 3659 tuale
1329 3592 1604 3664 matrimonium
1630 3616 1714 3665 cum
1735 3618 1777 3665 eo
1806 3605 2009 3690 contrahit,

368 3683 527 3779 expressa
539 3685 719 3781 pontificis
744 3684 890 3769 decisio,
919 3684 1170 3776 quamBellar-
1207 3688 1374 3778 quamvis
1395 3711 1482 3785 ergo
1501 3714 1574 3761 non
1591 3696 1760 3764 accedant
1787 3694 2008 3773 solennitates

365 3784 487 3854 minus
503 3806 574 3853 non
588 3777 755 3871 debuisset
768 3784 1036 3875 pretermittere
1051 3831 1063 3868 ,
1079 3786 1170 3853 mul·
1206 3806 1251 3852 ex
1272 3786 1433 3857 ecclesiae
1461 3787 1706 3861 constitutione
1724 3793 1882 3865 inventae
1901 3846 1913 3883 ,
1953 3798 2008 3894 ipsi

366 3898 403 3952 to
426 3883 546 3953 minus
573 3883 609 3951 in
637 3879 746 3952 dubio
765 3881 928 3950 eamdem
953 3881 1169 3974 relinquere.
1204 3900 1324 3954 tamen
1347 3884 1410 3976 (ut
1424 3886 1632 3980 ficloquar)
1660 3886 1858 3962 substantiae
1872 3898 1948 3968 voti
1962 3900 2007 3968 ni·

364 3977 423 4050 Sic
443 3975 881 4051 enimsctihitBonifacius
902 3977 995 4048 VllI.
1019 3979 1063 4049 ad
1078 3978 1170 4050 Bite-
1206 3982 1258 4052 hil
1280 3983 1446 4069 decedit,
1488 3985 1544 4055 sed
1565 4008 1631 4080 per
1656 3989 1744 4058 illud
1767 3985 1895 4063 efficax
1927 3995 2006 4067 obli·

366 4076 505 4148 rensem
536 4076 742 4170 episcopum
769 4097 845 4169 cap.
859 4077 956 4146 unic.
979 4079 1022 4147 de
1040 4097 1113 4148 vot.
1137 4085 1171 4148 &
1205 4081 1303 4173 gatio
1315 4081 1576 4169 introducitur,
1604 4106 1688 4155 cum
1707 4084 1935 4164 solennitates
1948 4094 2006 4168 smt

363 4176 440 4242 voti
458 4176 606 4243 redemt.
621 4176 657 4243 in
671 4178 704 4246 6.
757 4176 828 4246 Nor
846 4179 1069 4251 adtendentes.
1084 4181 1170 4269 qnod
1206 4180 1377 4248 duntaxat
1388 4199 1578 4251 externum
1595 4184 1743 4276 aliquod
1758 4186 1926 4264 accidens
1936 4191 2007 4263 subs

362 4273 429 4338 noti
445 4270 624 4359 solennitas
646 4295 685 4341 rr
696 4271 769 4364 solo
794 4274 929 4371 ecelesiae
954 4274 1172 4368 constitutione
1205 4272 1367 4346 stantiam
1386 4279 1439 4347 rei
1471 4301 1543 4347 non
1575 4300 1754 4355 mutantes
1780 4306 1848 4355 nec
1871 4292 2005 4361 tarian·

339 4401 343 4410 ·
356 4368 405 4463 fit
426 4367 580 4449 inventa,
618 4373 817 4441 matrimonii
840 4395 915 4441 vero
937 4375 1097 4441 vinculum
1127 4375 1168 4441 ab
1204 4392 1270 4443 tes.
1320 4373 1420 4445 Vidit
1433 4377 1501 4445 hoc
1519 4376 1783 4468 Bellarminus,
1809 4383 2005 4483 ideohppo-

361 4466 431 4561 ipfh
452 4468 587 4567 eecleſsoe
608 4472 737 4563 eapite,
773 4494 883 4538 rernm
905 4472 1044 4539 ornninm
1061 4475 1165 4540 eondi—
1203 4471 1331 4543 thetica
1352 4473 1537 4565 loquitur:
1565 4478 1599 4543 Si
1621 4479 1848 4572 exscriptoris
1865 4500 1927 4556 ant
1948 4489 2006 4557 eoi·

359 4577 454 4654 tore,
476 4570 580 4661 ipsam
594 4571 628 4637 in
637 4567 793 4662 paradiso
812 4567 859 4641 st*
874 4568 1007 4662 instato
1020 4572 1164 4639 innocen·
1198 4573 1286 4639 denti
1303 4570 1412 4663 reliqna
1436 4574 1561 4642 rectione
1583 4576 1792 4669 demonstrari
1812 4580 1939 4679 postet,
1954 4613 2003 4658 oo.

358 4667 645 4760 tioeinstitnente,
682 4671 831 4738 terrionem
850 4665 896 4741 δ’
915 4664 1162 4763 indiffolnbiliin-
1191 4670 1405 4762 tnnrstrlenne
1426 4671 1774 4772 differreoſsrnpliei,
1808 4689 1897 4775 qnod
1907 4688 1941 4755 in
1955 4688 2003 4758 illo

357 4775 422 4833 tem
444 4770 621 4858 occeperit,
655 4766 839 4860 proesentis
861 4768 1162 4837 declarandnmdo·
1185 4768 1234 4863 stt
1250 4772 1382 4837 donatio
1406 4774 1443 4838 de
1461 4773 1623 4865 praesenti
1643 4825 1657 4851 ,
1697 4781 1730 4846 in
1749 4776 1809 4871 isto
1836 4806 1912 4853 uero
1926 4810 2004 4879 pro.

356 4865 467 4932 ximus
482 4864 611 4932 ornenlo
621 4865 819 4956 sceniiiont's,
841 4864 919 4933 illud
930 4864 1039 4957 serlum
1055 4879 1162 4935 votnm
1196 4867 1289 4957 rniffio
1307 4879 1435 4936 tanturn
1461 4873 1649 4965 defuturo,
1689 4901 1752 4945 non
1768 4894 1897 4971 oportet
1909 4887 2004 4956 ntia„

357 4964 466 5029 debere
482 4964 542 5030 dici
553 4962 701 5054 firlenne,
723 4975 880 5057 qnantum
901 4969 944 5032 nd
951 4961 1022 5055 post
1036 4976 1162 5032 eontra·
1197 4968 1352 5034 rationem
1390 4992 1553 5061 quaerere.
1617 4974 1731 5066 Atqui
1761 4976 2002 5057 Bellarminns

355 5059 444 5134 &ont
459 5064 946 5149 ntatrimoninmo'irimendom,
969 5062 1160 5159 qnodsot‘en·
1197 5062 1316 5159 postea
1337 5066 1464 5162 querit
1482 5070 1659 5147 rationem
1676 5073 1810 5164 aliam,
1840 5082 2004 5153 videlicet

1591 5198 1593 5202 ·
1886 5182 2001 5254 decre·

2050 5387 2060 5691 s
