4884 5984
501 458 626 587 σοι’
916 512 918 517 ’
957 488 1355 577 secessiones
1405 485 1698 574 tonantes.

504 696 661 755 manum
686 677 725 754 in
750 675 945 756 subsidium
973 681 1237 759 recurrendum
1263 676 1313 755 es·
1353 675 1499 755 latinos.
1547 676 1685 752 Eadem
1711 672 1822 748 enim
1844 667 2037 769 poteslas,
2075 692 2156 771 qun

504 776 569 872 se;
592 782 761 856 tamenin
776 780 1214 879 haespecialimatetiade
1230 804 1314 855 con·
1353 782 1413 855 ius
1448 781 1611 854 naturale
1632 773 1858 874 parentibus
1887 771 2048 860 tribuit,
2076 774 2157 853 inb,
2211 740 2218 813 Ι

507 874 609 955 sensu
634 882 760 956 matris
787 883 824 955 id
848 882 951 957 aliter
977 877 1011 959 se
1036 883 1155 961 habet.
1205 885 1322 979 Repe·
1361 882 1475 956 miliis
1498 897 1765 978 germanorum
1782 872 1995 988 semperin
2022 870 2082 946 usu
2096 874 2161 971 snit⁸
2213 864 2218 912 ¹

510 978 606 1055 titur
622 1002 753 1079 nempe
778 979 1004 1057 sandionum
1024 983 1321 1082 germanicarum
1361 984 1464 1056 matri
1485 1002 1560 1053 non
1575 979 1950 1077 minusquampatrr
1976 994 2162 1071 competent,
2213 984 2218 1013 ⁴

512 1078 612 1177 quasi
642 1103 836 1156 concentus
867 1083 1017 1179 quidam
1051 1086 1094 1158 de
1124 1081 1320 1157 necessetate
1390 1103 1446 1155 uae
1475 1082 1557 1155 ideo
1591 1075 1807 1151 eommunis
1839 1071 2065 1169 habebatur.
2104 1078 2165 1155 sd.
2214 1065 2218 1112 “

512 1179 702 1254 consensus
721 1184 895 1271 materni,
921 1184 1055 1274 itaut,
1082 1184 1324 1257 cumnonde·
1364 1103 1554 1255 gunter.
1586 1178 1895 1251 Tuostnstum
1922 1174 1961 1243 in
1991 1170 2167 1275 dippeus.

401 1306 407 1314 ·
514 1276 636 1354 ficiant
659 1282 740 1357 iura
764 1284 917 1378 patria,
955 1283 1080 1358 decisio
1101 1307 1147 1356 ex
1163 1286 1243 1357 iure
1266 1306 1325 1357 ro·
1359 1280 1470 1377 prael.
1487 1283 1537 1352 tit.
1556 1273 1629 1368 inii.
1645 1281 1788 1370 depotr.
1808 1270 1938 1369 potest.
1956 1268 2169 1369 copuler„

514 1401 624 1454 mano
647 1401 721 1452 non
740 1381 855 1457 solum
878 1378 1001 1474 cesset,
1026 1385 1083 1459 sed
1101 1384 1190 1456 adeo
1208 1383 1254 1456 ob
1271 1385 1325 1456 di·
1366 1380 1444 1479 sqq.
1473 1377 1649 1452 Giinru.
1668 1375 1774 1447 Ans.
1796 1378 1860 1447 Rs
1876 1394 2040 1447 narona
2061 1380 2170 1459 intres.
2214 1364 2218 1412 ¹

517 1479 721 1553 versitatem
756 1481 1023 1578 principiorum
1054 1484 1194 1557 inutilis
1233 1478 1325 1556 esset.
1365 1472 1916 1573 mixtoraior.rom.&germ.iu
1925 1478 2172 1571 noteriapotria
2214 1466 2218 1513 ¹

516 1578 650 1668 Quodsi
682 1582 762 1654 heic
794 1582 1023 1678 inquiramus
1051 1585 1089 1656 in
1111 1583 1326 1657 fundamen·
1360 1579 1476 1680 potest.
1490 1578 1666 1676 conspicuo.
1682 1576 1953 1675 Stottg.1753.
1981 1573 2021 1645 H
2027 1600 2172 1657 arsuro
2216 1643 2218 1653 i

516 1694 599 1753 turn
614 1677 723 1754 huius
744 1680 893 1755 tationis
911 1682 953 1754 de
970 1683 1165 1757 necessitate
1182 1681 1326 1756 consen·
1367 1684 1530 1757 crurales
1546 1680 1635 1755 esem.
1649 1680 1712 1749 ior.
1725 1699 1837 1774 germ.
1853 1678 1902 1745 L.
1913 1674 1946 1746 I.
1960 1692 1987 1747 t.
1996 1674 2060 1747 v1.
2073 1684 2102 1765 ς.
2116 1690 2171 1767 lll

518 1774 579 1853 sus
606 1781 787 1868 materni,
828 1779 944 1853 slatim
980 1783 1284 1882 deprehendimus
1313 1829 1326 1870 ‚
1362 1781 1468 1880 peris.
1503 1806 1558 1852 na
1582 1768 1765 1853 Ssecrro
1780 1801 1813 1846 w
1838 1778 1879 1847 in
1902 1776 2000 1848 esem.
2023 1777 2083 1848 ior.
2095 1805 2173 1877 gn

519 1880 656 1953 multos
673 1879 943 1954 iurisconsultos
962 1906 1008 1955 ert
1029 1905 1116 1956 vero
1156 1890 1189 1956 δι
1214 1880 1326 1954 solido
1362 1880 1600 1979 porssproln
1613 1876 1870 1955 idolatras.
1890 1885 1926 1962 ς.
1941 1884 2037 1979 489.
2072 1881 2173 1968 Quen.

518 1979 700 2077 principio
722 2002 795 2052 non
823 1982 1038 2057 concludere
1056 2008 1068 2077 ;
1109 1982 1330 2055 conveniunt
1371 1981 1572 2056 admodum
1593 1975 1866 2077 igiturutrique
1888 1979 2046 2070 parenti
2060 1982 2173 2056 harde

522 2079 675 2174 quidem
695 2103 821 2154 omnes
844 2081 966 2170 ineo,
1000 2084 1099 2179 quod
1120 2084 1179 2157 hic
1202 2080 1329 2153 matris
1372 2103 1409 2156 ta
1428 2083 1467 2154 srt
1494 2078 1647 2176 potestas
1669 2080 1708 2151 in
1745 2076 1967 2174 dirigendis
2000 2075 2173 2157 liberorum

515 2177 711 2253 consensus
755 2181 988 2277 requiratur,
1035 2188 1332 2256 [introiremus
1374 2183 1558 2280 negotiis,
1585 2182 1685 2252 ita&
1705 2177 1855 2273 nuptias
1880 2197 2024 2250 eorum
2039 2182 2174 2255 ordinu-
2215 2159 2218 2290 f

523 2276 1333 2373 inrott.rleor.prau.L.xx111.r.11.§.33.
1377 2283 1414 2356 di
1435 2291 1469 2357 δι
1495 2275 1722 2375 approbandi
1739 2277 1899 2351 facultas
1919 2281 2070 2374 &patri
2084 2284 2174 2355 &m
2216 2356 2218 2374 ,

459 2458 461 2465 ,
524 2374 1336 2473 crnpzovroslo.L.11.ref.39.n.1r.
1378 2382 1426 2456 tri
1451 2381 1585 2454 tributa
1606 2377 1706 2468 fuit,
1741 2378 1904 2452 cuiiuri
1933 2399 2175 2475 parentorum
2216 2415 2218 2429 ⁴

523 2476 831 2552 Bniiennsnus
855 2480 881 2551 1.
898 2499 929 2551 c.
943 2478 1031 2555 C.2.
1054 2505 1090 2554 n.
1102 2503 1164 2576 41·
1185 2480 1263 2576 sqq.
1278 2497 1336 2565 at,
1379 2479 1575 2580 spondebat
1594 2478 1797 2555 liberorum
1824 2478 2002 2572 persedia
2033 2478 2173 2579 obligarit

529 2579 619 2651 dum
647 2576 836 2651 sententias
866 2577 944 2651 suas
969 2602 1015 2652 ex
1044 2583 1123 2653 iure
1158 2600 1335 2663 romano,
1380 2601 1457 2655 tam
1476 2580 1590 2676 patris
1611 2600 1723 2675 quant
1745 2578 1875 2653 matris
1904 2577 2121 2655 consensum
2138 2602 2175 2655 et

515 2681 629 2773 quod
649 2678 756 2750 matri
768 2695 910 2751 tantum
919 2679 977 2752 ius
1000 2703 1073 2752 non
1087 2679 1232 2768 tribuit,
1255 2698 1339 2751 eon·
1378 2682 1538 2780 petendi.
1591 2679 1832 2753 Luculentum
1859 2679 1936 2751 hac
1963 2683 2004 2753 in
2025 2704 2066 2755 re
2083 2682 2177 2755 matri

530 2776 677 2850 firmare
697 2798 906 2873 nequeunt,
928 2799 1094 2874 quaerunt
1117 2782 1187 2852 boc
1212 2777 1342 2852 sunda·
1408 2779 1592 2855 oteslatem
1610 2780 1712 2877 leges
1737 2780 1902 2876 antiquae
1932 2778 2022 2857 satis
2045 2803 2178 2879 compn-
2216 2848 2218 2871 A

530 2894 697 2954 mentum
710 2878 744 2947 t'n
758 2880 963 2966 retinentia,
988 2879 1136 2975 utrique
1149 2896 1342 2976 parentum
1380 2806 1479 2954 gant.
1528 2878 2179 2975 Vid.‚ooLoorw1or·oop.reon
2217 2886 2218 2901 ¹

532 2975 682 3066 debita3
715 2977 887 3072 inquam
917 2976 1128 3052 sententiam
1167 2976 1341 3051 inclinate
1372 2978 1927 3078 seosorornobioliextrcpotrm
1947 2978 2030 3055 diff.
2043 2980 2180 3079 l.cap.ll

371 3142 377 3149 .
486 3093 488 3096 ·
532 3074 1344 3173 videturnosteerstnnttnos.Quanquam
1386 3078 1795 3169 §.anonumum
1822 3077 2181 3170 inussissent

531 3195 621 3247 vero
639 3176 707 3246 hoc
727 3196 986 3273 argumentum
1004 3178 1044 3250 in
1063 3177 1096 3252 se
1114 3201 1186 3251 non
1203 3176 1242 3249 srt
1259 3197 1343 3248 con·
1385 3199 1446 3272 47.
1466 3198 1540 3250 nor.
1570 3198 1602 3272 ς.
1630 3204 1688 3251 ns
1712 3179 1946 3252 Stoenos·
1971 3183 1997 3254 l.
2027 3205 2061 3257 c.
2082 3192 2186 3278 §.494

386 3334 388 3339 .
442 3342 445 3383 Ι,
532 3273 797 3361 temnendum,
848 3297 933 3349 cum
956 3280 1158 3352 reverentia
1184 3278 1280 3351 inter
1302 3296 1344 3350 ea
1386 3276 1671 3353 Msuzrrtou
1689 3279 1727 3351 in
1751 3273 2185 3382 dissdeaequasiotriorpt

533 3372 736 3449 liberorum
746 3370 858 3447 officia
870 3372 907 3448 sit
917 3375 1131 3467 referenda,
1160 3399 1241 3472 quae
1255 3373 1344 3448 sem·
1381 3390 1560 3476 parentum
1573 3383 1666 3468 iore,
1692 3403 1757 3477 prro
1773 3377 1965 3476 consensum
1974 3385 2187 3480 parentatio

535 3496 602 3570 per
623 3474 683 3568 pio
707 3471 877 3570 obsequio
906 3474 1087 3550 observari
1114 3475 1265 3567 debent3
1304 3475 1348 3547 il·
1383 3477 1561 3576 sponsalia,
1584 3478 1672 3575 Rus.
1697 3483 1803 3572 1760.
1852 3478 1953 3555 Haee
1966 3485 2064 3559 iuris
2076 3500 2190 3585 gerut-

536 3574 602 3647 lud
628 3594 749 3647 tamen
782 3595 857 3647 non
889 3572 971 3648 satis
1005 3573 1178 3649 sufficiens
1200 3582 1235 3648 δι
1257 3573 1348 3646 adoe-
1389 3581 1463 3652 nici
1484 3575 1662 3674 dispositio
1683 3600 1757 3667 non
1778 3574 1899 3653 solum
1934 3584 1980 3656 in
2001 3584 2087 3681 ipsis
2112 3604 2189 3660 eane

411 3758 428 3769 ,Ι
539 3693 692 3769 quatum
707 3672 872 3764 videtur,
902 3673 1019 3752 sdlens
1036 3675 1152 3750 saltim
1167 3676 1347 3748 rationem
1389 3677 1497 3751 nibus
1518 3678 1771 3775 repetebatur,
1806 3701 1932 3774 quum
1956 3684 2040 3760 iam
2056 3684 2192 3759 observo

541 3771 754 3870 exlegibus
784 3774 929 3851 virtutis
963 3783 998 3850 δι
1026 3774 1259 3852 humanitatis
1286 3773 1346 3845 de·
1387 3798 1487 3866 turn,
1516 3780 1607 3851 olim
1637 3780 1779 3852 decreta
1796 3781 2056 3860 conciliorum
2075 3784 2193 3884 legibus

539 3871 715 3961 summm,
739 3874 897 3971 hincque
918 3873 1179 3975 obligationem
1205 3893 1348 3949 tantum
1389 3876 1617 3953 saecularibus
1640 3897 1876 3974 attemperata
1891 3879 2029 3973 fuisse,
2057 3878 2194 3960 sed&td

540 3972 805 4072 imperfediam.
832 3977 936 4063 Alia,
963 3996 1078 4070 eaque
1094 3974 1282 4070 principiis
1297 3974 1352 4047 iu·
1390 3977 1545 4050 noviora
1565 3999 1684 4073 usque
1702 3998 1869 4074 tempora
1890 3981 1933 4054 hi
1957 3998 2087 4069 ωας
2111 3980 2196 4084 patrii

526 4077 595 4149 ris
624 4076 742 4170 magis
770 4072 997 4160 conformis,
1030 4072 1063 4145 se
1079 4072 1184 4145 nobis
1209 4070 1354 4144 exhibet
1395 4075 1482 4152 salvi
1503 4078 1712 4175 integrique
1743 4075 1875 4150 servati
1897 4078 2007 4179 sunt;
2046 4080 2199 4181 quamob-

542 4176 634 4247 ratio
657 4222 668 4261 ‚
707 4193 754 4243 ex
779 4171 975 4244 necessitate
1001 4171 1093 4244 iuris
1116 4170 1354 4259 descendens,
1396 4197 1478 4249 rem
1505 4197 1631 4249 omnes
1661 4177 1739 4250 sere
1767 4177 2030 4258 ordinationes
2066 4182 2200 4258 ecclesa·

546 4295 659 4370 quam
679 4273 717 4344 in
745 4269 827 4365 ipsr's
857 4269 1001 4367 legibus
1025 4278 1059 4344 δι
1083 4269 1248 4345 moribus
1275 4290 1357 4366 ger·
1397 4273 1489 4348 sticae
1508 4276 1605 4347 ineo
1632 4276 1872 4364 conveniunt,
1900 4286 2016 4375 quod
2034 4302 2202 4381 nunquan

546 4392 742 4447 manorum
760 4371 925 4443 invenire
939 4371 1043 4458 licet,
1073 4390 1258 4465 quamque
1273 4369 1357 4441 cita·
1401 4375 1444 4447 de
1455 4395 1556 4469 patre
1573 4373 1660 4464 solo,
1677 4372 1734 4448 sed
1750 4373 1893 4471 semper
1914 4379 2146 4482 deutrisque
2199 4446 2204 4459 .

545 4469 784 4560 tiaudlores,
810 4468 1050 4557 adsolumius
1071 4486 1358 4545 temanumcon-
1401 4473 1565 4547 rentibus
1600 4477 1798 4571 loquantur
1823 4477 2049 4579 horumque
2082 4507 2123 4559 co
2158 4502 2202 4555 en

439 4599 445 4605 ·
549 4572 766 4670 fugientes,
802 4568 1115 4665 praetermiserunt.
1165 4566 1232 4667 Ipsi
1261 4569 1360 4641 enim
1402 4571 1481 4646 sum
1506 4567 1706 4670 requirant.
1759 4573 2019 4671 comprobant
2043 4584 2113 4658 boe
2131 4582 2205 4656 ordi

550 4693 672 4746 mores
697 4671 808 4766 patrii
840 4667 1048 4744 eonsensum
1080 4671 1274 4764 utriusque
1296 4687 1361 4763 pa·
1402 4674 1565 4745 nationes
1588 4674 1694 4770 supra
1718 4675 1913 4769 allegatae,
1956 4678 1997 4755 δι’
2017 4678 2205 4781 ipsanosln

513 4812 516 4819 ·
551 4772 664 4846 tentis
689 4770 735 4842 ad
752 4770 894 4866 nuptias
917 4769 1118 4846 liberorum
1134 4768 1360 4863 insacrispa-
1403 4772 1604 4848 constitutio
1633 4772 1948 4873 Wiirtembergica
1978 4831 1992 4873 ,
2037 4806 2120 4881 quae
2146 4777 2205 4878 qui·

548 4890 696 4967 rentum
711 4869 827 4943 adhuc
849 4867 1109 4944 consistentium
1131 4869 1219 4945 serio
1239 4867 1362 4963 requi·
1406 4871 1490 4945 dem
1518 4893 1779 4971 argumentum
1801 4872 1910 4949 suum
1938 4902 1993 4954 ex
2025 4880 2205 4959 reverentis

553 4987 660 5058 runt,
686 4991 758 5042 non
776 4969 821 5042 ob
843 4970 1084 5043 reverentiam
1101 4989 1267 5054 tantum,
1305 4963 1363 5039 sed
1407 4972 1527 5069 magis
1561 4974 1688 5063 ducit,
1723 4975 1840 5048 utitur
1870 4972 2025 5077 semper
2048 4983 2205 5073 termido,

554 5070 600 5142 ob
622 5070 777 5165 patriam
801 5066 1030 5168 potestatem,
1060 5070 1164 5146 cuius
1188 5065 1367 5145 certealia
1408 5073 1465 5141 der
1490 5073 1643 5160 Eiron,
1681 5074 1730 5144 ob
1753 5078 1811 5144 des.
1835 5072 1970 5154 Vaters
1991 5088 2072 5156 oder
2099 5086 2205 5161 Meter.

549 5171 643 5251 ratio
671 5169 769 5272 apud
807 5188 1003 5272 germanos
1026 5170 1096 5251 suit
1126 5192 1240 5273 quam
1270 5166 1368 5269 apud
1408 5170 1548 5251 locon
1597 5171 1788 5255 Habemus
1814 5173 1944 5277 itaque
1964 5184 2054 5265 heic
2068 5184 2202 5349 aliqu?-

1783 5314 1791 5325 ·
2185 5295 2200 5347 o

1757 5532 1783 5587 ί.
