4884 5984
606 559 671 629 or
712 531 980 632 CONSENSVS
1002 556 1296 648 ermenrvn.
1334 557 1715 635 urcrssirira..
1941 565 1990 643 aa
2114 493 2119 520 ι

277 743 501 820 inobedientis
531 745 594 820 biii
619 750 774 843 exemplo
803 753 1055 842 querendum?
1079 761 1121 844 c.)
1149 754 1275 825 rillicut
1296 756 1370 844 post
1393 751 1672 832 consecrationem
1699 713 1837 824 viscatur
1856 753 1981 841 pouit,

281 839 438 919 DeEstvi
451 846 611 920 uxoribus
621 850 769 940 expresse
778 854 900 924 dicitur
911 859 1120 926 Gemxxvl.
1148 852 1261 925 licebit
1279 850 1425 940 inferre,
1448 857 1537 943 'quo'd
1557 856 1595 928 sit
1620 878 1717 926 aetus
1737 863 1769 925 tc
1791 848 1982 924 substantii·

286 969 343 1034 35.
359 948 450 1033 quod
465 945 607 1040 siierint
625 951 818 1044 amaritudo
830 949 980 1046 spiritns
1000 949 1122 1046 Issiaco
1147 949 1186 1021 lis
1201 953 1317 1042 panis,
1355 955 1389 1026 id
1415 961 1503 1043 quod
1525 959 1617 1027 recte
1646 955 1780 1041 quidem
1801 948 1977 1038 infertur,

283 1065 325 1114 ac
344 1040 519 1130 Rebeccae,
546 1054 701 1136 quoique
716 1053 863 1122 inimum
880 1045 1024 1139 ipsorum
1038 1056 1122 1123 adeo
1144 1046 1199 1122 sed
1237 1078 1255 1124 a
1290 1051 1491 1124 Bellarmino
1513 1079 1579 1126 non
1611 1057 1814 1123 conceditur.
1887 1052 1978 1122 Sicut

282 1142 572 1231 exulceraverint,
599 1172 634 1218 ut
652 1148 805 1222 Rebecca
824 1150 859 1219 in
877 1148 947 1221 lire
964 1175 1117 1239 erumpe·
1151 1154 1257 1223 iCor.
1269 1156 1358 1222 Vlll.
1374 1176 1402 1239 5.
1416 1151 1499 1249 sant
1514 1153 1567 1225 dii
1583 1151 1683 1224 inulti
1695 1148 1735 1223 [θ’
1747 1148 1878 1222 damini
1892 1143 1977 1220 mus·

281 1263 335 1314 ret
354 1239 479 1314 verba:
505 1235 550 1340 Si
572 1247 741 1340 acciperit
769 1237 892 1347 Jacob
918 1272 1057 1322 uxorein
1080 1249 1121 1322 de
1143 1249 1172 1318 ti
1184 1303 1193 1333 ,
1231 1249 1427 1344 λεγομένας
1458 1249 1582 1324 scilicet
1613 1263 1647 1325 &
1681 1249 1771 1328 καθ’
1798 1238 1996 1341 ὑπόληψιν.

277 1339 372 1440 filiis
385 1336 498 1427 Hetsi,
512 1343 718 1442 qualessunt
730 1346 781 1419 lie
797 1346 991 1442 defisiabas
1007 1359 1118 1434 terre,
1141 1344 1357 1446 ἀνθρώπων,
1383 1352 1428 1422 ita
1443 1348 1535 1423 Esaii
1549 1359 1708 1442 conjuges
1723 1375 1839 1420 utores
1857 1372 1978 1420 vocan-

284 1437 364 1512 'nola
385 1442 509 1515 vium.
562 1444 660 1516 Tales
687 1440 810 1517 scilicet
837 1447 959 1520 habere
981 1447 1118 1522 consue-
1141 1469 1217 1528 tur,
1241 1449 1317 1536 quia
1334 1445 1457 1523 seilicet
1479 1449 1646 1531 homines,
1674 1453 1760 1520 inter
1779 1473 1858 1535 quos
1873 1452 1977 1536 dege·

281 1543 406 1612 vetunt
423 1544 530 1614 exitus
549 1546 758 1617 matrimonia
778 1543 961 1618 liberorum
977 1544 1042 1620 sine
1059 1574 1118 1638 pa·
1141 1546 1242 1627 bant,
1267 1571 1319 1617 eas
1342 1573 1405 1636 pro
1427 1552 1513 1620 vetii
1533 1548 1735 1640 &legitime
1755 1551 1862 1618 dudlis
1882 1541 1976 1616 Esivi

281 1659 417 1712 tentum
442 1636 602 1712 consensu
623 1647 808 1729 coiitrasta,
833 1669 978 1732 quorum
1003 1668 1118 1736 patro·
1142 1645 1299 1718 uxoribus
1315 1645 1489 1719 habebant.
1541 1655 1588 1720 Er
1609 1645 1764 1735 populari
1790 1648 1894 1735 igitur
1919 1647 1976 1715 id·
2107 1711 2109 1716 ,

282 1734 551 1831 oiniumJesuitae
571 1737 760 1829 suscipiunt.
808 1745 865 1832 d.)
887 1741 965 1830 At,
989 1745 1112 1833 inquis,
1140 1743 1320 1836 pellatione
1337 1749 1560 1833 apoditl²;·im
1582 1749 1717 1834 aliquod
1739 1765 1975 1835 argumentum
2081 1787 2083 1792 ·

284 1832 425 1933 Isoaeris
441 1837 501 1911 issa
518 1841 737 1912 matrimonia
757 1865 822 1913 nan
834 1845 1000 1916 irritavit.
1013 1847 1115 1935 Resp.
1140 1867 1309 1930 nunquam
1331 1843 1442 1917 eliciet
1466 1848 1707 1925 bellarminus,
1742 1870 1817 1915 curii
1846 1844 1976 1913 intelle

281 1938 496 2010 tribuendum
529 1937 678 2011 hoc'vel
704 1965 848 2028 pateruae
875 1941 1116 2034 indulgentie,
1139 1945 1263 2032 iiuptire
1297 1945 1449 2016 dicantur
1478 1951 1577 2018 etiam
1605 1947 1757 2034 nuptia,
1789 1967 1861 2030 quae
1890 1938 1973 2011 nihil

282 2059 353 2125 que
374 2038 412 2107 iii
441 2035 555 2109 liberis
580 2039 684 2110 mulin
710 2038 855 2124 tolerat,
881 2067 955 2130 quai
984 2065 1115 2115 mutare
1139 2045 1248 2112 minus
1263 2038 1357 2124 sunt,
1383 2069 1483 2131 quani
1507 2069 1594 2118 vere
1609 2070 1647 2115 ac
1667 2044 1823 2134 legitime
1838 2041 1973 2128 nuptie.

282 2137 420 2223 nequit,
452 2132 589 2234 (nolent
619 2135 785 2234 Isauras,
820 2144 930 2226 inquit
955 2137 1118 2232 Josepliur
1134 2139 1183 2233 s.)
1206 2143 1729 2232 Contemtuniillomparentum
1744 2146 1835 2212 Deus
1854 2132 1976 2210 inela-

231 2245 233 2274 ⁵
284 2231 339 2306 lib.
364 2241 391 2306 1.
414 2237 569 2322 antiquit.
598 2263 669 2327 cap.
697 2235 814 2309 XVll.
839 2247 928 2312 circa
949 2243 1118 2320 medium,
1143 2265 1185 2310 vo
1204 2243 1337 2329 punivit
1370 2239 1662 2320 benedictionem,
1687 2249 1738 2328 jur
1769 2240 1975 2329 primogeni-

284 2330 367 2407 inase
393 2331 613 2434 useffifilio,
633 2333 780 2433 jubendo
797 2361 889 2422 euni,
912 2349 951 2412 iit
966 2339 1118 2412 mulieres
1141 2359 1252 2420 turae,
1276 2350 1310 2412 &
1330 2339 1577 2429 promissionem
1595 2345 1635 2412 de
1656 2321 1849 2429 possessione
1877 2359 1974 2406 terre

283 2435 329 2506 nii
352 2457 394 2506 as
407 2433 566 2528 faceret,
590 2435 736 2508 decreuit
757 2460 826 2508 reni
853 2448 961 2510 totam
989 2437 1118 2526 fidentio
1141 2441 1276 2511 Canaan
1297 2464 1335 2508 ac
1357 2443 1398 2511 de
1419 2437 1535 2511 Meffia
1549 2466 1589 2512 ex
1605 2438 1728 2512 semine
1749 2444 1818 2525 ejus
1837 2433 1990 2508 nascita·

286 2535 541 2626 transmittere,
576 2531 759 2626 Josepbum
790 2533 919 2609 secutos
943 2536 1119 2610 Albericiis
1143 2561 1182 2607 ro
1208 2534 1268 2625 ipsi
1290 2534 1493 2620 auferendo,
1524 2549 1558 2613 &
1587 2542 1621 2608 iii
1648 2535 1784 2609 fratrem
1813 2533 1976 2624 Jacobum

288 2631 429 2706 Gentilis
449 2629 528 2705 libr.
549 2631 617 2705 sV.
631 2639 674 2707 de
686 2656 779 2724 nupt.
795 2660 872 2722 cap.
884 2638 982 2710 Vlll.
996 2633 1120 2722 scribit,
1145 2633 1385 2710 transferendo.
1439 2646 1486 2724 a.)
1508 2643 1562 2709 De
1584 2629 1727 2738 ρῗιιιοίω
1755 2632 1881 2705 disertis
1902 2656 1978 2704 ver·

288 2729 362 2806 idea
375 2743 538 2829 parentes
557 2729 756 2828 Hirtii-non
772 2731 910 2834 jaffiffe,
939 2746 977 2807 itt
998 2761 1122 2811 uxores
1146 2735 1197 2805 bia
1212 2739 1347 2807 teslatur
1359 2733 1486 2815 Moses,
1512 2744 1635 2822 quoda
1650 2734 1977 2822 parentibusinMe·

290 2831 403 2907 didas
422 2831 644 2918 dimitteret,
676 2857 716 2906 ne
737 2833 855 2932 filiuni
881 2836 917 2930 in
946 2835 1122 2936 tristitiam
1148 2829 1361 2922 sopotiniiom
1384 2833 1493 2906 missus
1512 2835 1552 2907 fit
1566 2841 1606 2907 ad
1628 2839 1812 2908 ducendam
1839 2854 1977 2902 uxorein

290 2930 509 3102 conjicerentfl
529 2930 581 3002 vel
595 2928 690 3004 Esnvi
708 2933 919 3022 pertinacia,
945 2939 1001 3021 qiii
1018 2936 1060 3006 ab
1072 2939 1123 3007 in-
1146 2958 1166 3005 e
1188 2931 1315 3006 filiabus
1332 2934 1460 3017 laban3
1487 2931 1605 3007 cenes.
1624 2932 1687 3006 XX
1694 2931 1794 3004 Vlll.
1808 2958 1842 3006 2·
1861 2927 1977 3000 habuit
2038 2998 2041 3002 .

288 3035 366 3118 justo
393 3041 430 3105 δι
460 3031 484 3101 il
500 3033 578 3104 'clio
602 3032 662 3103 illo
691 3027 855 3105 consortio
885 3034 1028 3105 abstrahi
1054 3059 1122 3105 iion
1147 3057 1230 3123 ergo
1246 3028 1436 3104 consensum
1454 3058 1630 3123 parentum
1657 3057 1723 3103 non
1749 3026 1853 3102 solum
1876 3050 1977 3117 gene·

238 3129 241 3140 '
287 3133 418 3218 potuit3
455 3131 591 3202 interim
615 3132 834 3203 areniotione
854 3129 933 3205 faeti
951 3137 994 3206 ad
1013 3157 1123 3204 remo-
1147 3130 1269 3218 talem,
1296 3128 1350 3204 sed
1374 3135 1474 3206 etiam
1495 3129 1679 3221 specialem.
1732 3121 1978 3214 Cumqueasi·

287 3231 410 3301 tionem
432 3227 522 3325 jutis
544 3253 611 3298 iion
630 3231 785 3320 procedit
812 3230 977 3303 collectio.
1005 3231 1122 3305 Tiber.
1146 3233 1188 3302 de
1205 3232 1460 3313 matrimoniali.
1483 3256 1581 3320 quoni
1602 3228 1743 3304 slacheli
1758 3255 1777 3298 a
1795 3223 1827 3299 se
1844 3229 1977 3297 adarna-

285 3329 420 3402 melan
437 3328 565 3402 volum.
582 3333 609 3398 1.
633 3324 722 3401 coiis.
739 3355 771 3412 7.
823 3339 867 3420 e.)
886 3333 933 3402 At
945 3327 1122 3428 scriptura
1146 3353 1188 3400 tae
1204 3332 1363 3412 dederat,
1385 3335 1542 3403 recedere
1556 3328 1676 3412 nollet,
1702 3353 1763 3401 nec
1783 3330 1903 3411 leam,
1923 3323 1979 3395 eui

285 3449 334 3502 aar
351 3437 459 3501 uocat
478 3449 614 3500 uxores.
671 3423 774 3517 Resp.
796 3452 838 3498 ex
862 3430 980 3520 regula
1003 3437 1122 3521 Augu-
1145 3449 1272 3518 epatre
1291 3429 1423 3502 labano
1439 3429 1497 3501 sibi
1516 3423 1656 3500 obtrusit
1674 3453 1735 3518 per
1754 3428 1979 3519 ignorantiam

283 3525 352 3600 sliri
371 3527 453 3600 libr.
477 3529 586 3598 ilde
614 3525 731 3599 mirab.
762 3524 931 3616 scripture
961 3554 1033 3618 cop.
1060 3536 1117 3602 lX.
1141 3527 1409 3610 cohabitaverat,
1431 3528 1567 3602 honeste
1583 3529 1750 3599 dimittere
1764 3524 1884 3615 possen
1899 3526 1977 3595 inde

285 3617 465 3724 Scriptura
483 3649 638 3700 aerarum
656 3648 766 3698 reram
780 3627 917 3699 iioinina
932 3626 1117 3725 aliqnando
1142 3649 1265 3716 preter
1281 3653 1415 3700 omnem
1436 3624 1527 3700 suam
1550 3629 1741 3714 opinionem
1762 3628 1902 3696 duarum
1927 3617 1978 3693 so-

282 3719 527 3800 tribuitreram
536 3723 887 3825 stinilimdinibas3id
904 3729 993 3814 quod
1007 3753 1119 3800 exem·
1141 3749 1258 3798 rarum
1283 3729 1408 3817 nuptiis
1434 3724 1471 3798 sit
1494 3726 1697 3816 implicitus,
1728 3747 1795 3809 quo
1821 3716 1975 3811 respetlu

256 3849 260 3856 ·
281 3823 340 3914 plis
356 3825 507 3915 aliquam
529 3823 643 3896 multis
660 3824 804 3896 declarat
821 3827 959 3897 Ruizius
984 3828 1019 3898 iii
1044 3825 1117 3918 reg.
1141 3824 1333 3926 exemplum
1350 3824 1415 3898 lior
1435 3825 1533 3915 plene
1555 3823 1720 3917 singulare
1734 3825 1806 3905 est,
1829 3846 1892 3893 nec
1906 3817 1974 3891 ullo

278 3923 418 4019 intellig.
435 3920 549 4012 script.
574 3925 648 4017 tegss
675 3943 726 4008 ις.
752 3949 832 4016 pig.
860 3944 911 4014 13.
939 3928 1021 4012 quiii
1046 3927 1117 3998 imo
1139 3927 1300 3996 modoad
1320 3927 1540 4009 imitationem
1557 3924 1766 4000 trahendum.
1819 3917 1976 3998 Ancillae,

278 4043 415 4098 revocet
447 4022 666 4094 Bellarniintis
695 4020 753 4095 sibi
773 4026 809 4094 iii
829 4043 1004 4108 mentem,
1041 4049 1115 4111 quae
1139 4047 1219 4111 quit
1239 4048 1305 4095 non
1328 4021 1433 4097 solum
1456 4019 1639 4105 consensu,
1666 4017 1834 4096 sedetiam
1851 4016 1975 4108 impul-

279 4115 406 4212 sttipfit
418 4118 498 4193 libr.
508 4129 533 4194 1.
549 4125 591 4193 de
605 4116 687 4194 siicr.¹
699 4121 832 4195 enchir.
847 4146 921 4212 cap.
934 4120 995 4195 ult.
1021 4119 1118 4197 Scri·
1140 4118 1176 4194 su
1191 4122 1348 4196 Rachelis
1365 4129 1404 4195 r'c
1417 4129 1490 4196 [εκ
1506 4120 1565 4195 sibi
1577 4119 1818 4201 adsociaverat,
1840 4118 1976 4192 fuerunt

275 4231 378 4316 phua
401 4229 504 4296 vocat
520 4219 694 4293 ordinarie
714 4246 786 4308 res,
815 4231 854 4293 ut
873 4220 1038 4320 adparent
1057 4217 1258 4296 eir-'uxores
1277 4219 1501 4304 secundaria,
1526 4245 1564 4293 ut
1587 4218 1671 4292 nihil
1699 4223 1829 4294 dicatur
1846 4222 1889 4291 de
1910 4240 1975 4300 eo,

280 4321 396 4395 orius.
421 4379 425 4386 .
450 4314 515 4392 Sic
522 4319 706 4418 serpentem
723 4344 847 4395 eneam
865 4332 965 4393 vocat
981 4319 1117 4419 serpen-
1140 4326 1229 4407 quod
1258 4321 1477 4394 Bellarniinus
1498 4323 1534 4394 in
1555 4320 1722 4421 historicis
1741 4325 1976 4414 argumentum

274 4427 357 4507 ten,
383 4417 543 4515 angelos,
565 4421 624 4518 qui
643 4419 854 4517 adparebant
868 4423 904 4493 in
917 4421 1039 4516 forma
1052 4420 1114 4494 lia-
1138 4445 1182 4491 ex
1198 4415 1379 4516 scriptura
1397 4421 1492 4492 ducit
1508 4422 1675 4516 negative.
1725 4423 1805 4491 Non
1829 4420 1876 4489 est
1896 4412 1977 4489 seri·

231 4577 237 4592 .
274 4541 405 4601 uana,
430 4522 657 4605 uocatairos,
680 4518 913 4606 boaesaeneos,
939 4521 1114 4618 malogra-
1136 4544 1253 4609 ptum,
1294 4516 1504 4593 intercessisse
1529 4515 1721 4592 consensum
1740 4538 1918 4609 parentum
1940 4516 2000 4616 in‘
2040 4575 2046 4584 .

272 4631 360 4694 neta
398 4639 500 4694 aaran
534 4615 578 4694 &
603 4619 736 4722 fiinisia
769 4632 965 4694 ornamenta
997 4621 1115 4724 tempsi
1138 4621 1262 4709 nuptiis
1290 4623 1517 4710 quorumdam
1539 4616 1805 4710 patriarcharum
1835 4637 1901 4691 vet.
1927 4621 1998 4687 te·'‘

265 4717 475 4821 finpsr'citer
502 4730 602 4793 vocat
628 4717 748 4805 boves,
790 4718 858 4794 &n
920 4725 953 4795 Si
977 4747 1020 4794 er
1049 4748 1115 4805 eo,
1139 4721 1231 4804 llam,
1253 4745 1338 4812 ergo
1363 4725 1389 4791 is
1417 4745 1485 4792 non
1505 4716 1712 4800 intercessit,
1743 4743 1818 4791 euni
1839 4742 1882 4789 ne
1903 4716 1977 4805 qui-

272 4823 365 4910 qnod
385 4814 549 4910 scriptura
564 4815 657 4894 Esaai
675 4830 834 4911 conjuges
855 4841 952 4893 vocat
971 4847 1114 4904 uxores,
1139 4821 1214 4890 dem
1239 4821 1274 4889 in
1299 4819 1504 4914 dogmaticis
1522 4842 1758 4913 argumentum
1781 4820 1977 4909 negativum
2001 4871 2003 4876 .

270 4923 369 4992 κᾶε
388 4917 579 4995 &inimote
599 4918 717 4992 inferri
733 4922 865 5009 potest,
891 4918 1114 5008 quod'fiierint
1139 4943 1178 4988 ex
1204 4914 1379 5004 scripturis
1405 4926 1529 4994 ducere
1561 4919 1642 4991 alibi
1673 4920 1856 5007 permittat.
1924 4915 1977 4986 Sic

269 5043 362 5092 vere
383 5043 523 5104 uxores,
548 5023 703 5110 quodque
724 5024 813 5093 inter
835 5013 975 5091 Esaiam
1003 5029 1037 5093 dt
1060 5047 1113 5092 eas
1135 5018 1227 5086 enini
1246 5013 1390 5105 disputat
1414 5022 1490 5092 libr.
1517 5027 1541 5090 l.
1567 5022 1609 5090 de
1631 5014 1723 5089 misso
1747 5042 1820 5106 cap.
1846 5010 1976 5083 XXlls.

233 5167 237 5172 -
267 5111 374 5192 fuerit
392 5146 511 5192 aerum
523 5168 537 5200 ‚
563 5139 672 5190 ratum
686 5145 723 5191 ac
740 5119 926 5214 legitimum
942 5121 1113 5192 matrimo-
1138 5110 1222 5202 resp.
1249 5121 1289 5185 ad
1311 5143 1387 5208 aig.
1420 5145 1450 5191 2.
1503 5115 1653 5192 Etiami
1680 5113 1889 5214 evangelistae
1910 5131 1977 5181 non

266 5220 380 5394 ¹³an
397 5218 755 5398 ”tifffsmw’
776 5220 870 5312 quod
884 5221 979 5311 pinis
991 5217 1115 5296 eucha-
1132 5209 1283 5391 exffieffi
1306 5215 1479 5304 dixerint,
1499 5283 1501 5292 .
1518 5118 1686 5321 Clitidan
1708 5211 1748 5314 sa
1763 5213 1863 5317 patri
1883 5207 1978 5413 qlifftii·

351 5341 416 5396 oin.
526 5374 536 5394 .
587 5332 591 5338 '
1901 5334 1956 5386 ie
1971 5365 1983 5402 ,
