4884 5984
267 461 270 466 ’
347 458 464 589 ‘aaa‘
549 471 702 571 tdcvs
716 494 840 567 xxvi.
868 486 967 568 can.
983 491 1027 564 ιι.
1054 425 1234 564 neuun.
1249 487 1291 560 ιι.
1316 484 1425 560 arr.
1439 486 1482 559 ιι.
1509 481 1623 573 nias
1638 488 1666 561 ι.
1693 449 1896 568 secura

245 665 252 780 ἶ
364 715 449 777 „res
460 691 612 782 accipere
631 691 666 763 in
694 687 944 778 matrimonium
967 686 1083 775 primis
1106 683 1169 756 hu·
1198 679 1449 769 „consobrina‚
1474 704 1569 773 paene
1591 707 1668 756 cum
1684 679 1796 755 sorore
1820 678 1893 755 lieri
1913 681 2011 755 vide·

368 791 490 872 „triani
504 792 638 881 generis
653 788 861 879 temporibus
874 788 1010 858 omnino
1025 784 1169 866 licuerit,
1198 781 1348 871 „batum
1374 785 1452 873 quia
1472 794 1507 857 &
1529 780 1588 869 ipsi
1605 784 1693 854 inter
1718 777 1750 870 se
1771 778 1916 870 propter
1938 787 2008 854 tam

366 886 439 977 „stc
459 882 653 972 aversetur,
680 884 768 976 quasa
794 909 964 974 nunquam
985 882 1085 956 licere
1107 907 1172 973 po-
1195 885 1457 972 „propinquam
1476 879 1796 973 consanguinitatem
1811 876 1933 953 fratres
1946 905 2008 953 vo·

229 1045 232 1052 .
365 989 509 1073 „tuerit
562 989 615 1058 hd
644 984 828 1057 humanum
853 985 942 1055 enim
966 978 1092 1056 sensum
1115 982 1171 1055 vel
1195 1002 1379 1061 „canrur.
1407 991 1443 1054 δι
1467 1004 1562 1068 paene
1589 983 1742 1070 germani
1765 974 1848 1051 sunt.
1864 1028 1888 1079 „
1927 982 2008 1073 (sie

230 1146 236 1159 .
365 1084 634 1167 „adliciendum
662 1082 717 1155 vel
727 1079 964 1156 offendendum
986 1106 1058 1153 mos
1083 1079 1171 1154 valet
1197 1082 1323 1153 Cicero
1343 1077 1402 1151 lib.
1423 1085 1464 1150 V.
1483 1082 1525 1151 de
1546 1075 1638 1151 finib.
1663 1084 1701 1150 L.
1717 1080 1930 1166 Ciceronem,
1940 1095 2010 1167 'pm

368 1229 393 1264 „
402 1181 607 1272 plurimum,
633 1184 692 1270 qui
711 1206 787 1252 cum
804 1184 839 1252 in
856 1179 917 1252 bae
937 1174 1030 1252 causa
1051 1182 1172 1251 immo·
1197 1181 1265 1249 trui
1285 1173 1332 1247 l'ui
1353 1174 1479 1261 filiurn,
1497 1175 1636 1248 fratrem
1655 1178 1818 1261 nominat)
1826 1182 1866 1248 Et
1881 1177 2008 1265 pollet:

301 1334 305 1340 -
369 1284 609 1363 „demtionem
622 1274 894 1368 concupiscentie
913 1285 1079 1361 co'e'rceat,
1094 1302 1172 1349 eum
1195 1325 1221 1360 „
1232 1278 1319 1368 Quis
1332 1276 1464 1347 dubitet
1474 1273 1642 1347 honestius
1653 1274 1718 1345 hoe
1737 1298 1890 1363 tempore
1903 1276 2008 1346 etiam

352 1377 570 1472 .1,‚deligna‘ri
588 1400 687 1466 atque
701 1380 874 1467 eorrumpi
895 1380 1014 1449 merito
1031 1374 1095 1449 else
1117 1400 1174 1448 ne·
1198 1370 1503 1455 „consobrinarum
1531 1373 1702 1460 prohibita
1727 1370 1792 1446 elle
1820 1376 2007 1465 conjugia,

370 1530 392 1563 „
405 1474 526 1551 forium
551 1479 743 1566 judicatur.'
788 1479 820 1549 si
839 1477 927 1548 enim
957 1476 1174 1564 iniquum'eli
1198 1498 1298 1552 „non
1314 1467 1422 1544 solum
1438 1494 1578 1562 propter
1600 1456 1866 1572 multiplicandis
1885 1470 2006 1545 adfini·

372 1578 557 1664 „ariditate
592 1570 779 1664 poffidendi
814 1578 1001 1665 transgredi
1032 1574 1175 1644 limitem
1197 1594 1337 1655 „tates,
1359 1598 1401 1649 ne
1419 1570 1541 1643 habeat
1561 1576 1642 1643 duas
1667 1568 1919 1645 neceffitudines
1939 1595 2006 1643 uua

237 1757 239 1762 ,
372 1698 595 1768 „agrorum‚
638 1694 760 1757 quanto
790 1674 837 1743 est
867 1674 1010 1760 iniquius
1038 1669 1176 1745 libidine
1199 1724 1221 1757 ,‚
1231 1665 1391 1761 persona,
1417 1695 1495 1741 eum
1521 1675 1594 1743 dtrae
1626 1669 1750 1759 poffint
1777 1695 1831 1744 eas
1855 1668 2005 1751 babere,

374 1770 656 1865 „concumbendi
701 1766 892 1844 subvertere
932 1771 1073 1844 limitem
1103 1794 1177 1842 nro·
1199 1782 1269 1849 „de
1295 1794 1453 1841 numerus
1478 1772 1737 1857 propinquitatis
1762 1772 1908 1861 augeae
1952 1764 2007 1843 sed

293 1947 303 1954 ,
375 1863 503 1965 „ruma
527 1870 662 1958 Experti
681 1891 792 1941 autem
818 1867 926 1941 sumus
945 1874 982 1942 in
1003 1868 1176 1942 connubiis
1200 1872 1331 1948 „etiam
1344 1923 1353 1954 ,
1367 1870 1444 1956 quia
1468 1864 1575 1940 nescio
1600 1872 1769 1958 quomodo
1790 1871 1871 1941 inest
1890 1869 2007 1941 huma·

376 1963 684 2052 „consobrinorum
705 1971 805 2039 etiam
832 1970 949 2039 nostris
969 1968 1176 2057 temporibus
1200 1993 1282 2050 „na
1309 1968 1517 2038 verecundie
1547 1970 1705 2055 quiddam
1728 1966 1879 2038 naturale
1904 1992 2002 2056 atque

375 2088 550 2156 „propter
581 2067 722 2156 gradum
748 2069 1006 2156 propinquitatis
1028 2069 1177 2138 fraterno
1202 2114 1226 2144 ‚,
1235 2065 1420 2150 laudabile,
1448 2087 1484 2135 ut
1506 2068 1559 2135 cui
1577 2068 1678 2139 deber
1697 2062 1790 2137 causa
1806 2068 2005 2156 propinqui·

376 2166 528 2256 „gradui
542 2164 736 2254 proximum
757 2190 856 2253 quam
879 2191 954 2237 raro
977 2192 1038 2253 per
1069 2189 1178 2236 mores
1203 2169 1307 2248 „tatis
1326 2166 1552 2235 verecundum
1570 2162 1751 2249 honorem,
1777 2163 1818 2235 ab
1836 2189 1874 2236 ea
1897 2168 2004 2238 conti

378 2259 533 2351 „liebat,
561 2263 650 2351 quod
670 2260 740 2333 fieri
759 2288 821 2352 per
842 2263 932 2355 leges
955 2263 1087 2344 licebat,
1102 2268 1179 2352 quia
1203 2285 1315 2343 „neat
1337 2264 1486 2349 quamvis
1509 2266 1776 2353 generatricem,
1804 2286 1918 2335 tamen
1932 2264 2011 2338 libl·'

376 2364 442 2444 „id
466 2387 528 2432 nec
543 2363 654 2432 divina
670 2360 864 2450 probibuit,
884 2366 1086 2437 &nondum
1100 2386 1180 2451 pro·
1204 2416 1226 2444 ‚,
1238 2364 1370 2440 dinem,
1398 2372 1508 2442 &c.„
1575 2365 1733 2454 Gregorii
1767 2365 1808 2432 ad
1830 2365 2001 2455 ¹interrog.

379 2456 566 2542 „hibuerat
586 2457 638 2529 lex
669 2458 821 2533 humana.
874 2468 1102 2535 Veruntamen
1129 2458 1179 2531 fa·
1205 2462 1344 2551 August.
1364 2457 1549 2548 Anglorum
1565 2460 1712 2549 episcopi
1734 2486 1763 2533 c.
1782 2456 2001 2551 Vl.'respott·

380 2561 505 2642 „dium
535 2560 635 2628 etiam
658 2556 785 2629 licitum
812 2583 954 2649 propter
979 2562 1181 2631 vicinitatem
1205 2548 1276 2630 sum
1293 2560 1487 2655 adduximus
1503 2555 1650 2647 superius
1672 2576 1699 2651 §.
1716 2559 1956 2634 cccxxxn.
2007 2607 2009 2614 ·

270 2671 281 2687 ·
378 2654 612 2741 „horrebatur
638 2654 769 2738 illiciti,
801 2667 835 2733 δι
862 2663 951 2749 quod
979 2658 1079 2732 fiebat
1105 2683 1182 2731 cum

568 2940 576 2949 ,
866 2941 869 2946 ,
962 2848 1425 2942 sacrroau

341 3027 365 3048 w
614 2959 933 3074 υιιιιιιιιιιιιιε
965 3005 1227 3108 unoururrts
1260 3004 1310 3073 nt
1341 3004 1456 3090 Jvur
1488 3003 1775 3080 nvrttctratr.
1842 3067 1846 3075 .
1921 3031 1924 3038 ·

971 3202 974 3207 -
1046 3151 1084 3220 '.
1118 3149 1336 3220 CCCXllll.

397 3258 592 3342 D‘Wltllt'·
707 3269 795 3339 Cum
819 3271 1025 3361 magistratus
1043 3157 1184 3357 pioresta.
1208 3264 1276 3339 lior
1302 3264 1503 3349 irabueriat,
1544 3292 1610 3341 uon
1646 3266 1833 3342 habeantur
1859 3262 2002 3366 legitimi
2048 3291 2049 3296 ¹

262 3410 298 3428 ..
365 3344 471 3432 mm.
494 3343 594 3458 ,lusis
631 3372 680 3433 'te
701 3361 913 3437 ferendarum
931 3367 1044 3457 legum
1066 3368 1185 3437 divini·
1208 3363 1359 3453 inrecta,
1379 3365 1442 3463 sed
1462 3367 1609 3461 iufamia
1623 3371 1692 3463 fini
1712 3371 1833 3441 notati.
1903 3376 2001 3459 Leges

385 3438 600 3517 mun'c'pa'll'e
649 3462 1180 3553 tusfitinllruaiumideotcncn-
1210 3465 1471 3536 Alamannorum
1503 3470 1552 3538 tit.
1586 3473 1655 3538 XL.
1684 3471 1726 3539 de
1758 3469 1883 3539 illicitis
1914 3487 2001 3556 nupt.

389 3579 443 3629 tur
461 3554 578 3629 subditi
600 3562 697 3630 etiam
715 3560 778 3630 illis
796 3562 945 3652 legibus,
971 3588 1049 3650 quas
1077 3572 1186 3650 cujus·
1211 3558 1363 3658 Nuptias
1378 3561 1588 3659 prohibemus
1604 3568 1750 3664 incestas.
1788 3562 1909 3662 Itaque
1923 3588 2002 3639 ιιιιο·

387 3682 451 3745 que
470 3655 655 3747 reguilane
673 3662 851 3745 provincie
870 3663 1073 3751 magistratus
1090 3664 1184 3753 gravi
1211 3686 1278 3734 rem
1314 3662 1432 3735 habere
1460 3688 1525 3739 non
1556 3664 1657 3737 liceat
1676 3662 1837 3761 sacrm,
1864 3689 2004 3746 aarum,

390 3753 525 3825 consilio
543 3766 576 3827 δι
596 3756 668 3824 utili
686 3755 750 3832 fine
770 3761 811 3828 de
827 3758 1001 3846 prohibitis
1017 3762 1184 3850 cognatio·
1209 3761 1425 3857 priuignam,
1449 3787 1642 3843 nouercam,
1663 3764 1780 3860 filiam
1794 3764 1944 3859 fratris,
1958 3765 2006 3864 fi·

387 3877 467 3922 num
507 3851 663 3943 gradibus
711 3854 933 3945 promulgat,
964 3857 1185 3928 obedientiam
1212 3859 1461 3954 iiamsororis,
1478 3861 1785 3955 frumistamma,
1810 3860 2002 3959 axorissa

388 3951 562 4038 prestare,
589 3976 648 4022 nec
667 3945 770 4024 solum
794 3959 1044 4026 amatrimoniis
1067 3960 1102 4051 in
1126 3962 1185 4027 Le·
1211 3981 1344 4038 rorem,
1369 3960 1445 4057 filii
1467 3964 1569 4033 etiam
1588 3962 1743 4055 fratrum
1767 3961 1896 4064 &filii
1911 3960 2003 4060 foto·

391 4047 494 4156 tritico
510 4047 708 4135 prohibitis,
734 4046 787 4124 sed
814 4054 913 4123 etiam
938 4056 979 4122 ab
1004 4052 1090 4140 illis,
1115 4079 1187 4140 que
1212 4082 1285 4127 rum
1307 4056 1394 4129 inter
1404 4056 1443 4153 se
1458 4061 1548 4132 ottilo
1561 4059 1793 4157 praefhmlione
1819 4067 2002 4159 'ungantur
2048 4088 2049 4092 ’

392 4144 557 4237 perleges
575 4150 790 4237 municipales
810 4152 985 4223 interdicta
1004 4148 1095 4233 sunt,
1117 4149 1188 4223 abs-
1213 4151 1256 4226 Sa·
1273 4156 1346 4250 qais
1361 4169 1479 4229 contra
1497 4160 1718 4255 haecsecerit,
1744 4185 1766 4233 a
1793 4090 1862 4234 ha·
1882 4162 2004 4261 judica·-

312 4277 318 4284 ·
393 4246 508 4318 tinere.
548 4246 758 4319 Chemnitius
779 4244 926 4321 recenset
941 4254 1081 4323 vetustas
1095 4278 1188 4339 quas·
1211 4251 1272 4326 bus
1281 4253 1479 4350 separetur,
1510 4256 1551 4332 Εἰ
1569 4283 1679 4334 omnes
1695 4259 2004 4355 facultates‘atait·
2043 4279 2049 4287 ‘

272 4395 277 4402 -
388 4346 463 4415 dam
481 4350 725 4428 Germanorum
740 4348 829 4438 leges
840 4400 850 4434 ,
871 4371 944 4435 quae
959 4351 1031 4435 post
1047 4375 1187 4421 conver·
1212 4363 1274 4427 tat.
1325 4359 1447 4425 Eadem
1476 4363 1665 4431 constitutio
1686 4365 1904 4449 repetituri·
1925 4362 2004 4453 legi·

389 4440 512 4514 horem
548 4448 588 4514 ad
619 4442 719 4516 fidem
751 4448 784 4515 in
821 4443 997 4534 prohibitis
1028 4447 1186 4538 gradibus
1211 4451 1272 4522 bus
1296 4458 1465 4538 Rojaricis,
1490 4461 1538 4528 rit.
1566 4458 1663 4529 Vlll.
1686 4465 1789 4551 Leges
1814 4459 2005 4551 Longobar·

387 4546 474 4629 [apud
489 4536 575 4628 ipsos
593 4539 686 4615 fuere
700 4543 834 4617 usitata.
886 4549 992 4638 Leges
1007 4547 1118 4616 Salicae
1134 4548 1185 4617 tit.
1210 4552 1330 4620 dorum
1359 4556 1409 4623 tir.
1435 4553 1600 4628 LXVlll.
1658 4555 1757 4632 lllrtili
1777 4560 2005 4632 licealuovrr·

371 4635 485 4709 'XlV.
508 4640 591 4711 hanc
611 4640 732 4713 habent
746 4645 1032 4715 constitutionem:
1058 4639 1186 4740 Siquis
1212 4670 1306 4733 carri,
1333 4650 1446 4751 idest,
1471 4656 1664 4728 amariorum
1675 4655 1797 4750 satana,
1826 4684 1927 4756 neque
1936 4658 2006 4757 pri·

378 4734 543 4835 scarorum,
563 4751 623 4810 our
645 4741 778 4834 fratris
790 4743 927 4841 filiam,
954 4752 1015 4813 aut
1031 4754 1115 4816 certe
1133 4743 1182 4816 al·
1208 4749 1376 4842 vignau,
1409 4772 1479 4845 quae
1502 4756 1545 4852 est
1559 4755 1736 4853 filiastra,
1762 4781 1863 4855 neque
1886 4780 2008 4856 cogita·

386 4838 627 4934 teriusgraaus
638 4838 881 4937 cousrrhrinam,
892 4852 953 4912 out
956 4841 1088 4935 fratris
1100 4865 1186 4915 uxo·
1208 4857 1298 4932 turra,
1325 4871 1395 4942 quae
1413 4850 1490 4942 suit
1509 4879 1599 4928 uxor
1616 4856 1769 4949 fratris,
1792 4860 1919 4932 ducere.
1970 4865 2006 4938 ln

389 4961 470 5019 rem,
488 4950 549 5011 aar
578 4939 748 5024 auunculi,
763 4938 944 5036 sceleratis
970 4943 1100 5038 ariptiis
1116 4939 1185 5043 fibi
1207 4944 1338 5037 legibus
1361 4951 1556 5038 Luitpraadi
1589 4955 1639 5026 rit.
1671 4956 1805 5030 XXlV.
1838 4957 2006 5049 superiora

380 5039 559 5136 junxerit,
585 5038 662 5111 haic
677 5062 792 5138 pornae
801 5038 1022 5135 subjaceant,
1042 5053 1079 5113 ul
1095 5064 1117 5113 a
1132 5053 1185 5114 la·
1207 5067 1424 5133 repetuntur,
1452 5058 1487 5122 dt
1509 5076 1670 5138 praterea
1695 5059 1847 5129 additur:
1876 5055 1918 5130 A
1942 5081 2007 5132 ma·

354 5136 414 5252 ⁴,ii
433 5135 599 5238 caustrrti'o
611 5137 837 5243 separentur,
863 5150 961 5238 atque
974 5141 1077 5218 etiam
1089 5144 1125 5244 st
1137 5142 1187 5241 fi·
1219 5142 1267 5218 do
1283 5144 1393 5223 auius
1406 5145 1504 5225 loma
1518 5151 1857 5251 praesamalreliiiam
1874 5159 1918 5234 de
1934 5181 2007 5233 cor·

1955 5255 2049 5394 l.

1834 5601 2049 5699 »ι
