4884 5984
274 423 277 428 ⁵
344 498 444 576 ης.
679 441 1164 602 torrerentur.
1197 492 1240 563 v.
1290 488 1449 562 nent..
1463 491 1488 559 r.
1542 486 1649 563 aar.
1672 488 1701 560 t.

330 777 333 782 1
354 741 360 764 .,
375 708 458 776 quas
477 707 607 760 veteres
621 665 833 760 ecclesiastice
852 689 962 780 aliqua
974 685 1206 780 reprehensio·
1230 685 1393 780 legalibus
1405 683 1701 777 prohibitionibus,
1718 678 1773 762 sed
1790 677 1992 770 lotionibus
2009 681 2064 761 [οἱ

380 809 423 857 ne
447 789 657 867 notaverint,
690 812 755 859 non
778 813 889 863 tomen
912 791 1047 882 prorsus
1070 795 1207 860 dumna-
1231 810 1307 860 rent
1325 788 1531 871 revocandi,
1555 784 1696 871 perinde
1725 807 1763 854 ut
1785 782 1952 878 apossolus
1980 808 2077 880 pra-¹

371 886 470 979 tint,
491 882 544 958 vel
559 884 782 989 resciderint.]
1163 983 1170 998 .
1233 888 1387 979 greditur
1417 888 1522 958 icor.
1540 879 1640 1052 311111.
1655 907 1710 995 32.
1738 907 1894 976 negans,
1929 877 1961 954 se
1989 885 2063 959 nir·-

328 1055 334 1062 ·
383 1047 452 1143 vo.
468 1049 593 1146 tom
640 993 737 1169 nd
754 989 954 1174 11111131.
974 978 1211 1159 ann.
1234 984 2066 1177 121111ῖῖϊίἴ.ῑ.11ῑῖ1.ἳῑὲ.“;.”ῖ;

272 1261 292 1274 s
406 1149 548 1216 'mm‘
645 1185 723 1271 ptilr
743 1186 941 1273 iniquiores,
978 1180 1132 1284 r.)Quia
1151 1181 1213 1255 du·
1235 1207 1320 1258 retes
1341 1185 1473 1273 nuptias
1488 1175 1710 1253 sacerdotibus
1731 1183 1920 1256 interdictos
1936 1184 2059 1258 (latuit.

383 1277 481 1352 niara
501 1289 645 1353 ueterum
677 1282 768 1356 ditia
804 1293 923 1354 contra
955 1276 1121 1376 secundas
1151 1301 1212 1354 nu·
1237 1286 1338 1372 Atqui
1359 1281 1491 1354 morulis
1506 1282 1590 1350 ratio
1607 1283 1648 1352 ed
1671 1305 1786 1352 omnes
1802 1282 1939 1354 omnino
1954 1283 2061 1378 perti-

379 1378 479 1548 ptiar
506 1379 633 1475 injure
651 1385 811 1454 canonico
834 1379 1036 1480 adprobant.
1059 1385 1144 1469 Cap.
1170 1383 1212 1452 de
1237 1405 1303 1466 net,
1324 1380 1503 1474 necutrgis
1519 1375 1668 1458 clericos,
1686 1405 1785 1467 quant
1799 1378 1899 1452 laicos
1915 1378 2060 1454 obtenu·

389 1567 392 1572 ,
412 1479 439 1548 ir
455 1504 470 1566 3
485 1504 511 1550 t.
523 1504 555 1568 q.
573 1481 806 1573 t.adlcgontur
823 1506 964 1555 oenones
977 1480 1109 1553 concilii
1122 1474 1211 1551 Nea·
1236 1486 1305 1575 git;
1318 1481 1471 1569 proinde,
1493 1473 1753 1551 roborantem
1766 1482 1928 1555 terionem
1942 1475 2060 1554 secun-

388 1571 610 1676 cefitrienfis,
633 1585 723 1670 quod
745 1605 878 1673 tempus
902 1581 1116 1678 poenitentiae
1136 1599 1213 1650 con'·
1236 1587 1286 1654 dae
1313 1581 1436 1669 nuptie
1465 1574 1594 1652 clericis
1617 1571 1691 1648 sunt
1712 1576 1891 1670 prohibite
1905 1626 1918 1661 ,
1932 1582 2060 1672 „utique

273 1763 279 1772 Ι
382 1675 587 1776 Jlitaendum
598 1681 648 1777 fit
671 1678 763 1768 illis,
789 1681 847 1777 qui
868 1679 1062 1777 frequenter
1089 1701 1213 1751 uxores
1235 1683 1335 1752 etiam
1347 1676 1437 1750 luicis
1452 1675 1497 1748 ob
1509 1679 1660 1750 eamdem
1674 1674 1853 1767 prohibite
1864 1697 1978 1751 erunt.
2007 1679 2060 1772 q.)

390 1773 537 1864 ducunt,
560 1777 708 1875 qnodque
719 1778 894 1879 presbyter
922 1779 1076 1852 cartuivio
1094 1775 1213 1875 secun·
1238 1776 1400 1854 Secundis
1424 1774 1554 1872 nuptiis
1584 1775 1831 1877 eceteraslicam
1861 1773 2060 1852 benedidio·

391 1874 513 1949 darum
525 1880 720 1975 nuptiarum
731 1875 886 1978 intrreffe
899 1902 965 1954 non
981 1879 1106 1951 debeat.
1127 1882 1214 1968 Cep.
1236 1904 1307 1966 nem
1321 1879 1496 1974 denegant.
1532 1873 1749 1947 bellarminus
1767 1879 1809 1949 de
1830 1879 2059 1968 matrimcqp.

391 1979 467 2048 Hac
488 1979 615 2050 ratione
642 1974 726 2052 cous.
751 1990 787 2053 de
809 1981 919 2068 quest.
942 1974 1014 2056 iisd.
1030 1975 1211 2075 secundam
1237 1977 1296 2050 IX.
1317 1976 1521 2068 respondet,
1543 1972 1678 2071 cansam
1707 1974 1805 2073 bajus
1834 1976 1884 2049 rei
1913 1999 1981 2049 non
1999 1971 2059 2075 effe

392 2097 531 2148 uxorem
552 2077 699 2174 accipere
710 2075 892 2177 secundnm
909 2090 1110 2176 preceptum
1131 2098 1213 2174 apo·
1236 2100 1328 2163 eam,
1354 2075 1443 2173 quod
1454 2072 1609 2171 secunde
1630 2077 1758 2172 nuptie
1778 2087 1915 2150 careant
1930 2072 2060 2173 saera·

385 2171 473 2274 stoli
490 2172 702 2277 ticirunep,
717 2175 900 2274 secundam
924 2189 1034 2251 autem
1057 2176 1213 2250 ueritatis
1237 2188 1369 2262 mento,
1387 2173 1451 2273 sed
1477 2174 1557 2270 quia
1577 2171 1758 2249 benedittio
1788 2176 1824 2249 in
1846 2176 1972 2273 primis
1999 2201 2061 2251 nu⁴
2096 2231 2104 2250 .

310 2325 313 2332 -
351 2301 354 2310 ·
392 2274 559 2348 rationem
580 2300 654 2351 aere
667 2276 939 2449 fornicarios,
963 2274 1028 2374 sed
1047 2301 1121 2349 enm
1137 2298 1214 2372 per·
1234 2278 1320 2374 ptiis
1332 2274 1415 2348 data
1431 2298 1496 2347 nan
1510 2284 1644 2370 pereat,
1669 2299 1771 2371 neque
1791 2276 1911 2349 iterum
1928 2272 2061 2352 benedi·

392 2373 545 2447 mittente
569 2371 646 2449 Deo
663 2375 798 2473 publice
819 2373 860 2450 tr
894 2377 1015 2450 icenter
1031 2373 1214 2448 committi·
1237 2377 1270 2448 ci
1291 2374 1456 2464 debeant,
1495 2375 1553 2470 qui
1568 2370 1676 2470 semel
1700 2373 1861 2451 beneditlr'
1887 2374 2059 2470 suerunt.

395 2482 469 2553 tur,
482 2474 531 2572 fit
545 2472 679 2576 honesta
689 2475 893 2571 fornicatio.
946 2478 1002 2572 2.)
1017 2477 1107 2568 Quia
1122 2500 1213 2555 eum,
1237 2480 1327 2565 quod
1343 2479 1485 2564 petitum
1506 2500 1545 2545 ert
1560 2499 1633 2563 cap.
1652 2474 1708 2547 uir
1725 2486 1834 2547 autem
1848 2485 1938 2550 extr.
1955 2474 1997 2552 de
2003 2473 2059 2575 se·

264 2579 267 2586 '
395 2572 453 2670 qui
469 2572 720 2669 plureruxorer
732 2574 903 2674 suceefflae
924 2574 1044 2658 duxit,
1067 2597 1132 2645 non
1151 2573 1213 2644 ad·
1237 2573 1333 2664 eund,
1356 2584 1453 2669 nupt.
1512 2572 1613 2671 Quofi
1636 2598 1717 2645 uero
1746 2577 1926 2663 quidquem
1951 2579 2061 2667 impe·

396 2665 538 2745 mittant
550 2672 598 2745 ad
616 2676 748 2747 ordiner
755 2672 883 2770 sacras.
908 2680 994 2764 Cap.
1014 2671 1037 2744 st
1058 2676 1140 2762 quis.
1163 2675 1214 2742 di.
1238 2677 1307 2745 diat
1330 2675 1449 2745 divine
1476 2671 1715 2745 benedittionis
1734 2674 1768 2745 in
1786 2675 1910 2747 iteratio
1933 2677 2061 2767 nuptiis

396 2771 504 2845 aine.
532 2797 587 2862 34.
608 2798 680 2863 cap.
696 2775 852 2862 quisquis.
866 2775 937 2845 diu.
959 2792 1016 2861 84..
1037 2781 1102 2846 dcc.
1121 2779 1214 2859 cujus
1239 2770 1497 2862 repetitionem!
1543 2769 1631 2859 quast
1655 2797 1722 2843 non
1750 2771 1788 2843 lit
1810 2798 1936 2845 novum
1961 2774 2061 2868 plane

298 2877 301 2882 '
395 2868 507 2941 statuti
534 2870 751 2944 bellarminus
777 2875 810 2943 iu
832 2869 909 2944 libr.
932 2876 975 2945 de
999 2869 1110 2942 cleric.
1140 2893 1212 2958 cap.
1239 2875 1452 2962 conjugium,
1485 2873 1573 2959 quod
1596 2872 1740 2951 viduus,
1768 2871 1820 2944 vel
1853 2875 1954 2947 vidue
1981 2897 2062 2947 cum
2100 2953 2108 2974 ἱ

395 2961 532 3042 XlllV.
548 2967 717 3058 duplice'm
738 2975 837 3042 trudit
853 2972 1032 3055 rationem,
1054 2968 1214 3042 vinealem
1238 2967 1376 3061 persona
1396 2967 1536 3056 coeltbe,
1565 2967 1619 3041 vel
1644 2973 1743 3042 etiam
1762 2974 1880 3064 ¹viduus
1903 2982 1939 3047 &
1954 2963 2067 3048 iidue·

395 3079 520 3151 unani,
557 3072 727 3172 m'pstr'cam
747 3067 895 3141 alteram.
948 3066 1113 3140 Moralem
1134 3069 1214 3139 dicit
1239 3092 1356 3159 utpote
1378 3070 1456 3140 novi
1486 3076 1644 3159 conjuges
1666 3070 1808 3143 invicem
1830 3069 2063 3172 contrahunt,

361 3253 368 3263 Ι
394 3162 458 3237 etse
473 3192 568 3246 caui,
594 3172 683 3256 quod
703 3169 834 3240 iterator
859 3168 986 3264 nuptia
994 3169 1066 3266 stnt
1077 3168 1213 3266 fignum
1239 3194 1316 3239 cum
1336 3171 1429 3256 prius
1447 3169 1696 3240 matrimonium
1715 3193 1777 3257 per
1799 3189 1942 3243 mortem
1966 3172 2065 3262 peni·

394 3263 644 3339 incontinentiae
683 3267 794 3364 magis
821 3265 991 3339 diuturna
1016 3265 1215 3364 firmiusque
1240 3289 1291 3337 tut
1313 3266 1349 3337 sit
1369 3262 1531 3346 solutum,
1556 3288 1592 3337 ut
1611 3268 1753 3354 proinde
1774 3269 1874 3339 etium
1898 3293 1986 3342 novt
2003 3270 2064 3346 bc·
2093 3354 2096 3358 ³

270 3399 273 3404 ·
394 3361 605 3444 interennn
625 3368 704 3453 quin
724 3371 792 3438 into
810 3392 849 3438 eo
870 3391 972 3455 utque
986 3369 1213 3457 progreditur,
1239 3368 1426 3438 neditriune
1442 3363 1641 3457 indigeant!
1668 3365 1758 3439 neti
1781 3367 1835 3439 vel
1855 3369 1999 3443 maxime
2014 3371 2066 3443 ni·

331 3509 335 3514 -
392 3470 433 3535 ut
447 3457 613 3557 semndar
635 3458 773 3561 nuptias
798 3491 842 3538 ex
857 3462 925 3560 ⁵sao
950 3476 1075 3539 natura
1101 3465 1213 3560 magis
1238 3470 1333 3543 dous,
1350 3486 1406 3535 aot
1429 3465 1529 3535 vidua
1543 3466 1578 3534 in
1595 3465 1709 3553 priore
1726 3469 1944 3541 matrimonio
1962 3465 2067 3545 bene*

310 3629 321 3656 Ι
395 3560 563 3638 diuturne
583 3563 973 3663 incontinentiaestgnum
993 3560 1052 3662 ff
1062 3568 1213 3665 statuat,
1238 3565 1417 3636 dictionem
1440 3564 1588 3652 accepit,
1614 3588 1674 3635 cur
1694 3589 1733 3637 eu
1749 3568 1934 3659 denegatur
1951 3565 2068 3658 perso·

394 3684 493 3758 quam
521 3660 724 3738 adulterium
753 3660 794 3740 &
821 3662 1088 3738 concubinarum.
1138 3670 1214 3749 Mr-
1238 3689 1287 3734 nae
1303 3662 1433 3744 celibi,
1461 3687 1532 3750 que
1553 3687 1630 3733 cum
1647 3666 1762 3752 viduo,
1787 3665 1842 3737 vel
1860 3665 2068 3742 vidue'cott-

394 3763 505 3834 {licam
524 3788 623 3844 vcro,
647 3763 735 3861 quad
751 3787 816 3837 non
827 3765 1016 3863 figniſscet,
1046 3760 1213 3863 Cluilium
1239 3759 1370 3836 trahite
1400 3767 1497 3833 Forte
1524 3787 1601 3833 curn
1625 3764 1797 3837 cenonillis
1824 3758 2067 3856 respondebit,

392 3862 446 3934 ita
463 3857 522 3958 effe
535 3863 634 3935 unius
652 3863 735 3935 eccle
749 3886 789 3938 1ae
795 3862 975 3960 sponsum,
992 3876 1031 3936 nt
1047 3885 1213 3960 nunqnam
1238 3883 1310 3932 eam
1332 3883 1353 3930 a
1379 3857 1518 3957 persana
1531 3865 1608 3958 jam
1632 3872 1711 3934 ante
1730 3860 1897 3937 beneditla
1915 3864 2068 3963 accipere

393 3956 549 4035 babuerit
564 3960 689 4047 aliam,
714 3989 780 4052 qua
798 3966 840 4034 de
857 3990 893 4035 re
910 3965 986 4052 quid
1008 3966 1214 4037 statuendum
1239 3957 1516 4048 beneditionem,
1549 3962 1638 4134 peut
1679 3985 1769 4059 aqua
1799 3985 1867 4036 non
1894 3961 2078 4041 benedidu·

393 4056 455 4143 bt,
478 4064 512 4132 in
530 4064 623 4134 trad.
640 4065 682 4135 de
695 4062 816 4134 minist.
830 4059 913 4135 eccl.
928 4087 1001 4150 cap.
1018 4066 1060 4135 de
1077 4070 1212 4155 conjug.
1238 4058 1391 4157 adpofita
1424 4082 1519 4157 aquae
1571 4060 1723 4138 eneditlae
1759 4061 1888 4137 easdem
1920 4065 2068 4141 virtuter

392 4152 599 4232 sacerdotum
614 4163 836 4249 §.cecant
856 4158 923 4234 lete
939 4158 1004 4233 fuit
1017 4158 1212 4252 expositum.
1234 4160 1435 4258 participat.
1474 4162 1536 4233 Sed
1559 4159 1624 4234 ltoc
1643 4164 1764 4255 nugari
1780 4166 1847 4248 est,
1871 4172 1907 4239 dt
1921 4160 2066 4257 fingere

393 4262 470 4331 Hoc
489 4257 563 4332 loca
577 4258 660 4332 illud
674 4285 843 4353 urgemus.
863 4266 989 4333 lteretae
1004 4262 1127 4354 nuptie
1141 4262 1215 4350 poll
1238 4263 1341 4333 Certe
1379 4261 1437 4349 qui
1464 4253 1611 4331 secundis
1642 4264 1766 4352 nuptiis
1793 4263 2065 4339 benedidionem

393 4354 524 4429 obitum
542 4360 693 4451 conjugis
712 4382 768 4431 rut
788 4356 861 4432 sont
876 4383 936 4457 per
950 4356 1091 4456 sapie,
1115 4356 1216 4431 bone·
1237 4364 1406 4451 denegat,
1431 4354 1564 4454 oblique
1585 4383 1637 4433 ets
1653 4358 1795 4448 adculrt,
1810 4364 1899 4449 quod
1914 4385 1982 4434 non
2001 4360 2066 4435 sint

299 4511 307 4522 .
384 4457 448 4557 slae
466 4482 504 4530 oc
527 4453 702 4549 legitimae,
734 4461 929 4531 conminus
954 4484 1052 4547 quam
1070 4461 1215 4548 primae,
1240 4484 1384 4545 verunt,
1414 4456 1602 4549 legitimum
1634 4487 1671 4532 ac
1692 4465 1767 4535 Deo
1793 4483 1928 4552 gratum
1945 4465 2067 4535 matti·

391 4576 448 4627 cut
464 4553 574 4651 perse
595 4567 707 4650 turpes
731 4565 765 4630 dt
789 4555 979 4631 inhoneste.
1042 4560 1075 4630 Si
1093 4560 1187 4646 prius
1204 4605 1221 4636 ,.
1239 4561 1408 4636 munium,
1434 4558 1564 4644 quin&
1584 4559 1700 4631 utilem
1720 4557 1990 4633 constitutionem
2007 4586 2065 4633 ec·

392 4654 532 4725 ministri
555 4653 698 4728 ecclesie
719 4680 786 4727 non
811 4650 885 4729 sunt
909 4656 951 4729 ub
980 4654 1046 4728 illis
1067 4657 1213 4728 arcendi.
1239 4651 1446 4731 cleballicam
1463 4659 1505 4728 de
1522 4664 1680 4747 cujusque
1702 4658 1844 4752 legitimi
1858 4661 2065 4736 matrimonii

391 4755 425 4827 si
445 4755 627 4843 posterius,
656 4755 781 4827 nemini
802 4757 836 4826 in
851 4754 986 4829 ccclefia
1006 4755 1080 4826 sunt
1095 4780 1214 4828 ronce-
1240 4753 1473 4827 benedictione
1489 4754 1676 4831 labefactat.
1728 4758 1785 4856 4.)
1798 4760 1870 4854 Qui
1889 4763 1968 4852 duat
1981 4784 2066 4834 uxo-

390 4856 519 4925 dendae.
590 4857 671 4925 Non
692 4855 761 4938 est,
788 4861 879 4942 quod
904 4857 1043 4935 dicant,
1075 4864 1216 4952 propter
1239 4878 1291 4925 res
1308 4849 1483 4927 succeffive
1498 4858 1645 4939 ducunt,
1677 4883 1733 4929 eos
1780 4856 1955 4951 erfeblione
1981 4881 2066 4956 qua·

388 4955 551 5050 majorem
575 4951 811 5050 persedionem
839 4952 1039 5052 sacerdotes
1065 4953 1110 5026 ab
1146 4947 1215 5029 itis
1238 4948 1538 5052 damfircronemi
1557 4976 1668 5030 carere
1684 4884 1823 5058 tendent.
1888 4957 2067 5033 Bellantti·
2083 4967 2092 5042 ζ

382 5050 572 5150 prohiberi,
600 5050 851 5143 quiaperfee'lio
872 5056 1002 5127 nonest
1030 5057 1213 5145 precepti,
1239 5077 1300 5123 nus
1322 5057 1364 5126 dc
1388 5053 1498 5126 cleric.
1516 5081 1588 5144 cap.
1611 5056 1745 5129 XXIV.
1773 5070 1806 5143 ς.
1831 5054 1950 5130 ultera:
1979 5055 2065 5135 Per·

385 5149 441 5230 scd
465 5149 615 5238 confilii3
645 5152 688 5228 ob
721 5154 844 5256 iteratis
879 5178 963 5250 ergo
993 5155 1119 5247 nuptiis
1145 5179 1215 5230 non
1231 5150 1545 5256 sebiafignificatio
1559 5156 1713 5254 conjugii
1732 5154 1859 5259 Christi
1874 5182 1947 5231 cunt
1965 5158 2067 5287 erel'e·
