4884 5984
505 531 600 608 ,ψ
805 535 808 542 -
863 502 1163 610 upcvsxxvr.
1215 502 1381 588 crnv.
1432 508 1655 600 navari.
1692 505 1843 587 aare
1872 527 1908 590 ·:.

523 707 568 779 cle
592 699 823 780 lanittuendt
842 711 1003 795 eapxu.
1028 707 1063 777 in
1091 701 1148 780 fin.
1170 703 1338 797 triplicem
1365 707 1423 781 fim
1450 707 1524 780 viru
1543 729 1639 795 apta,
1663 709 1790 784 vetulos
1809 722 1845 788 te
1866 705 1996 785 effoetat
2023 706 2183 802 conjugi·

525 809 694 878 constituit
710 803 927 880 semitutum:
955 803 1079 878 Prima
1091 829 1191 903 porr,
1220 810 1338 899 inquit,
1365 813 1498 880 idonens
1512 832 1578 878 non
1594 803 1658 879 elle
1673 814 1805 886 docens.
1851 825 1898 891 a.)
1909 810 2093 922 Ere-finium
2108 831 2183 882 corr·

526 902 765 1004 tipopepo'rrur
779 905 918 996 crudam
932 904 1135 1003 viridemque
1142 905 1339 1003 seneclutem
1359 907 1534 1007 jugalium
1548 909 1738 986 remotione.
1787 913 1871 984 Finis
1887 912 2038 1007 conjugii
2057 911 2183 1000 prima·

526 1006 712 1079 viventium
737 1005 886 1090 dicitvr,
911 1016 1088 1102 propterea
1115 1006 1204 1102 qaod
1232 1011 1341 1085 adtrv
1365 1013 1432 1082 tius
1451 1003 1636 1102 estsuholir
1648 1013 1855 1104 procreatio,
1886 1034 1918 1083 tt
1934 1034 2079 1099 quorum
2103 1029 2183 1082 cor-

528 1101 621 1180 oiire
644 1102 765 1179 civilia
785 1107 922 1201 negotia
936 1101 1080 1201 poffvnt.
1132 1104 1261 1184 Altera
1280 1135 1341 1184 av-
1363 1133 1449 1200 pora
1470 1106 1562 1177 senili
1592 1133 1755 1181 marasmo
1784 1133 2039 1198 emarcuerunt,
2064 1106 2118 1181 illi
2141 1107 2183 1182 nd

406 1273 417 1290 ,
527 1216 593 1278 tem
607 1207 662 1277 cvi
680 1217 759 1302 apte
773 1230 889 1278 nomen
903 1203 1012 1301 ipsam
1029 1207 1178 1293 inditur,
1200 1210 1343 1309 eoquod
1366 1213 1596 1300 generandum
1610 1232 1677 1281 non
1689 1211 1831 1298 amplius
1844 1206 1917 1282 sunt
1929 1213 2052 1291 idonei,
2065 1209 2182 1297 proin·

528 1301 678 1480 ipsfft,
697 1306 737 1378 de
751 1329 818 1402 qva
837 1306 983 1380 dicitvr:
1366 1315 1408 1380 de
1429 1307 1542 1393 ludos,
1576 1331 1642 1378 non
1670 1334 1741 1383 rem
1767 1307 1883 1384 seriam
1906 1334 2007 1400 agere
2033 1311 2181 1381 miuilltt

616 1404 750 1492 tlauit,
768 1402 949 1505 surrsttqve
967 1403 1098 1490 cibam,
1123 1406 1179 1481 det
1195 1408 1342 1484 membru
1367 1410 1654 1495 videtur,quando
1665 1410 1699 1480 in
1711 1435 1875 1482 novorum
1888 1413 2069 1501 coniugum
2080 1406 2182 1480 bant·
2208 1481 2213 1486 .

836 1527 839 1532 ’
1054 1505 1186 1603 sopori.
1365 1509 1510 1580 distione
1523 1504 1735 1580 eccleliallicc
1749 1515 1788 1582 ad
1801 1534 1873 1595 eos,
1901 1513 1958 1598 qui
1973 1533 2036 1598 per
2047 1527 2179 1580 :tutem

536 1599 639 1703 Qvod
666 1618 775 1682 tamen
802 1603 837 1680 iv
862 1607 998 1681 tertium
1021 1630 1088 1680 non
1107 1607 1278 1693 convenit,
1306 1606 1342 1679 in
1367 1630 1545 1699 procreare
1577 1630 1615 1677 rc
1646 1633 1764 1696 perere
1791 1634 1857 1679 non
1882 1604 2043 1699 poliunt,
2082 1608 2183 1679 dieite

529 1729 595 1804 qva
617 1703 791 1805 Telephum
805 1708 1067 1800 grammaticam
1082 1706 1135 1782 lis
1148 1719 1239 1782 terve
1253 1732 1342 1780 men·
1372 1700 1573 1801 Crescite&
1587 1705 1877 1803 multiplicamini.
1927 1707 2090 1782 Clemens
2103 1701 2183 1780 ale.

410 1819 415 1824 “
520 1805 561 1904 fi
586 1807 702 1882 lavari
732 1808 888 1890 auditum·
902 1810 960 1980 pp.
1013 1805 1160 1904 Propter
1178 1809 1265 1881 enim
1292 1808 1343 1880 vi·-
1368 1808 1545 1878 tandeinus
1570 1804 1629 1876 lib.
1647 1813 1688 1878 11.
1713 1811 1887 1900 padngug.
1915 1832 1987 1896 cop.
2006 1814 2048 1880 X.
2100 1800 2181 1880 Nou

529 1908 618 1982 rium
635 1908 902 2008 infirrnitatema
920 1906 1053 2006 stainam
1072 1907 1109 1980 li
1119 1905 1234 1980 balnei
1249 1902 1342 2002 usum
1367 1908 1455 1980 coire
1469 1902 1516 1974 av
1534 1906 1815 1999 procreationem,
1845 1907 2064 2008 estinjrtriam
2080 1915 2180 1980 nnm-

530 2007 785 2110 rronsvstivent.
809 2007 1039 2102 acceditquod
1052 2029 1110 2102 per
1127 2006 1344 2100 habitassri-
1368 2028 1415 2080 rae
1428 2004 1560 2101 facere.
1613 2000 1732 2103 Itaque
1752 2018 1877 2079 natura
1896 2005 2180 2104 pveris-nondum

530 2108 713 2205 giditatcrn
732 2106 910 2179 mordacia
927 2105 963 2178 lri
979 2120 1186 2183 excrementa
1208 2109 1344 2182 minime
1368 2101 1515 2201 concefflt
1549 2125 1698 2192 uxores,
1737 2103 1876 2203 senibus
1915 2118 2017 2204 negat
2051 2108 2180 2180 darm.

526 2208 681 2306 pariunt.
739 2201 933 2280 Nornivunt
954 2229 1053 2288 acm,
1091 2208 1149 2302 qvi
1179 2207 1226 2282 ad
1257 2203 1344 2281 lrairc
1369 2203 1588 2279 Proferuntur
1621 2209 1756 2292 quidem
1787 2207 1939 2295 exemplu
1960 2209 2182 2296 quorumdem

528 2320 663 2406 partem
685 2308 859 2404 pervertit,
897 2331 1005 2396 graece
1023 2308 1233 2398 minemo,
1263 2307 1344 2380 ficut
1368 2299 1508 2383 senum,
1536 2303 1594 2389 qui
1615 2307 1650 2375 in
1668 2326 1813 2378 extrema
1836 2329 1930 2380 aetate
1954 2307 2079 2380 liberas
2105 2327 2181 2396 pro·
2200 2317 2213 2396 ’-

536 2415 654 2496 ajunt,
686 2408 745 2503 qui
764 2404 1001 2478 vocabulorum
1023 2407 1241 2502 etymologiis
1256 2429 1344 2503 gav—
1370 2424 1544 2489 crearunt,
1572 2395 1626 2475 sed
1640 2429 1676 2476 ea
1691 2430 1767 2476 eum
1786 2403 1848 2477 svnt
1862 2433 1934 2479 rara
1950 2418 1984 2481 dc
1998 2404 2182 2480 extraordi-

534 2509 639 2592 deret,
672 2505 715 2578 ab
742 2529 797 2590 co,
817 2507 905 2600 quod
930 2508 972 2598 est
998 2503 1199 2601 mirantum
1220 2507 1279 2584 mir
1302 2507 1346 2589 tie
1370 2508 1485 2588 naria,
1517 2524 1585 2572 non
1612 2502 1744 2595 poliunt
1766 2508 1966 2580 constituere
1989 2503 2198 2597 generalem·

534 2598 604 2684 dle
624 2602 799 2698 ripparii,
825 2594 986 2677 mittendo
1011 2607 1048 2677 in
1066 2629 1251 2702 pompam,
1274 2627 1347 2702 qvae
1372 2601 1537 2696 regulam.
1592 2607 1811 2691 adde‚quod
1841 2602 1969 2676 soboles
1987 2631 2058 2677 non
2076 2599 2181 2680 sotum

535 2703 701 2778 dveitad
719 2727 839 2777 inanes.
891 2705 1038 2797 Quidam
1059 2711 1101 2776 ad
1128 2712 1208 2777 duas
1227 2707 1346 2796 species
1372 2706 1607 2794 procreanda,
1643 2699 1698 2775 sed
1729 2708 1828 2775 etium
1853 2708 2035 2778 educando.
2096 2695 2181 2774 Art

426 2801 430 2805 ’
534 2800 672 2877 senilem
688 2805 817 2877 atatim
832 2827 1007 2888 revocant,
1024 2806 1256 2898 distinguendo
1272 2830 1345 2877 eam
1370 2800 1426 2876 vel
1447 2805 1589 2875 maxime
1609 2798 1700 2875 lenes
1720 2783 1870 2875 robolin
1892 2803 2035 2890 aliquam
2055 2823 2182 2894 genua·
2209 2885 2213 2906 .

533 2906 570 2978 in
590 2901 754 2978 lenettam
772 2905 911 2977 crudum
928 2916 963 2976 dc
985 2915 1189 2985 extremam,
1211 2903 1278 2977 stre
1293 2906 1457 2988 ca-·rint‚
1475 2927 1564 2989 qnae,
1585 2902 1629 2973 ob
1645 2898 1751 2973 lenilis
1765 2900 1895 2973 seminis
1912 2901 2132 2994 frigiditatem
2145 2909 2181 2976 tt
2208 2973 2210 2978 .

536 3004 702 3094 pulcram.
755 3005 828 3101 Qui
840 3007 874 3074 in
888 3005 988 3075 viridi
1004 3029 1042 3074 ac
1055 3006 1242 3076 declinante
1252 3005 1348 3075 lene·
1372 3000 1568 3086 siccitatem,
1593 3024 1630 3072 ut
1647 3001 1831 3088 plurimum
1853 2997 1932 3073 solet
1951 2998 2015 3074 elle
2033 2997 2181 3078 imbecil·
2208 3061 2213 3084 „

415 3163 418 3176 .
538 3107 591 3176 aa
619 3105 786 3174 constituti
817 3108 908 3186 lunt,
945 3103 1009 3171 illis
1036 3107 1227 3190 nuptiarum
1251 3108 1347 3187 cdyta
1372 3100 2183 3190 lisaclanguida,utnotatLyrainGenXXXVlL.

539 3223 610 3274 non
634 3197 706 3272 sunt
727 3203 950 3279 occludenda,
976 3196 1036 3272 sed.
1045 3206 1295 3291 decrepitorum
1309 3227 1347 3272 ae
1373 3222 1484 3270 tamen
1505 3203 1545 3270 ad
1561 3226 1633 3270 eam
1651 3204 1878 3279 educandam,
1904 3193 2103 3288 tsuperstes
2118 3223 2182 3272 mu·

536 3299 743 3391 cartularium
767 3299 1005 3372 silicerniorum
1031 3304 1154 3388 nuptiae
1184 3327 1252 3372 nun
1276 3298 1348 3371 lunt
1372 3321 1461 3379 neat,
1473 3301 1575 3369 aetatis
1587 3324 1652 3369 non
1665 3298 1787 3370 habent
1805 3295 1877 3369 latis
1892 3299 2069 3385 reliquum.
2101 3302 2183 3375 Sim·

538 3402 720 3473 admodum
737 3403 934 3488 probanda,
959 3420 995 3468 ut
1013 3404 1150 3485 adparet
1173 3401 1225 3496 ι.)
1242 3428 1281 3471 ex
1298 3402 1349 3496 ip·
1372 3397 1489 3485 plicius
1522 3400 1555 3466 in
1579 3401 1720 3486 Epittet.
1743 3393 1912 3486 disputat,
1933 3396 2011 3493 sevi
2031 3421 2098 3471 von
2129 3392 2197 3498 effe

530 3498 767 3600 firdrcrcpitae
788 3500 901 3571 atatis
924 3497 1122 3570 conditione.
1180 3505 1280 3573 Senes
1297 3526 1349 3572 cc·
1371 3496 1558 3569 ducendam
1574 3521 1731 3580 uxorem,
1752 3521 1792 3568 ve
1805 3523 1877 3569 curn
1898 3509 2024 3594 tempus
2038 3496 2118 3574 iiiuc
2132 3499 2181 3574 di·

539 3599 674 3692 pulares
698 3599 807 3687 eapite
830 3602 863 3669 in
890 3621 1013 3668 terram
1034 3595 1192 3672 defixo&
1216 3598 1348 3687 obstipo
1363 3593 1523 3691 serviendi
1539 3596 1707 3689 adfuerit,
1730 3609 1868 3670 vocatas
1882 3595 2033 3693 sarcinis
2053 3603 2182 3700 onustat

539 3704 716 3783 incedunt,
739 3720 775 3768 ut
788 3695 830 3768 ab
848 3693 914 3786 ipsa
933 3722 1050 3768 natura
1072 3701 1201 3768 moneri
1215 3701 1351 3769 videan·
1373 3695 1646 3786 deprehendatur.
1666 3693 1707 3768 ii
1716 3722 1824 3769 recens
1838 3697 1970 3772 dviiavr
1986 3695 2184 3776 errrorem&

539 3824 618 3878 tur,
645 3804 686 3869 de
711 3795 840 3868 tumulo
864 3798 994 3886 potius.
1019 3821 1117 3883 quam
1145 3802 1186 3868 de
1209 3799 1349 3884 nuptiali
1375 3794 1498 3870 liberos
1517 3796 1725 3868 lamentetur.
1777 3799 1861 3869 Finis
1882 3801 2030 3890 conjugii
2050 3802 2098 3870 est
2117 3824 2183 3875 ma⁴

540 3898 686 3972 thalamo
703 3893 787 3984 ipsos
802 3894 924 3972 debere
936 3895 999 3966 elle
1015 3892 1173 3978 solicitos,
1190 3922 1228 3967 cc
1240 3902 1281 3968 de
1297 3895 1349 3968 fu·
1374 3907 1466 3969 tvvm
1488 3895 1697 3990 adjutoriam
1719 3920 1788 3971 non
1809 3893 1956 3968 absolute
1975 3923 2012 3968 ac
2029 3896 2184 3988 simplici·

539 3995 707 4071 neralibus
723 3996 852 4084 potius,
880 4021 977 4083 quam
1004 3995 1205 4082 nuptialibus
1224 3993 1349 4067 lucibus
1374 4019 1443 4081 ter,
1467 3993 1520 4066 led
1537 4020 1613 4067 cum
1633 3992 1784 4085 respeiiu
1801 3999 1841 4067 ad
1859 3993 1951 4067 ulum
1973 3999 2186 4089 conjugalem
2211 4083 2213 4090 Α

540 4098 698 4189 cogitare.
763 4096 856 4186 Quid
888 4098 993 4186 magis
1018 4095 1255 4183 praeposterum
1281 4099 1348 4175 est,
1374 4098 1407 4166 in
1427 4100 1692 4186 generatione&
1713 4097 1908 4165 educatione
1927 4095 2184 4181 liberorum,iu

539 4221 637 4294 qnam
657 4216 720 4289 qvo
736 4194 847 4266 minvs
863 4195 1059 4292 vicereslvt,
1084 4216 1120 4264 eo
1134 4194 1213 4288 plus
1229 4196 1351 4266 viatici
1374 4197 1654 4265 administratione
1679 4198 1728 4265 rei
1748 4189 1936 4275 familiaris.
1963 4193 2044 4266 sicut
2065 4204 2183 4291 Augu.

537 4313 697 4392 quareret
723 4292 853 4364 dicebat
877 4295 998 4365 Cicero
1022 4296 1054 4362 in
1069 4297 1198 4366 Catone
1221 4294 1350 4391 majore
1374 4296 1474 4364 stinus
1493 4294 1568 4365 libr.
1579 4302 1638 4365 lX.
1656 4297 1698 4363 de
1714 4289 1831 4369 Genus.
1850 4300 1890 4365 ad
1910 4293 1958 4368 lit.
1973 4303 2119 4384 capltl.
2127 4323 2183 4384 re·

537 4401 579 4469 de
607 4391 789 4472 senectute
821 4390 863 4461 luc
887 4393 965 4476 quid
988 4395 1092 4483 magis
1110 4397 1348 4482 praeposterum
1373 4396 1425 4463 ete
1442 4417 1567 4465 nronet.
1620 4390 1663 4464 Si
1678 4394 1856 4487 quaritur,
1873 4397 1996 4481 inquit.
2023 4393 2182 4491 adquam

539 4492 761 4570 censendum,
792 4516 890 4575 quam
919 4495 1022 4560 atatis
1049 4485 1151 4580 spatio
1177 4499 1216 4563 ad
1240 4518 1332 4564 extre
1372 4515 1440 4563 rem
1454 4493 1536 4589 fieri
1551 4496 1738 4587 oportuerit
1761 4493 1822 4564 loc
1844 4493 2071 4590 adjutoriam,
2098 4487 2185 4578 nillil

538 4620 626 4666 tuam
644 4618 745 4678 usque
762 4589 882 4659 lineam
897 4584 1034 4660 decurso
1048 4596 1087 4661 ad
1103 4618 1250 4664 carceres
1259 4591 1346 4680 quali
1373 4591 1471 4661 aliud
1491 4591 1716 4685 probabiliter
1741 4596 1909 4673 occurrit,
1931 4618 2030 4688 priam
2048 4609 2183 4694 propter

446 4781 458 4788 ..
536 4696 648 4768 redire
674 4703 709 4763 de
736 4695 778 4761 de
805 4691 879 4758 vitae
912 4684 1057 4759 subsidiis
1076 4686 1239 4763 solicitum
1264 4689 1347 4763 erle?
1365 4691 1463 4788 filios
1479 4693 1719 4786 procreandos,
1746 4695 1827 4786 fient
1844 4693 2183 4791 adjutoriornsemini

539 4795 757 4866 Genxvlll.
782 4812 834 4862 ιι.
888 4792 964 4858 Sara
985 4792 1119 4860 audiens
1140 4788 1245 4864 filium
1261 4816 1299 4860 ex
1316 4787 1347 4860 le
1373 4801 1463 4864 terra
1485 4795 1546 4890 esi,
1580 4803 1624 4864 ut·
1641 4784 1827 4888 virgultum
1847 4821 1891 4867 cx
1914 4806 2049 4890 utroque
2066 4795 2182 4894 nusca-

535 4916 650 4963 nrtum
674 4893 732 4970 iri,
757 4889 837 4958 dicit
859 4895 943 4961 intru
970 4881 1052 4959 lest:
1102 4889 1281 4991 Postquam
1293 4887 1345 4984 si·
1372 4901 1437 4962 tur.
1495 4890 1568 4962 Hoc
1580 4894 1666 4965 enim
1685 4892 1725 4965 i?
1741 4896 1775 4965 in
1793 4897 1906 4989 prima
1920 4921 2027 4967 rerunt
2043 4901 2182 4973 creatio·

533 4994 595 5067 mcci
619 4986 659 5063 ii
680 4987 849 5061 Dominus
869 5010 958 5060 meus
977 4984 1101 5071 (euicit,
1128 5016 1206 5062 nuru
1228 4989 1347 5084 volup·
1370 5016 1409 5062 ne
1430 4992 1552 5065 dilium
1571 5005 1660 5066 erat:
1687 4991 1872 5068 Masculum
1887 5006 1921 5068 dt
1940 4993 2114 5069 l'oeminam
2135 4997 2182 5074 fe·

535 5084 811 5183 cerinthiarii:
838 5084 947 5162 Ruth.
960 5093 982 5156 l.
1000 5110 1050 5161 ta.
1066 5092 1176 5175 inquit
1186 5087 1281 5162 Ruth
1297 5092 1345 5161 vi·
1371 5095 1414 5161 cit
1431 5120 1505 5172 cus,
1527 5095 1653 5164 dicem:
1683 5090 1829 5166 Crcleite
1845 5104 1877 5167 de
1900 5089 2179 5179 multiplicamini.

535 5197 619 5268 duc:
634 5265 638 5270 ,
656 5183 765 5292 ,ῥἐηιιι
789 5183 900 5286 avisii
927 5187 1024 5271 viro,
1055 5189 1096 5266 id
1116 5192 1182 5274 est,
1216 5210 1253 5261 ut
1279 5215 1346 5263 non
1370 5188 1482 5291 Avtfi
1495 5190 1826 5291 adlocadjntorivm
1838 5193 2181 5295 gignendifiliosrron
