4884 5984
285 444 332 484 ²
380 514 454 595 290
860 484 1248 605 aconssrouos
1287 480 1566 595 mamma

364 672 596 782 ‘paucissimis
606 672 834 779 respondeat,
849 673 1084 755 suadereheic
1093 681 1192 755 idem
1232 676 1276 753 do
1296 726 1308 766 ‚
1335 676 1404 753 hoe
1423 676 1557 752 intuitu
1578 668 1619 750 sit
1643 690 1814 775 numero
1837 675 1940 778 tegre
1953 677 2030 770 prou

383 775 449 856 esse
466 781 714 878 acimperare.
763 777 842 852 Nos
860 779 976 855 saltim
989 783 1069 855 heic
1084 782 1192 856 adda·
1230 778 1381 852 beatium.
1432 777 1573 869 Quibus
1604 779 1660 852 ita
1699 779 1930 875 praemiffisi,
1957 778 2032 853 suile

382 904 492 968 mus,
514 881 706 977 plerasque
719 877 845 977 leges,
872 880 1040 976 inprimis
1055 884 1078 957 l.
1091 909 1123 958 a.
1144 878 1192 957 δ’
1231 898 1356 978 patet,
1396 878 1649 954 Grannum
1676 875 1908 953 sententiam
1937 874 2034 975 'priori

382 996 436 1062 18·
455 981 505 1053 D.
519 985 557 1051 re
570 981 653 1052 Ritu
672 992 766 1075 num.
790 981 923 1076 apertis
943 989 977 1055 δι
992 981 1097 1057 claris
1111 1006 1193 1055 ver·
1233 980 1304 1077 piis
1323 981 1414 1054 iuris
1437 980 1580 1052 romani
1593 979 1708 1075 piane
1725 978 1961 1077 conformem
1972 975 2034 1066 ese,

383 1080 441 1171 bis
475 1084 572 1154 hun'c
607 1077 815 1154 consensum
843 1095 1017 1176 tanquam
1044 1075 1193 1157 necessa·
1235 1089 1294 1167 δι,
1324 1077 1505 1176 quidquid
1539 1074 1651 1151 etiam
1683 1077 1918 1152 obmoveant
1942 1079 2035 1152 adver·

387 1182 487 1257 rium
501 1181 709 1277 requirere,
726 1202 859 1276 easque
877 1182 977 1253 nullo
993 1183 1098 1279 piane
1113 1184 1194 1258 sun·
1237 1177 1344 1266 sarii,
1371 1182 1440 1253 tale
1459 1179 1747 1252 matrimonium
1756 1178 1965 1253 liberomm
1974 1181 2037 1250 invi·

389 1283 557 1354 damento
571 1301 745 1376 tanquam
758 1301 882 1353 textus
899 1278 1072 1357 suasorios
1090 1283 1197 1379 re-spi·
1238 1300 1274 1354 to
1295 1278 1356 1353 vel
1375 1279 1485 1351 inscio
1515 1298 1615 1375 patre
1654 1276 1904 1353 contraiium
1930 1279 2038 1377 illegiti-

389 1382 422 1454 ei
437 1376 543 1478 posse.
593 1379 696 1455 Nihil
720 1403 808 1453 vero
828 1382 960 1453 clarius
987 1377 1052 1456 esse
1066 1380 1197 1481 potest,
1239 1403 1366 1468 mum,
1381 1381 1456 1452 imo
1468 1378 1573 1473 piane
1588 1378 1812 1451 invalidum
1827 1375 1930 1452 fuisse
1945 1376 2039 1452 &nui

325 1550 329 1563 ,
387 1481 412 1557 1.
430 1507 478 1555 ro.
501 1484 568 1552 eod.
589 1481 628 1552 in
645 1501 717 1576 qua
732 1477 919 1567 asseritur,
950 1487 1049 1577 quod
1070 1482 1197 1572 liberi,
1239 1481 1331 1554 lum.
1379 1477 1547 1553 Pluribus
1564 1480 1632 1550 hoc
1643 1500 1695 1549 ex
1709 1478 1802 1574 ipsis
1821 1479 1950 1578 legum
1965 1500 2039 1575 argu·

391 1601 551 1677 quorum
573 1600 674 1676 pater
700 1579 789 1655 iusto
822 1580 965 1677 diutius·
988 1583 1108 1670 abest,
1133 1609 1200 1654 noo
1242 1578 1374 1652 mentis
1397 1579 1569 1651 evincunt
1588 1578 1703 1650 Aur.
1721 1580 2041 1651 Scnvrrruout

388 1684 649 1778 prohibeantur,
676 1683 805 1755 eodem
823 1676 931 1750 inscio
948 1685 1092 1779 nuptias
1111 1685 1202 1781 legi.
1241 1684 1275 1752 in
1289 1682 1431 1772 Iorirpr.
1451 1677 1701 1776 Ante-sustin.
1725 1680 1810 1750 edit.
1819 1679 1915 1776 Lips
1929 1703 2013 1775 ¹737·
2023 1703 2042 1772 t

391 1783 500 1855 times
523 1781 745 1853 contrahere.
797 1783 851 1853 Ex
873 1801 946 1874 quo
974 1780 1095 1878 sponte
1119 1807 1200 1856 con·
1237 1806 1313 1873 300.
1334 1779 1399 1852 ubi
1421 1772 1546 1850 locum
1570 1781 1711 1850 Pavor
1738 1778 1952 1857 obstantem
1965 1781 2043 1879 erpi

391 1879 588 1977 sequimr‚
616 1882 714 1974 quod
736 1901 837 1976 patre
862 1877 1057 1975 prasente,
1086 1904 1203 1979 eoque
1243 1901 1330 1971 eat3
1355 1877 1499 1951 Haun.
1531 1874 1825 1951 Bnovwanvs
1852 1887 1893 1952 de
1920 1887 2043 1952 iorem

391 1981 567 2059 inscioac
587 1980 727 2072 invito,
754 1980 954 2053 liberorum
973 1986 1107 2078 nuptiae
1121 2006 1204 2078 pro·
1244 1984 1319 2053 nub.
1339 1983 1380 2050 L.
1394 1978 1421 2050 l.
1442 1976 1480 2050 C.
1495 1976 1574 2049 Vll.
1588 2002 1624 2074 p.
1648 2000 1710 2072 59.
1738 1977 1790 2051 G.
1810 1984 1854 2051 L.
1881 1981 2042 2054 Bonane

392 2079 613 2167 hibentur,
642 2084 740 2176 quod
760 2082 882 2176 itaque
903 2078 989 2168 lex,
1017 2084 1060 2154 de
1082 2084 1204 2156 matri·
1245 2102 1319 2155 avs
1357 2079 1382 2151 l.
1405 2100 1435 2150 c.
1459 2074 1499 2148 C.
1515 2077 1542 2147 l.
1557 2087 1587 2163 §.
1604 2083 1664 2152 26.
1682 2097 1746 2175 27.
1778 2105 1840 2155 na
1866 2087 2041 2161 Lrornu

392 2181 518 2271 monio
529 2177 599 2254 fine
610 2178 777 2256 consensu
784 2196 978 2278 parentum
990 2204 1064 2256 non
1076 2185 1204 2256 ineun-
1245 2182 1271 2255 1.
1289 2202 1319 2256 c.
1339 2176 1428 2253 Diff.
1446 2175 1629 2251 11„c,111.

1070 2395 1130 2471 Ad
1157 2405 1188 2484 ς.
1217 2344 1277 2477 68}
1298 2391 1381 2490 sqq.

742 2577 841 2666 Quas
863 2577 907 2653 ab
927 2580 996 2652 hoc
1009 2579 1092 2653 inde
1112 2588 1142 2666 §.
1156 2578 1205 2652 se·
1249 2596 1392 2649 namus.
1442 2571 1559 2648 Prisco
1588 2598 1665 2649 avo
1688 2580 1980 2653 matrimonium
1995 2597 2039 2649 nn

393 2671 623 2776 &armotiam
670 2678 1205 2774 quentibusaliisproferrGan·
1250 2674 1458 2749 censebatur
1480 2678 1671 2772 negotium
1693 2675 2040 2767 ecclesiasticumsu

393 2779 515 2856 ’ΨΜ
548 2772 622 2815 ‘¹¹⁸⁸‘
672 2802 811 2850 nnnnvs
837 2779 1025 2852 sententias
1060 2802 1106 2852 ex
1133 2782 1206 2851 iure
1249 2797 1349 2847 mere
1372 2773 1513 2863 civile,
1548 2777 1646 2870 quod
1669 2782 1762 2852 hinc
1784 2781 1939 2878 legibus
1961 2778 2039 2852 subi·

391 2837 622 2989 ff'ffi'ffsso'gj
673 2879 823 2950 canonico
840 2877 1042 2966 desumtas‚
1069 2878 1138 2952 suae
1161 2881 1204 2951 de
1250 2873 1350 2948 uum
1379 2895 1456 2946 erat
1487 2874 1683 2967 civilibus,
1725 2887 1762 2952 δι
1792 2878 2039 2955 secundumeo

454 3002 562 3085 [ψ.
670 2977 865 3050 necesitate
878 2975 1064 3051 consensus
1076 3002 1205 3076 paren.
1246 2972 1494 3070 dirigebatur3
1517 2973 1592 3070 ipse
1601 2975 1893 3054 Trnrummos
1917 2984 1958 3052 L.
1967 2975 2040 3052 siri

669 3097 749 3150 tum
773 3078 941 3173 opinioni
974 3076 1205 3168 conformes,
1245 3098 1341 3145 uxor.
1358 3097 1429 3168 cap.
1444 3078 1504 3147 uit.
1527 3075 1636 3147 huius
1656 3081 1824 3174 antiquae
1846 3099 2039 3177 prareostt·

393 3182 448 3257 ita
465 3195 678 3275 comparata
698 3177 805 3264 sunt,
829 3199 870 3249 ut
895 3179 1030 3251 multos
1055 3180 1206 3273 quidem
1246 3172 1305 3247 stis
1327 3173 1404 3263 est,
1433 3195 1634 3272 provocans
1658 3179 1704 3249 ad
1719 3180 1754 3251 le
1789 3202 1830 3252 es
1863 3184 1987 3254 civiles
2004 3181 2049 3251 tis·

395 3302 551 3356 canones
570 3287 603 3352 δι
621 3274 716 3351 diua
733 3296 879 3372 parrum
901 3278 941 3347 in
960 3278 1123 3351 medium
1145 3280 1205 3351 ad·
1249 3273 1396 3347 verbis:
1422 3298 1499 3346 nom
1516 3275 1621 3346 neria
1640 3281 1739 3348 terris
1748 3202 1819 3370 ilii
1834 3282 1904 3372 fine
1925 3276 2040 3375 erasmi

393 3380 517 3467 serat,
545 3401 626 3475 quae
651 3396 721 3449 non
739 3375 871 3450 abeunt
884 3376 928 3449 ab
941 3376 1050 3473 ipsius
1069 3376 1205 3449 senten·
1240 3372 1531 3468 patronum&
1554 3377 1799 3450 iurenobont:
1823 3384 2040 3477 querulorum

394 3482 475 3573 tia3
499 3477 556 3552 sed
571 3477 676 3550 simul
688 3477 798 3549 etiam
809 3477 924 3549 multa
944 3475 1007 3572 ipst
1026 3474 1105 3549 sunt
1122 3500 1204 3549 con·
1248 3471 1526 3549 Grnunnnvs
1551 3474 1660 3550 etiam
1672 3478 1827 3554 adducit
1851 3484 1901 3577 (§.
1919 3476 2042 3574 yainbi

270 3596 273 3601 '
392 3581 529 3667 traria,
556 3599 636 3673 quae
659 3597 747 3648 vero
768 3598 853 3649 cum
872 3574 943 3649 suis
960 3575 1065 3672 supra
1083 3576 1204 3671 postris
1247 3573 1456 3649 sententiam
1475 3575 1576 3650 suam
1597 3575 1817 3652 testimoniis
1842 3602 1990 3677 patrum
2005 3576 2043 3650 sr-

254 3696 257 3703 '
393 3687 432 3755 &
449 3702 494 3752 ex
508 3680 587 3750 iure
604 3676 754 3765 divino,
781 3676 938 3750 naturali
964 3684 998 3751 δι
1025 3677 1124 3750 civili
1145 3675 1204 3749 fir·
1247 3695 1333 3747 mat.
1384 3676 1673 3764 Quamobrem
1694 3680 1984 3755 matrimonium
1995 3679 2040 3752 iu

394 3779 503 3856 matis
518 3774 672 3849 thesibus
693 3777 885 3849 ¹conciliare
898 3775 1024 3850 studet.
1062 3777 1206 3874 Agnos·
1247 3773 1416 3855 consensu
1428 3798 1576 3872 paterno
1592 3776 2040 3875 initumnabebaturiuegf·

394 3879 445 3952 cit
462 3879 610 3974 quidem
633 3874 765 3971 ipsein
787 3880 856 3949 hoc
876 3874 989 3972 8178.
1013 3878 1206 3961 §.variare
1246 3873 1380 3947 timum
1401 3883 1435 3947 &
1455 3878 1623 3963 nullum,
1651 3884 1684 3949 &
1710 3897 1839 3974 patres
1870 3884 1918 3954 de
1945 3878 2042 3954 validi·

264 4064 274 4077 ἱ
393 3981 463 4054 hac
495 3980 534 4052 in
563 3997 602 4048 re
625 3974 964 4051 iurisconsultorum
990 3974 1204 4065 sententias,
1246 3991 1316 4046 tate
1339 3975 1563 4050 matrimonii
1594 3977 1696 4052 aliter
1719 3979 2042 4075 iudicare-nonpo

340 4098 342 4102 ·
393 4099 533 4175 eosque
550 4077 644 4149 inter
665 4075 772 4161 dari,
794 4074 858 4169 qui
884 4074 964 4145 heic
987 4069 1206 4170 distinguant
1246 4092 1392 4161 terant,
1427 4096 1539 4171 quam
1563 4074 1759 4150 secundum
1792 4082 1904 4181 leges
1916 4082 2042 4157 civiles}

308 4252 310 4257 ,
394 4197 555 4251 canones
570 4195 711 4247 veteres
726 4178 760 4244 &
773 4171 1018 4260 recentiores,
1047 4191 1205 4247 attamen
1243 4172 1326 4244 ideo
1352 4174 1462 4247 etiam
1487 4176 1587 4272 leges
1605 4176 1883 4271 Imperatorum
1905 4187 1943 4257 in
1959 4177 2044 4255 cause

324 4303 342 4359 j
392 4276 435 4352 in
452 4275 585 4348 horum
600 4271 809 4346 sententiam
829 4293 902 4343 non
924 4273 1087 4367 inquirit·
1117 4272 1203 4346 No·
1244 4273 1467 4365 matrimonii
1480 4275 1559 4348 latae
1573 4275 1616 4348 ab
1633 4274 2042 4378 ecclefiaagnitaeapro

393 4374 452 4448 bis
471 4376 553 4451 ideo
581 4395 653 4445 non
679 4372 825 4444 videtur
844 4368 1066 4466 superfluum
1088 4418 1100 4458 ,
1123 4373 1204 4445 h'eic
1244 4369 1333 4467 bata
1352 4371 1520 4464 fuerunt,
1547 4396 1614 4463 nee
1632 4375 1693 4448 iila
1711 4374 1776 4448 fibi
1801 4381 1873 4453 hac
1898 4385 1942 4455 de
1963 4379 2043 4453 rele-

394 4475 604 4548 examinare
632 4469 841 4544 sententiam
868 4472 918 4544 ita
949 4469 1200 4561 sentientium,
1244 4489 1310 4567 ges
1340 4471 1482 4547 serendi
1518 4476 1576 4548 ius
1605 4478 1805 4573 arrogavit.
1834 4483 1968 4555 Pera.
1994 4481 2043 4551 Fr.

392 4595 476 4669 quae
493 4596 564 4644 non
578 4591 719 4644 tannim
732 4570 846 4642 indoli
859 4571 948 4645 iuris
964 4572 1127 4643 canonici
1139 4594 1202 4643 no·
1217 4582 1226 4592 ”
1245 4568 1533 4649 Cunnvrruus
1558 4577 1592 4647 iu
1608 4590 1674 4647 nor.
1694 4579 1740 4645 ad
1754 4572 1879 4675 Sarpit'
1905 4583 2043 4675 historiae

389 4668 1202 4767 uiorismagisconveniresed&haudparum
1243 4672 1346 4743 concis.
1379 4676 1511 4747 trident.
1551 4688 1628 4747 tom.
1659 4676 1712 4749 Is.
1750 4701 1789 4771 p.
1828 4687 1910 4777 684.
1951 4710 1981 4756 tr.
2007 4688 2041 4768 ⁶3.

383 4773 440 4848 ¹ad
453 4768 725 4845 illustrationem
748 4766 944 4844 Grannum
966 4770 1083 4845 facere
1102 4774 1203 4844 vide·
1243 4773 1346 4844 Errat
1358 4774 1442 4845 hinc
1455 4776 1701 4849 Burmannus
1716 4773 1906 4873 staterem,
1935 4781 2041 4882 (§·69v)

390 4893 465 4947 tur.
492 4871 610 4959 Quare
621 4867 803 4941 historiam
819 4868 1087 4945 dosirinaeiuris
1098 4894 1202 4944 cano·
1245 4873 1283 4944 in
1314 4872 1405 4947 hisce
1431 4877 1629 4949 canonibus
1669 4874 1960 4971 (vetustioribus
1975 4884 2041 4958 scii·

388 4972 466 5045 nici
480 4972 518 5041 in
540 4973 608 5043 hac
628 4967 777 5042 materia
803 4971 1062 5045 matrimoniali
1085 4971 1205 5044 brevi·
1245 4972 1320 5067 cet)
1345 4975 1599 5067 nondefiniri‚
1629 4977 1729 5071 quod
1746 4983 1970 5082 coniugium
1982 4983 2040 5056 abs·

289 5121 293 5129 -
392 5088 449 5154 rer
475 5068 697 5156 meremus,
726 5070 990 5165 &vvariasZpro
1006 5066 1204 5145 diversitate
1247 5095 1318 5167 que
1346 5095 1537 5168 parentum
1572 5074 1740 5150 consensu
1768 5082 1996 5158 contrarium
2015 5078 2041 5151 it

275 5204 287 5215 ·-
391 5169 570 5269 temporis
600 5168 693 5245 iuris
711 5167 1045 5263 huiuslsansiiones
1072 5154 1205 5273 priapo·
1245 5172 1403 5253 irritum.
1445 5166 1891 5280 'Quantssemmnegari
1904 5176 2039 5358 nonpfios·

298 5307 309 5319 ι
2012 5304 2038 5367 1,
