4884 5984
416 514 492 588 170
633 487 782 582 iocus
807 483 936 558 xxvi.
964 479 1062 557 car.
1086 480 1131 554 Χ
1155 476 1283 554 sacr.
1310 473 1370 551 111.
1397 473 1508 549 aar.
1535 467 1579 544 11.
1605 465 1767 543 munio.
1792 467 1838 560 n

414 691 470 743 tra
489 664 676 762 pharisaeos
704 664 883 758 urgebat:
917 666 986 760 Qui
1005 662 1160 734 bominem
1178 663 1218 730 ob
1246 677 1369 745 nunt,
1396 677 1476 750 quae
1498 672 1640 747 turpem
1656 649 1755 721 illam
1769 663 1906 716 uxores
1924 659 2054 713 temere
2076 663 2079 670 ·

415 767 509 839 initio
522 768 667 848 neooit,
692 765 865 856 omnnium
886 763 933 838 if
944 765 1126 858 firminum
1136 760 1220 853 serit
1254 753 1466 851 repudiandi
1490 752 1671 822 licentiam
1703 744 1783 818 satis
1804 741 1984 852 superque
2006 759 2054 810 re·

417 890 470 938 eos
491 920 501 952 ,
525 861 572 938 u*
586 865 697 941 dixit,
716 874 853 956 propter
880 863 934 932 iot
964 862 1101 931 dintiltet
1126 857 1219 926 homo
1256 855 1424 948 darguit,
1450 850 1539 944 quin
1560 850 1633 918 imo
1652 842 1882 926 Malachias,
1909 839 2053 908 ultimus

413 977 546 1059 patrem
567 960 614 1036 δ’
631 973 765 1030 ntatrent
780 1011 793 1038 ,
819 958 866 1033 &f
885 955 1147 1053 adiecerebitſsoe
1162 959 1219 1025 od·
1254 971 1326 1023 vet.
1356 948 1429 1023 test.
1457 948 1654 1041 propbeta,
1680 935 1864 1012 manifeste
1893 932 2051 1017 testatur,

415 1059 750 1160 prenominatos·
765 1057 878 1151 suec,
904 1063 951 1137 ἔθ’
976 1067 1072 1126 ernon
1103 1058 1164 1124 duo
1186 1056 1221 1122 in
1254 1049 1375 1120 Deum
1401 1044 1601 1118 temerariis
1633 1040 1702 1111 illis
1726 1037 1941 1127 Judaeorum
1959 1052 2052 1124 repu-

419 1183 516 1232 cmte
535 1181 614 1228 ueto.
663 1157 781 1250 Itaque
794 1158 865 1253 jam
881 1155 1035 1252 notesceret
1056 1159 1117 1222 dno
1133 1200 1146 1229 ,
1161 1151 1224 1244 sed
1258 1147 1326 1217 diis
1344 1141 1519 1215 offensum
1537 1135 1659 1223 fuisse,
1687 1135 1830 1229 quando
1851 1130 1989 1246 ‚fflpssu'
2005 1149 2052 1240 ¹3?

419 1281 488 1328 uno
503 1280 588 1328 raro.
641 1255 739 1348 Quod
756 1255 941 1346 argolicus
956 1254 1142 1352 conjunxit,
1171 1251 1222 1320 io·
1260 1244 1369 1314 dicitz
1400 1243 1514 1312 Elium
1529 1239 1584 1308 boc
1600 1237 1743 1331 fucitis,
1767 1227 2054 1324 opertebatrslem·
2103 1264 2106 1336 ζ

421 1380 475 1426 nto
493 1378 558 1424 non
569 1352 712 1446 separet.
761 1348 901 1442 Magna
923 1354 958 1422 in
977 1351 1122 1444 singulis
1145 1369 1225 1418 ver·
1259 1345 1319 1411 ntis
1345 1340 1450 1409 ellare
1475 1337 1610 1405 Domini
1627 1335 1713 1429 fletu
1731 1330 1779 1404 ff
1795 1329 1993 1425 gfmfifbmt
2013 1326 2068 1394 fis

423 1452 480 1523 bis
512 1449 559 1520 est
586 1446 770 1542 empltafis.
821 1449 919 1520 Deus
950 1448 992 1520 ab
1024 1447 1125 1518 initio
1152 1467 1224 1515 non
1262 1449 1298 1508 ol
1316 1462 1382 1508 non
1406 1434 1570 1529 respiciam
1590 1433 1680 1500 oltra
1705 1423 1987 1522 adscecrt'ficiam‚
2009 1445 2054 1492 m
2100 1441 2106 1467 ⁴

425 1549 560 1620 creavit
574 1569 691 1618 unum
712 1544 907 1616 masculum
923 1556 955 1618 &
968 1548 1089 1640 plures
1109 1542 1226 1614 foemi-
1261 1521 1944 1628 accipiamplacobt'lepuiddamanooerra.
1959 1543 2054 1613 u.14

426 1668 508 1730 nas,
520 1643 575 1715 sed
587 1665 848 1715 maremunutn
860 1643 1086 1714 &l'eeminam
1099 1661 1225 1723 unam,
1264 1639 1313 1706 Et
1333 1631 1483 1726 dixistis:
1510 1631 1620 1724 Qretnn
1640 1628 1677 1696 ob
1700 1619 1864 1718 calestem?
1888 1623 1979 1717 Quia
1991 1621 2056 1693 De·
2104 1723 2105 1730 ἵ

427 1751 462 1816 dc
484 1744 574 1813 duos
595 1741 677 1812 illos
703 1741 871 1831 conjugio
889 1741 1080 1834 copulavit.
1128 1739 1225 1832 Ergo
1264 1735 1370 1803 minus
1390 1727 1575 1823 testificatus
1595 1721 1844 1818 plinton&
1860 1741 2057 1812 uxorempe·
2100 1741 2106 1824 f

428 1839 641 1933 conjugium
658 1835 761 1908 debet
777 1829 841 1906 elle
858 1839 967 1909 unius
989 1837 1059 1907 viri
1073 1836 1233 1907 &umus¹
1264 1831 1396 1900 bertotis
1412 1839 1509 1911 tuoe,
1533 1849 1631 1922 quam
1652 1837 1688 1891 tu
1710 1817 1874 1915 despexisti
1894 1873 1906 1904 ‚
1930 1816 1977 1894 ed
1992 1817 2060 1888 lan
2104 1847 2105 1854 ¹

427 1936 613 2021 foeminae,
638 1953 852 2005 nouantem
867 1935 977 2005 unius
994 1934 1063 2004 ciri
1085 1941 1119 2005 δι
1139 1931 1231 2002 mul·
1256 1927 1346 2024 finio
1363 1939 1422 1997 tea
1437 1924 1483 1998 ef
1497 1947 1581 1994 uxor
1591 1923 1725 2017 sederis
1742 1921 1802 1988 tei.
1827 1941 1865 1988 v·
1886 1938 1944 2009 ις.
1970 1917 2059 1992 Cene-

428 2055 549 2106 tarum
565 2030 1033 2102 foeminarumconsortium.
1051 2028 1232 2121 Deuspri-
1266 2040 1297 2097 te
1313 2048 1392 2120 ergo
1407 2049 1427 2093 a
1435 2023 1561 2116 spiritu
1576 2019 1674 2115 otfiro
1690 2017 1736 2093 &⁹
1748 2039 1883 2088 exorem
1901 2013 2060 2110 adolescen-

431 2152 531 2202 mam
551 2127 739 2199 foeminam
756 2151 800 2198 ex
817 2128 896 2196 viro
919 2129 1078 2211 creavit,
1103 2146 1145 2196 ut
1160 2127 1232 2196 duo
1264 2126 1331 2195 tiee
1346 2122 1495 2192 teaeetoli
1508 2120 1669 2212 despicere.
1695 2141 1731 2186 v.
1750 2121 1804 2189 16.
1833 2119 1921 2191 Cum
1936 2111 2063 2184 odiosiu-

429 2226 543 2322 primi
552 2229 724 2319 conjuges
734 2248 778 2294 ex
787 2246 859 2296 uno
871 2227 1016 2294 homine
1026 2225 1063 2294 in
1076 2224 1237 2294 duorum·
1266 2221 1390 2295 bearis,
1418 2219 1653 2296 diadumeno
1668 2217 1832 2287 Dominus
1849 2209 1948 2286 Deus
1961 2207 2064 2306 Isiaci,

315 2367 323 2376 ·
432 2321 585 2395 sexuum
611 2320 813 2392 discrimine
843 2318 1068 2391 suhfisterent.
1137 2319 1234 2410 Ergo
1270 2318 1464 2412 &operiat
1487 2318 1627 2386 maritus
1650 2311 1956 2406 violentiontsuprn
1984 2308 2065 2406 otili·

435 2423 608 2512 conjuges
629 2439 700 2486 non
716 2415 843 2488 debent
858 2437 991 2488 temere
1010 2417 1143 2488 divelli.
1167 2415 1238 2486 Vir
1270 2428 1408 2487 mentum
1434 2416 1536 2513 ejus,
1566 2413 1645 2483 dicit
1665 2412 1830 2480 Dominus
1854 2410 2064 2486 exercilm,

434 2512 648 2598 uxorisne,
663 2531 734 2582 non
747 2533 868 2583 autem
882 2513 1045 2605 pluribus
1059 2511 1235 2583 uxoribus
1270 2525 1376 2586 cauete
1405 2539 1426 2582 a
1443 2512 1569 2605 spirito
1596 2507 1695 2604 cellro
1720 2507 1768 2582 u'
1791 2509 1890 2578 nolite
1911 2505 2065 2601 despicere.

433 2610 807 2705 adglutinaridicitur.
832 2611 928 2702 Ergo
945 2633 1017 2680 non
1035 2609 1239 2701 debentper
1271 2609 1473 2683 Morientur
1492 2609 1633 2692 mariti,
1660 2626 1699 2678 ut
1718 2608 1860 2699 potius,
1888 2627 2001 2699 quam
2022 2607 2065 2690 iu·

435 2701 813 2780 divortiumdilsecari.
864 2709 978 2775 Erunt
990 2711 1052 2775 dno
1063 2710 1097 2776 in
1109 2729 1237 2775 carnem
1272 2707 1338 2780 ilas
1357 2707 1434 2778 suas
1457 2729 1589 2779 uxores
1611 2701 1871 2800 superindudlis
1894 2703 1975 2776 aliis
1999 2723 2068 2774 cru.

433 2829 555 2882 unam,
583 2801 680 2896 quast
697 2825 793 2874 unus
818 2805 925 2873 homo
942 2811 975 2875 δι
990 2802 1138 2898 persona
1149 2824 1234 2874 una.
1273 2807 1399 2878 deliter
1415 2803 1613 2898 adfligant,
1635 2803 1718 2872 dent
1734 2801 1804 2874 illis
1832 2800 2000 2873 libellum
2021 2821 2066 2870 re·

434 2902 533 2996 Ergo
548 2901 668 2971 unitas
680 2899 742 2971 illa
755 2922 827 2970 non
846 2899 950 2972 debet
962 2924 1027 2995 per
1042 2902 1238 2993 divortium
1273 2903 1396 2998 pudii,
1413 2925 1457 2972 ex
1474 2923 1546 2994 quo
1561 2904 1733 2993 adparet,
1756 2922 1827 2969 non
1846 2897 1911 2970 nist
1930 2897 2066 2984 majoris

438 2998 573 3068 divelli·
599 3001 693 3069 Deus
714 3000 908 3096 conjunxit,
933 2991 1151 3098 συνέζενξεν,
1175 2995 1236 3067 sub
1273 3001 1360 3070 mali
1380 3000 1536 3069 evitandi
1557 2995 1658 3068 causa
1672 2998 1709 3066 id
1732 2991 1943 3090 permissum
1965 2989 2066 3068 inille.

397 3129 401 3136 ·
436 3115 555 3165 unum
566 3096 696 3188 jugum
711 3095 891 3188 copulavit
911 3099 1095 3192 conjuges.
1141 3096 1237 3189 Ergo
1272 3097 1447 3167 Permittit
1476 3096 1625 3188 quidem
1652 3097 1826 3187 propheta
1851 3092 2065 3188 repudium,

437 3193 549 3262 bomo
583 3211 644 3261 eos
673 3214 744 3260 non
775 3190 878 3261 debet
911 3189 1081 3285 separare.
1153 3189 1240 3262 Haec
1274 3191 1332 3266 sed
1349 3213 1420 3264 non
1435 3214 1476 3264 ut
1491 3214 1570 3263 rem
1585 3214 1649 3287 per
1670 3189 1702 3263 se
1717 3189 1851 3263 bonam
1863 3191 2065 3286 &Deogra

440 3287 562 3357 omnia
579 3286 760 3358 manifeste
776 3288 981 3372 ostendunt,
1008 3292 1160 3360 divortia
1175 3311 1240 3382 pu·
1275 3299 1368 3376 tam,
1394 3292 1477 3383 quia
1499 3290 1623 3360 diserte
1641 3289 1745 3376 dicit,
1772 3289 1895 3364 Deum
1917 3307 2066 3381 propter·

438 3407 552 3479 gnare
575 3408 658 3454 cum
682 3387 799 3476 prima
822 3389 981 3480 conjugii
1001 3387 1239 3472 institutione,
1276 3412 1316 3459 ea
1337 3390 1430 3459 nolle
1453 3391 1496 3458 ad
1516 3386 1672 3481 ipsorum
1691 3384 1861 3457 sacrificia
1883 3384 2066 3480 respicere,

441 3504 552 3573 quam
563 3480 684 3551 lllloses
701 3481 874 3572 abrogare
890 3507 955 3552 nec
969 3487 1083 3555 voluit
1100 3509 1164 3554 nec
1178 3507 1240 3575 po·
1277 3489 1374 3578 quod
1393 3485 1582 3577 despiciant
1599 3493 1631 3555 &
1657 3485 1845 3577 repudient
1861 3505 1995 3555 uxores
2012 3503 2066 3574 pu
2102 3563 2103 3572 ἵ

440 3579 529 3658 tuit,
557 3576 614 3646 sed
629 3600 669 3647 ea
685 3598 856 3671 perpetuo
874 3602 914 3649 ac
929 3580 1065 3675 semper
1087 3582 1240 3675 legitimi
1276 3584 1420 3655 bertatis
1441 3581 1507 3652 suae
1539 3591 1572 3652 δι
1596 3604 1750 3652 uxorem
1780 3579 1956 3668 foederis,
1987 3580 2067 3649 inter
2102 3581 2104 3608 '

443 3674 604 3765 conjugii
631 3675 738 3744 etiam
765 3678 801 3744 in
826 3697 896 3746 ver.
924 3677 993 3747 test.
1018 3679 1240 3774 regulal'nit.
1279 3703 1389 3774 quam
1411 3679 1552 3772 &ipsos
1569 3680 1667 3749 Deus
1690 3678 1726 3746 srt
1747 3675 1963 3750 testificatus.
2015 3676 2065 3743 Er·

441 3766 545 3836 Hanc
566 3769 694 3840 divinae
709 3771 934 3844 institutionis
949 3798 1115 3846 normam
1128 3795 1167 3846 ut
1182 3798 1241 3846 an·
1279 3800 1325 3872 go
1347 3801 1416 3848 uon
1441 3777 1502 3847 oili
1523 3779 1565 3846 ad
1583 3777 1791 3846 evitandum
1805 3780 1925 3860 majus
1945 3774 2068 3845 malum

440 3864 671 3957 tiquilsrmam
686 3871 733 3940 ira
752 3869 993 3943 saniiilsrmam
1002 3872 1099 3966 sequi
1115 3873 1244 3943 debue·
1278 3877 1450 3967 permittit
1470 3923 1481 3958 ,
1509 3897 1554 3944 ne
1578 3874 1705 3945 scilicet
1728 3871 2023 3944 irreconciliabile
2040 3888 2067 3937 o

440 3980 548 4047 nent,
565 3984 605 4033 ac
621 3963 728 4036 secuti
743 3968 849 4037 etiam
860 3965 936 4038 sunt
950 4018 960 4055 ,
975 3991 1245 4064 quotquotcon·
1280 3976 1380 4044 dium
1404 3972 1615 4044 nutritorum
1631 3972 1815 4040 incudem
1833 3992 1992 4041 uxorum
2008 3986 2069 4037 tan·

442 4058 677 4130 seientiaesuae
696 4064 871 4136 rationem
892 4066 1117 4154 habuerunt,
1145 4091 1186 4138 ea
1210 4090 1244 4137 e·
1281 4073 1363 4139 dem
1387 4069 1566 4140 debueret.
1618 4072 1662 4163 3)
1688 4069 1795 4163 ipsius
1821 4068 1977 4160 moſseicoe
2003 4066 2070 4160 legit

442 4159 520 4266 nim
543 4156 723 4227 clarissime
741 4158 908 4244 ostendit,
924 4167 1112 4235 temeraria
1127 4167 1244 4234 dicor·
1280 4169 1565 4263 confideretionem.
1596 4167 1699 4251 Quod
1716 4167 1738 4235 li
1757 4167 1854 4234 enim
1868 4168 1990 4260 legem
2008 4184 2071 4233 mo·

442 4271 492 4320 na
507 4273 591 4320 curn
612 4272 738 4326 nattrra
758 4261 917 4350 conjugii
932 4284 1094 4355 pugnate
1110 4311 1121 4348 ,
1139 4270 1171 4332 &
1187 4263 1244 4348 id,
1281 4263 1406 4334 saicnm
1430 4313 1441 4349 ,
1469 4286 1540 4355 qua
1566 4264 1681 4352 Judaei
1713 4264 1818 4333 unice
1850 4263 2072 4344 nitebantur,

446 4349 544 4458 quod
569 4349 740 4423 divinitus
760 4355 990 4438 conjunctum
1007 4357 1085 4444 cst,
1112 4358 1246 4428 nefarie
1283 4359 1441 4432 exaiiius
1465 4364 1697 4447 intueamur,
1722 4360 1930 4451 adparebit,
1956 4357 2074 4431 blesen

445 4439 639 4556 drlblvere.
674 4449 711 4540 2)
739 4453 963 4537 Propheticom
977 4459 1247 4553 redargationem.
1282 4481 1511 4550 nequaquam
1527 4460 1718 4553 praecipere
1733 4458 1792 4526 vcl
1810 4457 2010 4551 adprobare
2032 4455 2074 4526 di·

443 4543 572 4611 ΝΜ
587 4541 684 4637 effes,
713 4549 830 4641 inquit
851 4549 1089 4643 bellarminus
1112 4603 1123 4641 ,
1148 4578 1247 4649 neque
1282 4558 1398 4626 nortia
1415 4558 1473 4626 illu
1489 4558 1700 4642 temeraria,
1719 4553 1775 4627 sed
1792 4554 1893 4625 frena
1911 4557 2029 4650 potius
2042 4575 2075 4624 ac

442 4639 555 4754 Illosen
567 4665 664 4735 neque
677 4647 874 4738 propinas,
900 4652 955 4743 qui
969 4652 1034 4720 olio
1050 4655 1247 4746 uitiopopo·
1283 4676 1442 4724 remotas
1459 4654 1591 4743 Judaeis
1607 4652 1752 4738 injicere
1770 4703 1782 4739 ,
1810 4677 1855 4724 ne
1878 4656 1983 4738 juxta
2003 4653 2076 4724 alia·

441 4737 464 4807 lt
484 4740 783 4829 reprehendebant,
813 4771 980 4840 nunqnam
1006 4751 1117 4839 pcelotn
1140 4775 1248 4841 repre·
1282 4773 1364 4819 rum
1389 4754 1552 4843 gentium
1574 4752 1782 4843 exemplum
1808 4771 1884 4821 tant
1917 4752 2019 4823 facile
2040 4749 2077 4819 ati

443 4831 576 4927 hendisse
588 4836 646 4931 isto
665 4842 849 4930 adulterio,
874 4869 954 4939 quoe
965 4845 1087 4936 fiebant
1104 4872 1175 4916 otte»
1197 4872 1246 4917 re·
1282 4848 1434 4918 divortia
1457 4868 1699 4944 properarent.
1752 4849 1869 4918 Primo
1888 4852 1988 4920 enim
2015 4869 2077 4918 nen

439 4934 594 5045 prodiretis.
645 4937 693 5007 At
711 4942 882 5032 primaeva
896 4944 956 5013 illa
970 4947 1128 5040 coniugii
1152 4943 1244 5016 insti·
1279 4947 1415 5036 qrrttlibet
1431 4972 1470 5018 ac
1484 4947 1600 5040 cereso,
1628 4966 1668 5016 ut
1681 4945 1841 5039 pharisaei
1858 4947 1895 5016 in
1915 4946 1974 5020 sun
1992 4967 2076 5040 que·

445 5048 533 5105 tuno
561 5054 733 5130 perpetuo
764 5041 802 5110 in
822 5041 961 5118 ecclelia
983 5041 1170 5120 israelitica
1193 5042 1245 5116 so·
1278 5041 1388 5119 Ilione
1407 5049 1554 5137 dicunt,
1583 5046 1781 5118 divortium
1798 5042 2078 5215 licripcrmittsitd,

1484 5185 1486 5192 ·
2044 5167 2058 5212 e
