4884 5984
416 505 496 602 170·
598 465 677 512 ””
755 502 1066 578 rocusxxvt
1119 498 1218 573 car.
1250 497 1546 606 usnemun
1601 497 1707 578 ant.
1730 502 1758 570 r.
1951 446 1961 454 ’

415 701 571 779 ritualtm
593 695 759 804 legitime
771 696 837 773 fuit
860 681 1069 772 contractum
1085 743 1097 777 ,
1128 705 1163 773 δι
1182 720 1247 788 per
1270 695 1331 772 illu
1347 697 1440 792 (quae
1455 698 1497 770 dt
1514 695 1677 767 damnatis
1694 671 1802 769 viduis
1821 691 1990 795 recenset)
2007 681 2104 804 opor·

324 795 333 810 '
416 800 620 894 consequens
639 802 740 874 etiam
762 803 871 891 prima
884 822 968 872 uxor
981 794 1069 879 fuit,
1096 799 1151 869 cui
1168 816 1246 872 ante
1271 796 1363 872 debut
1383 795 1515 897 quidem
1531 817 1669 882 cutura,
1694 815 1767 891 qnae
1789 793 1861 872 Da·
1871 796 1974 894 sunt,
2006 827 2104 906 opum

415 900 519 977 fidem
533 898 672 976 maritus
683 898 906 992 jungebatur,
942 898 998 971 cui
1017 894 1039 968 fi
1059 921 1124 986 qua
1143 894 1246 969 alters
1271 897 1366 972 tebnt
1385 895 1493 1000 fidem
1512 893 1668 996 seruare,
1693 896 1826 991 quanm
1849 922 1927 973 uero
1948 899 2011 978 itta
2035 907 2100 982 na'n

413 1026 480 1094 per
495 1026 623 1075 novum
643 1003 801 1073 succedit,
812 998 1082 1082 matrimonium,
1106 990 1248 1069 netella-
1263 999 1376 1100 fiunt,
1401 996 1577 1112 meliusejl
1602 995 1671 1069 nac
1683 996 1784 1096 fiiri,
1805 1001 1927 1097 witige
1947 1003 2100 1083 viduli&

416 1104 530 1186 tioest
543 1098 695 1174 secunda.
748 1100 890 1172 Proinde
915 1095 959 1171 fic
978 1092 1183 1178 inferimus:
1214 1096 1247 1168 Si
1272 1098 1335 1173 tua
1353 1096 1444 1173 nillil
1467 1110 1564 1195 pant
1583 1093 1680 1178 botri,
1704 1119 1748 1170 ex
1767 1096 1856 1190 hisce
1874 1125 1949 1174 uero
1971 1108 2100 1206 nrtpriis

416 1205 520 1277 viduo
534 1200 738 1291 christiano,
762 1205 855 1286 qu'us
872 1222 955 1269 uror
968 1216 1044 1268 ante
1060 1192 1246 1267 convertio-
1273 1196 1486 1292 musiniano
1509 1199 1675 1272 oriuntur.
1729 1201 1772 1285 c.)
1786 1184 2016 1298 praeceptioni
2021 1206 2100 1305 sud·
2127 1243 2129 1254 ·

314 1305 325 1336 ⁸
415 1327 495 1376 nem
516 1304 558 1375 ad
574 1298 675 1374 fidem
690 1301 737 1376 est
753 1318 909 1377 mortua,
941 1294 1022 1367 licet
1045 1289 1189 1384 transire*
1206 1295 1247 1366 ad
1267 1298 1357 1396 jeliu
1378 1298 1487 1374 ratio:
1514 1301 1590 1372 ideo
1612 1300 1759 1384 juniores
1776 1301 1892 1373 viduas
1912 1304 1984 1378 vult
1999 1305 2101 1383 nuise-

417 1398 666 1480 secuudrvutt,
692 1400 808 1488 utique
824 1398 925 1468 etism
939 1393 1117 1468 christiano
1133 1395 1247 1480 viduo,
1272 1426 1335 1481 re,
1358 1424 1399 1473 nr
1421 1395 1643 1475 maledicendi
1665 1397 1790 1493 uccnfio
1813 1398 1874 1496 τῷ
1883 1400 2099 1501 durannus„
2127 1421 2129 1434 “

415 1509 511 1592 eujus
533 1524 617 1572 uxor
634 1500 709 1587 post
732 1492 914 1585 susceptam
945 1489 1071 1567 Christi
1098 1487 1200 1565 fidem
1228 1498 1482 1578 reanimatur.
1536 1501 1600 1569 Per
1616 1494 1842 1585 dornatiacum
1862 1501 2008 1598 intelligi
2028 1486 2099 1599 pal.

388 1593 394 1600 ’
419 1602 507 1676 visis
527 1594 687 1685 deceffit,
717 1598 859 1688 potestas
881 1588 1015 1667 secundi
1044 1590 1249 1664 matrimonii
1274 1597 1347 1672 sunt
1364 1622 1438 1674 tum
1453 1592 1632 1672 aduersarii
1662 1604 1698 1667 δι
1730 1595 1837 1668 hostes
1864 1600 2009 1677 eccles:
2028 1653 2040 1687 ,
2062 1625 2123 1682 trt¹

418 1701 595 1791 competit.
643 1701 706 1772 Sed
719 1698 815 1788 prius
830 1694 985 1766 concedit
1006 1687 1248 1765 Tertullianus.
1273 1725 1433 1775 numerus
1475 1695 1647 1793 ingesseris
1675 1717 1821 1782 ponatur
1850 1722 1913 1786 pro
1935 1700 2074 1799 plurali
2087 1751 2100 1793 .

419 1804 510 1893 Ergo
532 1798 698 1889 posterius,
716 1816 944 1889 negate-non
965 1791 1083 1883 potest.
1147 1792 1248 1866 Ratio
1274 1803 1355 1872 Luc.
1372 1798 1469 1871 Xll.
1498 1821 1551 1892 ¹7·
1591 1790 1765 1886 xxiia
1803 1799 1911 1873 tCor.
1937 1801 2039 1879 XVI.
2067 1832 2100 1894 9.

418 1896 640 1973 connexionis
658 1916 752 1987 patet
770 1917 811 1967 er
831 1894 957 1971 diuis,
991 1898 1027 1965 δι
1053 1891 1250 1981 cumprimis
1274 1897 1360 1971 Phil.
1374 1899 1399 1971 l.
1418 1915 1476 1987 28.
1493 1919 1560 1984 mro
1582 1887 1673 1963 sensu
1692 1896 1792 1965 etiam
1808 1897 1856 1971 tii
1872 1892 2024 1979 lraco'na
2045 1917 2101 1980 roi

418 2023 460 2072 aa
477 1997 614 2091 vulgata
642 1994 791 2088 regula,
824 1994 916 2083 quot
941 1984 1155 2083 euangelium
1183 2012 1249 2063 non
1274 1996 1432 2071 rabulum
1448 1993 1677 2084 aquibusdam
1694 1996 2100 2081 canonistarum-liin.

222 2152 224 2160 .
326 2181 339 2188 η
421 2093 559 2172 aboleat
574 2092 738 2195 politius,
774 2116 837 2166 trec
865 2115 929 2180 ea,
960 2114 1034 2180 quc
1061 2091 1103 2159 ad
1128 2091 1249 2163 ilatum
1275 2119 1347 2170 tum
1367 2092 1601 2189 ipsediabolus
1619 2116 1680 2181 pet
1699 2091 1974 2186 illos,tanquam
2003 2128 2117 2198 urge·-

418 2197 595 2292 politicum
619 2197 813 2287 pertinent,
847 2188 955 2264 multo
986 2189 1098 2263 minus
1124 2185 1250 2268 sanctas
1274 2223 1338 2282 na,
1364 2220 1484 2290 agens,
1504 2193 1562 2282 qui
1580 2181 1746 2280 airaldum
1767 2195 2099 2293 nollerudpellatur,

420 2299 459 2375 ἃ
474 2293 634 2371 honestas.
644 2296 713 2369 Dei
728 2293 964 2366 ordinationes.
1250 2367 1253 2372 ,
1278 2300 1394 2369 rPttr.
1417 2295 1465 2368 V.
1493 2308 1525 2379 3.
1578 2296 1675 2363 Tunc
1708 2314 1788 2364 vero
1821 2300 1975 2383 juniores·
1995 2295 2119 2390 vidui..

664 2455 676 2473 ,
751 2401 779 2485 ς.
805 2396 1007 2468 CLXXXll.
1063 2390 1249 2477 3.)1Tim.
1272 2389 1460 2467 adversario
1481 2390 1698 2464 maledicendi
1717 2390 2103 2491 occafionenexhtbent

424 2489 571 2563 many.
584 2509 632 2568 14.
681 2496 723 2563 v.
745 2517 799 2585 ¹l'·
854 2486 945 2565 Volo
973 2488 1083 2584 igitur
1098 2488 1251 2582 juniores
1275 2492 1460 2586 iivslligiis
1476 2503 1609 2569 earum,
1635 2492 1676 2560 de
1694 2489 1813 2577 quibus
1830 2495 1864 2565 in
1883 2504 2101 2588 praecedenti·

449 2573 483 2639 V
477 2574 635 2667 wilm·
684 2587 808 2664 viduus
825 2585 962 2670 nubere.
983 2586 1251 2685 liberosname,
1275 2594 1337 2665 bus
1351 2589 1516 2682 aposlolus
1538 2592 1685 2675 dixerat,
1711 2587 1889 2683 instituam·
1909 2621 1949 2669 ac
1970 2601 2100 2676 visibus

442 2651 637 2800 :llbeseldm
687 2688 823 2765 dmum
845 2686 1100 2789 administrare,
1124 2685 1251 2764 nullutn
1274 2696 1424 2765 noudum
1444 2690 1625 2780 exploratis
1641 2712 1812 2779 perpetuae
1831 2696 2000 2780 viduitatis
2022 2724 2104 2794 pro·¹

383 2847 388 2858 ,
553 2777 563 2800 ’
688 2790 888 2892 orcastonern
899 2785 1121 2861 maledicendi
1133 2787 1253 2862 aaoer·
1274 2789 1419 2881 posttum
1434 2814 1563 2863 temere
1583 2782 1775 2868 scitantur,
1804 2795 2018 2881 postmodum
2044 2819 2103 2874 tu·

413 2892 516 2997 sario
533 2894 625 2972 dare.
679 2899 718 2966 lo
735 2890 799 2963 hoc
817 2884 1084 2978 locoapollolico
1100 2888 1163 2959 tria
1177 2882 1253 2959 sunt
1276 2913 1345 2966 tetn
1378 2882 1645 2978 eoncupiscentia
1676 2892 1783 2959 carnis
1813 2895 1953 2968 devidtae
1975 2896 2103 2974 ercud'a

422 2998 585 3072 notantia:
617 2987 673 3092 a.)
694 2993 842 3080 ejusdem
858 3013 907 3060 er·
922 2986 1187 3078 precedentibus
1208 2984 1250 3059 il·
1275 2994 1400 3083 pietate
1428 3016 1466 3062 ac
1484 2986 1549 3061 fide
1569 2981 1759 3076 petulanter
1786 2986 1971 3072 lasciviunt.
2020 3000 2129 3074 rtis:

410 3095 513 3171 ‘patio
538 3079 600 3185 9¹2„
616 3087 814 3184 particulam
831 3081 879 3165 ἔγ.
931 3086 1125 3254 (ἲυίιςῃὶιη
1139 3088 1253 3176 gravi·
1275 3114 1432 3177 ronymus
1453 3091 1489 3159 in
1509 3088 1603 3176 epist.
1632 3087 1675 3157 sd
1700 3084 1865 3161 Salvinrm
1888 3118 1922 3183 p.
1947 3120 2002 3184 33.
2024 3105 2124 3173 cous

424 3218 478 3268 ter
498 3194 693 3283 conquestus
714 3186 823 3261 fuerat
839 3188 952 3278 apollo
968 3210 1002 3257 ut
1019 3187 1060 3256 de
1080 3186 1187 3256 viduis
1199 3191 1252 3273 ju·
1276 3212 1326 3260 tra
1351 3190 1486 3261 iteratas
1512 3190 1688 3257 viduatum
1712 3192 1844 3276 nuptias
1864 3216 1965 3285 urget
1985 3223 2017 3271 v.
2048 3217 2101 3288 15.

424 3291 594 3379 rioribus,
623 3315 693 3381 qua
720 3285 863 3359 ecclesrae
885 3280 1098 3369 eleemosynis
1116 3282 1252 3356 aleban-
1275 3280 1371 3389 June
1388 3287 1474 3359 enirn
1490 3282 1643 3381 quadum
1670 3309 1715 3357 ex
1736 3286 1816 3382 ipsts
1837 3291 2002 3389 conuersae
2017 3293 2103 3393 sarni

423 3412 501 3475 ene,
524 3401 558 3466 &
575 3413 712 3480 operam
734 3382 822 3459 suant
847 3384 888 3455 ud
904 3408 1019 3457 curam
1042 3407 1252 3472 pauperum,
1275 3400 1364 3465 retro
1376 3389 1451 3488 post
1461 3383 1634 3483 sutanum.
1689 3380 1770 3457 Non
1784 3391 1831 3489 est
1844 3415 1896 3466 res
1909 3390 2016 3477 buna.
2030 3396 2111 3496 (in.'

423 3491 712 3584 peregrinorum,
747 3484 961 3559 edflidtorum
981 3492 1017 3557 δι
1044 3504 1249 3572 egrotorum
1274 3491 1361 3578 quit)
1380 3510 1444 3585 per
1464 3506 1565 3582 quoni
1591 3486 1644 3556 ita
1672 3487 1853 3581 jungimur
1880 3494 1982 3581 viro,
2016 3503 2102 3572 ritu

423 3588 578 3666 conferre
603 3586 798 3667 debebant,
832 3584 922 3669 quod
946 3583 1111 3671 coeperint
1132 3602 1250 3654 contra
1265 3587 1396 3686 satana
1424 3583 1669 3688 abstrahamur.
1719 3581 1777 3659 Ar
1799 3584 1954 3684 semndae
1975 3597 2103 3694 nuptia

425 3689 599 3766 Cltrillum
622 3681 772 3760 lascivire
786 3689 820 3757 dt
843 3680 1019 3766 luxuriari,
1042 3682 1078 3751 id
1100 3681 1173 3765 rst,
1195 3705 1251 3751 ex·
1266 3684 1352 3786 snnl
1371 3683 1473 3775 iolas,
1500 3684 1573 3758 ideo
1600 3685 1689 3759 enim
1703 3689 1948 3783 permittuntur
1967 3695 2103 3794 quibus·

306 3780 307 3785 ’
423 3785 513 3862 curso
535 3789 600 3860 Dei
620 3788 761 3868 timore,
786 3783 912 3869 Pietate
936 3790 972 3854 tt
997 3778 1063 3851 fide
1084 3777 1123 3849 in
1148 3778 1250 3851 Chri·
1273 3789 1355 3881 darn
1378 3785 1422 3859 oli
1443 3782 1619 3885 apostolo,
1645 3809 1685 3857 ne
1708 3783 1844 3883 sutanae
1863 3788 1936 3891 sese
1964 3800 2103 3894 conjun-

422 3889 529 3971 llum,
558 3876 832 3973 concupiscentiis
848 3882 953 3952 carnis
967 3877 1156 3970 indulgete;
1172 3880 1250 3950 ideo
1273 3898 1370 3985 gant.
1423 3880 1525 3975 Resp.
1546 3909 1706 3977 negamus
1723 3892 1884 3987 majorem
1899 3897 2101 3987 propofitin.

350 4053 353 4062 ,
422 3981 704 4073 insert,iuniores
720 3984 835 4055 viduas
849 4002 917 4050 non
933 3973 996 4051 elle
1016 3980 1051 4048 in
1068 3976 1249 4069 collegium
1275 4014 1376 4071 nem,
1403 4010 1484 4061 vere
1503 3985 1592 4057 enim
1613 4010 1665 4056 res
1687 3983 1775 4060 bona
1798 3999 1833 4065 δι
1857 3990 2004 4069 salutatis
2026 4001 2103 4082 est,

421 4080 507 4157 illud
527 4084 722 4162 uiduarum,
747 4104 819 4169 quae
835 4080 870 4175 in
893 4077 1054 4149 uiduitate
1075 4100 1250 4166 permane·
1274 4113 1337 4178 per
1353 4113 1453 4178 quam
1469 4082 1713 4175 prohibemur,
1740 4114 1782 4162 ne
1796 4094 1869 4182 poll
1889 4088 2032 4170 satanam
2049 4124 2103 4173 re·
2123 4145 2128 4150 -

284 4229 292 4238 ·
421 4206 461 4256 te
480 4184 746 4261 constituerant,
784 4179 1006 4270 cooptandas‚
1039 4170 1154 4248 sedin
1180 4201 1250 4249 ma·
1274 4207 1328 4259 tro
1349 4206 1604 4263 convertamur,
1629 4209 1731 4272 quote
1747 4213 1825 4261 cuna
1843 4196 2029 4280 junioribus
2052 4200 2103 4273 vi·

295 4298 298 4302 ·
393 4300 397 4307 ·
423 4282 621 4356 trimonium
639 4278 835 4368 electridas.
875 4272 921 4368 b.)
943 4272 1145 4377 Apostolica
1161 4298 1252 4374 prae·
1274 4288 1347 4359 duis
1369 4289 1403 4359 in
1421 4284 1581 4375 conjugio
1600 4283 1666 4355 tale
1680 4293 1867 4363 remedium
1891 4290 1930 4366 stt
1951 4295 2103 4387 propost-

422 4381 542 4480 ceptio,
604 4379 769 4473 Ε’άλομω
783 4428 797 4463 ,
825 4376 956 4465 inquit,
991 4399 1075 4468 ergo
1105 4400 1173 4448 non
1203 4377 1250 4448 est
1275 4409 1372 4468 turn,
1405 4387 1527 4457 merito
1550 4381 1632 4455 illud
1653 4409 1718 4474 pro
1740 4414 1776 4460 re
1798 4389 1886 4463 bo'na
1907 4420 1946 4466 ac
1968 4389 2112 4470 salutari·

421 4484 511 4555 nuda
527 4482 678 4568 quadan
692 4471 886 4569 petmillto.
904 4502 977 4565 gua
998 4477 1109 4548 minus
1122 4474 1248 4548 malurn
1274 4484 1476 4557 habendum.
1527 4486 1640 4555 Nemo
1659 4511 1743 4559 vero
1759 4491 1910 4583 cogitet,
1947 4495 2024 4567 idco
2051 4498 2102 4570 si·

421 4582 465 4656 td
485 4580 619 4669 maioris
644 4579 860 4656 stitutionem
884 4575 1068 4655 toleratur,
1093 4568 1148 4648 scd
1172 4600 1250 4666 gra·
1273 4587 1354 4656 duas
1374 4586 1448 4673 post
1475 4578 1705 4660 satanamdici
1721 4586 1919 4679 conversas,
1943 4599 2034 4682 quod
2059 4598 2101 4672 ad

423 4678 474 4753 tit
495 4679 711 4752 commonitio
732 4724 754 4760 ,Δ
779 4700 823 4751 ttt
849 4677 996 4765 juniores
1027 4676 1134 4747 viduae
1159 4678 1249 4748 dono
1273 4679 1414 4757 secunda
1430 4706 1507 4754 vota
1523 4678 1737 4765 transierint,
1760 4687 1838 4759 alias
1863 4694 1953 4764 enim
1972 4698 2102 4784 aposto·

332 4785 353 4802 ‘
420 4778 633 4851 continentia
662 4776 824 4851 tonitura
854 4775 1030 4869 negligant
1060 4776 1249 4849 remedium
1273 4781 1323 4855 lus
1336 4780 1468 4872 juberet
1488 4805 1578 4854 retro
1595 4782 1670 4872 poli
1688 4776 1830 4859 satanam
1845 4814 1898 4862 eas
1922 4799 2100 4877 converti.

421 4878 813 4989 diuinitutordinatum
851 4871 1103 4962 Chrysollumus
1121 4876 1155 4946 in
1176 4872 1245 4945 h.l.
1272 4887 1404 4971 qnando
1429 4884 1577 4970 iuniores
1615 4882 1728 4953 viduas
1765 4886 1892 4990 nubere
1921 4896 2101 4987 praecipitt

305 5141 308 5146 ,
419 4969 1246 5176 litllllnllll’nlll'3⁰llll..'².²⁴{.‘·'.‘nl.⁰‚
1271 4975 1829 5167 lilsffiilltss,‘illiniti
1856 4984 1998 5166 lili
2015 5020 2103 5169 533:

421 5170 493 5254 Ut.
514 5174 613 5276 longe
634 5177 723 5253 enim
736 5177 878 5279 βαβαὶ
895 5173 966 5253 ltaec
981 5175 1125 5272 facere,
1145 5195 1246 5273 quam
1270 5203 1322 5255 tra
1336 5178 1508 5256 Christum
1524 5178 1719 5289 luaurittae,
1747 5208 1788 5260 eu
1813 5184 1952 5263 luscitiae
1977 5219 2015 5267 ac
2039 5221 2101 5287 ρει

439 5322 711 5330 ..-
935 5299 1192 5332 ·‘·
1751 5328 1841 5347 ¹-
1990 5292 2101 5375 tulatt·
