4884 5984
433 527 466 606 ,5
548 505 621 581 oe
667 508 931 600 ruutovts
984 506 1254 587 ntvonrtt
1305 508 1545 589 cavssrs.
1799 522 1873 615 237

338 701 481 758 mutua¹
499 692 533 756 bc
564 689 747 781 reciproca
782 691 1028 779 contrahitur,
1059 691 1244 779 velimus,
1269 686 1389 786 puta,
1428 693 1451 764 st
1471 686 1645 788 posterius
1676 699 1860 772 matrimo-

344 780 437 854 sorte
451 780 686 856 statuendum.
715 786 818 859 Hanc
839 787 1029 861 dillinslio·
1062 790 1165 861 nium
1191 789 1328 884 absque
1359 788 1498 863 summo
1530 790 1691 866 scandalo
1725 793 1865 873 dissolvi

338 881 449 951 innuit
469 882 525 952 ius
548 886 761 958 canonicum
780 908 852 958 non
880 889 1029 983 quidem
1062 908 1243 981 nequeat,
1271 887 1294 960 st
1315 890 1388 961 nati
1404 912 1450 961 ex
1463 911 1505 961 eo
1520 889 1652 979 liberi,
1680 892 1702 966 st
1721 916 1787 987 per
1798 900 1862 970 ali·

338 975 573 1051 iliinsiionem
594 982 687 1053 inter
693 983 861 1078 sponsalia
877 991 914 1055 dt
933 1010 1029 1080 prae·
1063 1004 1151 1078 quot
1170 1008 1283 1059 annos
1300 984 1520 1075 constiterit,
1548 988 1571 1059 fi
1588 990 1708 1085 sponsa
1725 993 1862 1069 recuset
1877 1040 1879 1045 ·

338 1075 569 1169 Uesulum,
596 1080 685 1174 quid
705 1084 802 1154 enim
825 1084 867 1155 de
890 1107 931 1155 ea
953 1083 1026 1157 sen·
1061 1087 1102 1154 ac
1121 1082 1290 1156 decresset
1311 1086 1470 1179 recipere
1486 1083 1596 1173 eum,
1624 1089 1688 1183 qni
1712 1090 1864 1166 alteram
1906 1093 1908 1100 '

340 1195 356 1244 s
379 1221 391 1257 ,
417 1172 578 1267 superius
610 1176 680 1249 fuit
713 1179 941 1275 exposttum,
967 1180 1025 1254 sed
1061 1180 1184 1269 duxit,
1207 1180 1236 1276 ¹st
1254 1182 1327 1277 ipsa
1347 1203 1493 1277 quoque
1510 1186 1613 1270 alteri
1624 1187 1781 1280 nupserit
1795 1187 1860 1263 διε.

338 1268 580 1345 {istinslionem
609 1275 703 1348 inter
715 1277 819 1370 fidem
836 1279 1024 1373 parionis,
1059 1277 1113 1349 ibi
1125 1279 1397 1351 matrimonium
1417 1280 1589 1374 posterius
1610 1308 1675 1379 per
1693 1287 1861 1377 copulam

338 1396 368 1456 :,
394 1373 658 1463 promissionem
680 1374 963 1470 sponsaliorum,
992 1386 1026 1450 &
1057 1376 1309 1466 consummatum
1325 1377 1440 1471 priori
1450 1393 1525 1450 roto
1542 1379 1689 1455 sortalhs
1709 1384 1864 1456 antefer.

338 1467 514 1561 tarsenses,
539 1470 663 1559 idest,
683 1476 958 1550 matrimonium
972 1500 1025 1549 ra·
1060 1475 1092 1544 ri
1109 1469 1229 1567 posset.
1279 1474 1381 1549 Nihil
1396 1495 1517 1548 autem
1538 1478 1597 1550 hic
1615 1498 1749 1551 temere
1774 1482 1859 1553 deli·

338 1566 471 1659 ruptiali
494 1567 661 1641 consensu
683 1570 946 1645 confirmatum.
972 1576 1026 1650 Ac
1059 1573 1143 1659 nio,
1170 1571 1539 1667 sed'prudentioribus
1563 1596 1605 1648 ac
1628 1577 1687 1669 pie
1709 1580 1860 1653 eruditis

362 1668 590 1754 notandum,
619 1672 716 1761 quod
739 1671 776 1741 in
802 1669 925 1742 verbis
942 1672 1026 1744 Ale·
1060 1672 1298 1742 remulterius
1310 1670 1550 1744 aestimandam
1558 1674 1723 1768 relinquo
1738 1697 1750 1767 3
1765 1698 1861 1772 aegre

338 1763 353 1831 i
374 1782 450 1858 cap.
472 1766 562 1834 Licet
587 1773 650 1836 &a
675 1788 707 1849 3.
725 1788 827 1839 extra
848 1771 890 1840 de
914 1766 1025 1864 spons.
1062 1770 1160 1838 enim
1175 1789 1216 1839 eo
1235 1770 1404 1853 adducar,
1421 1789 1462 1839 ut
1474 1766 1649 1858 statuam,
1676 1776 1861 1845 matrimo-

338 1882 384 1931 tm
406 1856 526 1933 omissa
549 1863 613 1936 fint
633 1866 695 1936 illa
714 1864 853 1955 verba,
877 1864 1025 1964 filegt'ri·
1056 1866 1163 1935 nium
1193 1867 1397 1959 praecedens
1427 1873 1571 1946 ratum,
1614 1870 1711 1961 quod
1738 1869 1860 1944 coram

338 1956 480 2052 anfonsus
503 1962 771 2054 tafhlennitote,
798 1988 862 2060 quo
874 1963 954 2057 fieri
967 1966 1023 2060 sto·
1059 1962 1135 2032 Deo
1151 1985 1238 2035 vere
1257 1962 1304 2035 est
1324 1960 1538 2057 indiffolobt'lir
1555 1966 1758 2058 coniunsiio,
1786 1990 1861 2041 ma·

338 2058 597 2153 *opentestih'tet
606 2060 774 2154 sacerdote
787 2076 847 2132 out
862 2067 957 2132 etium
969 2069 1023 2134 no·
1058 2059 1422 2156 trimo'nioposieriori
1441 2061 1786 2155 consummalocedere
1805 2069 1864 2140 de·

350 2155 438 2256 ſsent
458 2161 555 2227 etiam
576 2163 609 2230 ia
629 2161 818 2256 quibusdam
834 2162 909 2231 locis
922 2162 1025 2232 adhuc
1059 2156 1156 2230 bere.
1207 2160 1258 2229 Eo
1279 2162 1398 2253 potius
1416 2160 1600 2234 causarum
1616 2164 1882 2235 matrimonia·

338 2269 438 2332 otor,
460 2280 567 2326 torum
589 2261 709 2328 idoneis
733 2258 861 2354 testibus
889 2262 1023 2331 interut·
1060 2255 1152 2325 lium
1173 2257 1286 2328 iudici
1303 2256 1591 2351 respiciendum,
1626 2278 1668 2329 ut
1696 2260 1863 2335 animum

338 2376 353 2421 e
377 2353 562 2447 praesenti,
588 2357 636 2434 ita
656 2360 743 2454 quod
772 2379 857 2438 unus
889 2359 1028 2428 altman
1062 2350 1348 2426 contrahentium
1375 2356 1575 2441 adtendat,
1602 2377 1648 2428 an
1666 2357 1861 2451 sponfitlia,

338 2476 372 2520 :m
389 2464 501 2522 mutuo
527 2453 674 2547 consensu
696 2455 797 2524 verbis
820 2451 961 2551 expreffo
977 2453 1028 2526 re·
1060 2463 1106 2520 all
1127 2472 1217 2528 Vero
1245 2454 1488 2523 matrimonium
1512 2467 1624 2522 rasum
1654 2457 1863 2532 contrahere

338 2548 402 2623 vj„
429 2572 508 2644 quae
521 2554 643 2623 omnia
661 2550 861 2624 describunt
876 2576 948 2623 non
963 2577 1027 2625 nu.
1059 2548 1267 2640 voluerim3
1295 2550 1524 2642 nequeenim
1541 2551 1695 2623 arbitror
1710 2574 1776 2644 pro
1789 2574 1863 2625 ma·

338 2646 465 2719 unsalia
488 2696 500 2733 ,
527 2648 582 2720 sed
606 2650 878 2721 matrimonium
908 2672 1027 2723 ratum
1062 2644 1232 2746 trimonio
1254 2666 1330 2718 rato
1355 2648 1398 2717 id·
1417 2645 1648 2732 habendum,
1676 2648 1699 2719 st
1726 2648 1863 2742 sponsa·

338 2745 378 2817 uli
404 2743 569 2818 consensu
595 2747 756 2833 initum,
783 2747 952 2838 quamuis
970 2770 1027 2818 00.
1061 2741 1110 2819 lia
1126 2740 1295 2838 prasente
1316 2743 1492 2818 sacerdote
1512 2748 1699 2817 &dextras
1716 2747 1865 2818 coniun·
1927 2812 1929 2816 ,

338 2846 492 2913 nondum
514 2842 552 2913 fit
572 2843 869 2915 consummatum,
918 2846 1028 2939 2.).Si
1061 2839 1169 2933 gente
1192 2840 1470 2934 contrahantur,
1499 2864 1570 2913 non
1596 2843 1693 2912 enim
1719 2844 1862 2917 animus

338 2941 517 3016 ttrimonio
537 2956 613 3011 rato
640 2938 783 3035 quaestio
806 2938 1028 3029 instituatur,
1064 2932 1111 3005 est
1126 2936 1399 3009 matrimonium
1415 2937 1472 3009 sed
1494 2937 1869 3032 sponsaliacontrahe·
1945 2942 1947 2946 ’
2053 2950 2055 2954 ’

338 3057 444 3131 optor
466 3027 557 3109 illud
578 3038 728 3132 sequens
755 3039 1029 3111 matrimonium
1044 3064 1049 3092 t
1064 3053 1102 3102 re
1119 3082 1142 3130 ,Α
1165 3040 1198 3104 &
1224 3034 1267 3104 de
1289 3035 1476 3107 individua
1498 3038 1580 3108 vitae
1608 3035 1769 3110 societate
1801 3037 1877 3126 suo·-

338 3148 478 3205 tmatom
493 3138 806 3230 pronunciandum
818 3133 856 3206 fit
870 3137 1028 3223 irritum,
1063 3148 1227 3223 tempore
1253 3129 1269 3223 (
1283 3131 1346 3202 nih
1371 3134 1460 3225 quid
1490 3136 1758 3222 intervenerit,
1784 3159 1870 3229 quae:

338 3235 462 3306 tndum
477 3233 771 3327 prudentioribus
788 3234 1029 3327 relinquo,an
1066 3227 1221 3297 conditio
1240 3226 1378 3322 semper
1401 3228 1702 3326 subintelligitur)
1729 3254 1871 3304 contra·

338 3333 397 3427 gui
414 3331 513 3425 polin
531 3335 624 3403 inter
626 3330 778 3423 striiiem
799 3335 880 3401 ioris
891 3334 1029 3427 rigorem
1067 3325 1184 3395 hendo
1213 3326 1478 3417 promiihonem
1506 3329 1635 3399 facere.
1694 3330 1750 3420 3.)
1783 3330 1869 3417 Sive

338 3429 486 3505 reintrat,
516 3430 824 3523 quemadmodum
847 3430 889 3501 de
909 3432 1030 3501 marri.
1068 3420 1238 3515 sponsalia
1260 3424 1429 3495 duntaxat
1452 3424 1520 3496 stve
1541 3426 1661 3497 ratum
1682 3427 1870 3499 martimo·
1978 3503 1983 3510 ,

338 3531 361 3599 is
392 3526 644 3598 consummatis
666 3531 749 3597 citra
764 3539 941 3621 putentem
958 3552 1026 3598 coo
1066 3521 1170 3591 nium
1196 3518 1419 3592 contradum
1448 3522 1590 3609 fuerit,
1617 3525 1676 3612 is,
1704 3524 1767 3616 qui
1792 3521 1872 3615 post
1956 3577 1980 3590 -

338 3651 346 3695 t
367 3622 555 3696 contrasiis
571 3625 777 3697 dicebamus
795 3624 968 3717 superius.
992 3626 1030 3696 Si
1067 3614 1177 3688 fidem
1200 3618 1504 3700 matrimonialem
1522 3622 1649 3715 puellae
1666 3622 1725 3692 vel
1748 3622 1870 3693 viduae

338 3747 389 3795 tm
404 3722 495 3794 iuris
512 3725 673 3816 rigorem
689 3722 787 3817 sequi
801 3743 843 3793 ac
858 3721 1030 3816 respicere
1068 3714 1187 3804 datam
1204 3715 1314 3786 aliam
1328 3716 1448 3803 ducit,
1463 3717 1671 3814 graviffimae
1686 3716 1872 3814 magistra·

338 3844 408 3908 ms,
435 3818 588 3891 dubium
601 3824 764 3905 nullum,
792 3822 880 3912 qum
899 3819 1032 3891 obma.
1067 3830 1124 3883 tus
1135 3819 1254 3905 'poene
1278 3810 1517 3888 subiiciendus
1536 3815 1614 3888 erit.
1667 3816 1811 3906 Quodn
1833 3840 1870 3890 e-

341 3921 444 3992 nium
453 3938 571 3988 ratum
585 3915 1032 4011 precedensirritumpro·
1068 3910 1143 3978 nim
1162 3910 1240 4000 iure
1261 3909 1359 3982 civili
1385 3913 1606 3989 &canonico
1628 3912 1773 3987 infamis
1797 3911 1870 4003 est,

338 4017 476 4089 andum
496 4015 532 4085 stt
552 4013 787 4110 subsequens,
815 4017 983 4107 quamvis
998 4037 1033 4083 e·
1068 4006 1132 4100 qui
1154 4004 1238 4075 bina
1258 4005 1427 4101 sponsalia
1447 4011 1647 4097 contrahit,
1671 4029 1711 4083 ut
1735 4007 1796 4084 suo
1814 4012 1872 4085 lo·
1967 4084 1969 4092 ,

338 4116 436 4211 psius
460 4114 498 4184 fi,
518 4114 688 4184 duntaxat
707 4131 855 4202 ratum,
882 4134 954 4184 non
971 4133 1033 4183 au.
1068 4125 1109 4174 co
1131 4099 1293 4197 superius
1314 4105 1510 4194 ,docuimus
1532 4152 1545 4195 ,
1581 4128 1715 4204 quanto
1740 4107 1879 4206 maiori,

339 4211 605 4286 onsummatum
620 4233 686 4305 per
699 4212 891 4304 copulam,
911 4219 1033 4281 tamen
1068 4199 1412 4298 poenaadficiendus
1436 4207 1530 4293 erit,
1556 4207 1620 4303 qui
1635 4204 1711 4304 posi
1735 4204 1873 4304 spinsi-

343 4312 491 4390 mmarip
513 4330 578 4404 per
598 4309 764 4401 copulam
785 4330 857 4378 non
874 4309 1034 4379 introdu.
1069 4301 1118 4371 lia
1144 4297 1353 4371 vestatum
1387 4303 1660 4378 matrimonium
1689 4326 1774 4396 Olim
1802 4305 1875 4380 &ila
1903 4313 1905 4318 ’

338 4407 470 4481 ‚entiale
484 4408 631 4501 aliquod
653 4405 839 4477 discrimen
856 4407 949 4476 inter
961 4426 1035 4476 ma·
1054 4394 1294 4496 contrastum
1308 4400 1451 4498 nuptias
1473 4400 1636 4476 celebrat.
1685 4399 1873 4497 D0u8ips0
1921 4435 1926 4459 ¹

338 4508 587 4588 ›niumroittm
610 4512 644 4576 δι
671 4503 952 4596 consummatum,
978 4500 1035 4574 sed
1069 4495 1236 4576 adulterii
1257 4517 1402 4594 poenam
1424 4495 1555 4666 infligit
1575 4499 1661 4584 ihi,
1689 4499 1754 4591 qui
1772 4497 1874 4595 spon·

338 4624 450 4676 tntum
476 4600 561 4673 usus
589 4602 779 4696 coniugii,
805 4621 853 4672 ut·
874 4598 1034 4694 superius
1073 4590 1312 4698 samalterius
1330 4595 1468 4683 violat,
1528 4616 1599 4669 eut.
1619 4595 1805 4679 xxiiam
1833 4614 1874 4667 ac

338 4726 361 4773 n
386 4702 602 4789 docuimus,
628 4722 669 4773 ac
685 4699 958 4769 matrimonium
984 4718 1038 4767 ra-
1075 4689 1247 4762 divinitus
1283 4692 1380 4765 tales.
1399 4692 1610 4787 foedifragos
1641 4714 1683 4766 ac
1716 4692 1873 4788 perfidos

338 4796 529 4871 :oramDeo
539 4821 640 4893 aeque
652 4796 924 4868 matrimonium
938 4792 984 4865 est
997 4814 1038 4863 ac
1073 4785 1196 4882 puniri
1221 4789 1347 4861 multis
1373 4790 1600 4881 comprobari
1621 4784 1730 4886 pollet
1754 4811 1876 4863 exem·
1938 4861 1945 4874 ,

338 4915 525 4971 tmmatum
551 4943 563 4983 ,
590 4919 661 4990 quo
694 4893 853 4974 sensum&
876 4888 1040 4985 resposiu
1073 4886 1156 4980 plis.
1185 4880 1326 4966 ,Conlb
1352 4881 1452 4966 elesl.
1470 4886 1620 4982 August.
1652 4885 1876 4962 ecclefiau'ua

338 5014 482 5067 tratum
496 4994 637 5066 dicitur.
688 4994 723 5065 Si
740 5013 825 5061 vero
838 4988 955 5060 habita
974 4990 1039 5059 cir·
1075 4983 1335 5074 candotensis
1352 4985 1557 5055 matrimon.
1574 4983 1635 5057 sub
1651 4985 1703 5066 tit.
1719 4978 1761 5056 do
1776 4981 1877 5079 spon-

338 5092 533 5170 iantlarum
550 5088 694 5169 ¹ratione
731 5079 907 5167 totelenei
943 5084 1043 5201 sequi
1075 5077 1331 5283 salibus-f&
1342 5098 1397 5275 1³2·
1435 5080 1644 5183 Wtirdcficlr
1661 5083 1711 5156 dir
1727 5078 1878 5279 Pcrfims:

771 5261 774 5265 ⁸
816 5297 837 5346 t
