4884 5984
436 497 482 636 e
840 543 991 620 noctu
1014 547 1139 618 xxva.
1190 539 1343 616 curor
1369 552 1413 620 x.
1464 539 1587 619 secr.
1617 541 1645 610 1.

437 737 627 822 infidelem,
646 763 686 812 ae
701 740 775 814 vioe
792 737 884 814 versa
901 741 989 814 inter
1008 709 1144 813 uxorem
1158 735 1240 812 lile·
1262 735 1475 835 coniugium,
1503 752 1677 844 ouncooo
1694 720 1774 827 effe.
1797 719 1836 798 ld
1844 714 1990 894 ῖῑῒῖζῑᾶῑ
2002 715 2050 820 'll
2051 769 2062 804 ι

401 921 404 926 ,
437 841 505 912 lem
529 849 563 912 ar
581 839 740 912 attritum
760 836 929 913 infidelem
949 837 1126 913 necelstrio
1144 855 1239 909 erant
1263 838 1530 940 acst'dr'cereot:
1556 829 1638 905 olam
1664 823 1828 925 nascentes
1867 841 1997 892 omenes
2008 813 2064 914 [τι.

372 989 378 1010 .-
438 933 636 1024 frequentia.
659 943 802 1010 Bucerus
816 942 850 1009 in
872 932 997 1012 defens.
1015 933 1154 1010 reform.
1170 939 1238 1008 Co·
1263 964 1336 1013 cum
1351 933 1545 1009 adtulerunt
1548 930 1687 1029 sexum·
1709 943 1871 1038 ΜΨ
1883 913 2061 1032 ΨΜ·

438 1033 506 1104 loo.
529 1059 558 1106 c.
575 1039 700 1108 val.
717 1060 751 1122 p.
774 1051 852 1125 339.
877 1033 978 1126 paulo
999 1030 1167 1108 obscurius
1183 1058 1237 1105 re·
1263 1038 1380 1132 Pergit
1400 1035 1568 1106 Peterius:
1610 1025 1724 1122 Longe
1750 1020 1859 1136 altam
1874 1039 1931 1134 .‘.¹‘.
1952 1013 2073 1094 rlroer·¹

437 1129 595 1219 spondet,
620 1133 742 1205 didam
763 1133 967 1229 mosaicam:
1001 1137 1081 1204 Non
1107 1134 1154 1205 eil
1177 1130 1237 1202 bo-
1255 1133 1334 1235 sam
1361 1132 1526 1208 rationem
1551 1125 1655 1227 sitista
1684 1132 1895 1234 matrimomo
1916 1137 1955 1187 m
1966 1115 2063 1214 flate

434 1253 541 1308 oum,
567 1229 736 1302 honriuem
758 1229 821 1304 elle
842 1228 966 1312 solum3
992 1231 1032 1303 de
1049 1227 1242 1304 taminatus
1264 1230 1488 1316 innocentia,
1515 1240 1613 1326 atque
1631 1247 1717 1300 nunc
1736 1223 1779 1322 asi
1793 1243 1829 1292 ra
1846 1219 1943 1318 flaltt
1961 1221 2061 1286 Mb·

441 1327 477 1400 r'o
493 1351 609 1422 genere
624 1326 665 1402 f!
680 1331 720 1402 ae
733 1328 893 1426 prasente
913 1330 1005 1415 vita,
1028 1351 1094 1402 ooo
1104 1326 1239 1426 spetia-
1262 1355 1311 1408 rae
1332 1339 1508 1426 compta.
1577 1325 1620 1400 Io
1648 1323 1706 1398 iao
1727 1321 1813 1433 enim
1839 1317 1936 1431 flata
1960 1307 2062 1427 [aaa

440 1427 504 1498 tiro
522 1424 712 1525 defingulis
726 1450 824 1524 oeque
837 1429 877 1500 de
890 1439 963 1500 tota
978 1426 1151 1503 elatiorem
1163 1426 1240 1499 vita
1255 1429 1376 1606 fuiget
1391 1426 1563 1524 generatio
1579 1423 1620 1500 {5
1632 1418 1874 1513 multiplicatio
1888 1411 2062 1528 nomenata

441 1523 668 1621 accipiendum
687 1522 757 1622 effe.
806 1525 944 1602 ornam
967 1537 1076 1600 autem
1103 1523 1212 1599 Paalr'
1226 1548 1238 1599 .·
1262 1529 1310 1605 ele
1340 1552 1434 1602 orara
1472 1549 1523 1599 rot
1548 1523 1617 1598 ulla
1639 1517 1794 1596 libidinis
1821 1507 2062 1628 tatptffltqtt

442 1629 568 1694 Bonum
592 1626 636 1693 ell
659 1627 784 1696 hontini
806 1625 979 1698 mulierem
994 1651 1063 1698 noo
1082 1647 1238 1716 tangere.
1255 1632 1328 1731 fine
1346 1625 1411 1702 atto
1435 1624 1584 1728 corporis
1601 1632 1662 1696 aut
1686 1615 1796 1692 aot'mr'
1816 1623 1902 1688 vttra
1931 1605 1975 1684 f}
1996 1629 2063 1724 trra·⁸

440 1721 672 1818 accipiendum
697 1718 755 1820 elli
779 1721 818 1793 de
845 1721 999 1818 aniverso
1026 1725 1102 1796 uita
1124 1721 1239 1796 eterra·
1260 1727 1469 1828 pedimeoto,
1489 1745 1551 1820 quo
1577 1745 1600 1795 a
1625 1717 1717 1794 cultu
1743 1712 1783 1790 Β
1808 1707 1963 1823 obsequio
1991 1701 2062 1780 Βῆ

441 1841 537 1904 runt,
563 1844 636 1916 qua
659 1845 732 1894 cunr
751 1819 896 1918 perfetta
919 1817 960 1894 θ’
986 1817 1141 1918 absoluta
1160 1820 1239 1913 sar·
1263 1829 1420 1923 coniuges
1433 1825 1502 1896 atla
1515 1845 1558 1895 ex
1574 1830 1671 1918 parte
1687 1812 1923 1894 tardarentur,
1949 1827 1986 1878 nr
2000 1803 2095 1922 l'oeae

443 1919 512 1998 rit,
540 1923 664 1992 nullam
688 1920 836 2016 amplias
861 1919 1071 2013 coniugalem
1095 1941 1240 1991 commit·
1257 1930 1351 2028 statu
1374 1923 1489 1997 omnia
1509 1917 1568 2018 ella
1587 1916 1769 1993 corvaria.
1821 1907 1924 2000 Resp.
1949 1923 2063 2020 prtem

443 2017 573 2088 trionem
598 2017 742 2091 haltebit.
768 2021 916 2090 Peterius
932 2019 991 2090 lib.
1010 2018 1078 2090 lv,
1099 2021 1132 2087 in
1150 2025 1235 2090 Gen.
1264 2051 1325 2116 per
1343 2021 1487 2106 ἔγςασιν.
1536 2023 1639 2092 Etiam
1659 2018 1729 2108 poll
1746 2005 1874 2100 lapsum
1888 2009 1934 2080 de
1949 2027 2064 2078 comu-

442 2137 477 2200 p.
501 2125 581 2186 602.
609 2116 707 2188 tolcut
734 2113 862 2205 profert
882 2115 1164 2188 conciliationem:
1193 2111 1236 2186 Io
1262 2126 1319 2216 gio
1334 2124 1414 2193 dicit
1435 2123 1574 2207 Spiritus
1595 2117 1720 2188 santius
1736 2105 1996 2226 Hebr.Xlll.’4.
2011 2101 2061 2178 r'l‘

443 2212 585 2284 ararnio
607 2213 724 2285 ortandi
741 2225 878 2308 propter
898 2212 1066 2286 hominum
1082 2213 1238 2310 paucita-
1260 2247 1340 2314 μως
1361 2211 1515 2318 ὄγᾶμος
1538 2217 1569 2293 ir
1587 2215 1681 2291 atrior
1701 2209 1763 2289 eol
1781 2208 1803 2286 tr‘
1819 2203 1914 2284 actu
1933 2201 2060 2298 ardor

444 2317 507 2380 tero
525 2334 592 2382 noo
601 2308 719 2408 srtiffet
739 2308 859 2383 bonam
880 2310 1042 2411 abstinere
1056 2313 1238 2406 coniugio,
1262 2347 1342 2405 noe,
1373 2343 1411 2389 rc
1433 2341 1515 2388 uxor
1538 2317 1591 2406 pia
1615 2337 1683 2384 non
1706 2313 1814 2382 minus
1836 2303 1913 2396 poll
1934 2293 2057 2416 lausto}

444 2410 644 2501 nequeenim
662 2433 765 2506 gouer
777 2408 956 2482 latrantem
975 2413 1167 2507 perpetuari
1179 2419 1240 2483 arat
1264 2441 1361 2504 quern
1376 2437 1452 2488 ante
1472 2409 1598 2504 lapsum
1613 2435 1653 2482 er
1667 2406 1768 2500 ipsius
1782 2405 1846 2478 Dei
1860 2423 1921 2475 ore
1939 2401 1987 2474 en
1998 2417 2057 2468 tur

438 2509 632 2603 propagari
657 2501 841 2604 potuiffrtr
878 2505 942 2606 sta
969 2513 1080 2624 postea
1108 2509 1240 2606 infinite
1263 2513 1470 2587 adiutorium
1494 2537 1562 2584 non
1579 2507 1684 2582 solum
1710 2508 1745 2577 in
1770 2528 1807 2576 re
1833 2497 2057 2584 oeconomiam

444 2601 674 2701 multiplicata
707 2605 874 2677 laminam
902 2628 1000 2702 copta
1025 2605 1119 2680 nulla
1147 2607 1239 2680 ratio
1264 2607 1317 2684 sed
1335 2615 1435 2684 etiam
1464 2613 1499 2682 ia
1527 2607 1602 2700 ipis
1622 2607 1753 2697 pietatis
1774 2599 1954 2676 exercitiis,
2002 2587 2056 2668 St·

443 2723 635 2798 quostquam
661 2703 831 2776 hominurn
857 2702 1000 2800 urgebat
1032 2703 1074 2780 Θ
1100 2702 1240 2802 cogebat
1266 2709 1372 2782 cundo
1387 2733 1448 2800 per
1462 2705 1691 2781 inverfionem.
1744 2700 1835 2798 Quia
1846 2697 1922 2788 post
1930 2687 2060 2814 βψ

443 2798 530 2872 ilrirr
551 2801 812 2876 matrimonium.
865 2799 964 2893 Resp.
988 2807 1154 2877 neminem
1182 2827 1238 2876 eo·
1261 2812 1375 2898 paucis
1400 2811 1515 2882 darum
1539 2807 1610 2888 cll,
1635 2805 1718 2876 calle
1745 2819 1838 2872 extre
1866 2813 2051 2888 conrupta!
2075 2807 2088 2878 ,“

442 2921 542 2980 rum,
578 2903 634 2987 qui
666 2905 750 2972 calle
776 2923 868 2972 extra
902 2901 1098 2992 coniugium
1124 2903 1239 2975 virere
1263 2909 1395 2989 vivere,
1425 2909 1502 2978 ideo
1524 2907 1613 2993 quod
1636 2901 1820 2973 institutum
1839 2891 1905 2968 fuit
1929 2895 1967 2966 in
1991 2885 2050 3008 aff·

442 2993 595 3084 potsunt,
629 3001 669 3069 ad
696 2997 777 3069 illud
798 2999 949 3093 cogimur
976 3001 1030 3073 rel
1057 3021 1094 3070 ca
1120 3000 1237 3072 rodam
1262 3003 1370 3086 ciaon,
1392 3003 1474 3076 illud
1499 3004 1569 3092 poll
1590 2997 1716 3089 lapsum
1738 2992 1829 3070 cellit
1846 2995 1883 3065 io
1903 2989 2050 3066 libiano

444 3087 502 3186 effe
523 3097 686 3177 dicimus,
718 3121 780 3167 nec
801 3095 994 3169 coelibatum
1014 3101 1049 3167 in
1070 3021 1155 3182 illle,
1181 3101 1238 3188 qui
1262 3101 1450 3176 remedium.
1505 3105 1580 3173 Nec
1597 3098 1766 3170 adhaerens
1781 3094 1837 3166 illa
1850 3085 2052 3166 utilitate·

442 3192 652 3263 continentie
675 3197 766 3264 dono
783 3197 930 3266 innotui
948 3191 1042 3280 sunt,
1069 3195 1237 3283 improba·
1262 3225 1323 3288 pra
1338 3202 1390 3272 vel
1413 3199 1635 3293 generationis
1650 3219 1734 3284 opus
1752 3190 1806 3264 vel
1830 3191 1982 3281 coniugii
1999 3187 2051 3259 sta·

443 3311 537 3366 must
567 3285 620 3360 sed
638 3313 673 3360 ut
687 3293 883 3384 coniugium
895 3291 982 3372 illis,
1004 3293 1061 3380 qui
1077 3317 1237 3379 uruntur,
1263 3321 1333 3370 tum
1355 3324 1417 3389 per
1437 3294 1469 3371 le
1486 3295 1632 3370 sanaum
1649 3303 1683 3368 δι
1702 3294 1863 3364 mundum
1878 3291 1922 3360 ita
1943 3291 2051 3359 immu-

444 3385 681 3472 necessarium,
711 3391 756 3458 ita
765 3391 899 3477 reliquis
913 3390 954 3460 ab
969 3393 1133 3463 ultionum
1146 3390 1239 3464 llam·
1263 3419 1328 3478 tat,
1349 3420 1386 3468 ut
1407 3399 1440 3468 in
1459 3420 1499 3468 eo
1518 3417 1633 3486 pecata
1652 3396 1689 3466 &
1705 3387 1883 3478 tranquilla
1895 3383 2052 3459 conscien-

444 3487 505 3553 mit
524 3485 634 3556 liberis
651 3485 795 3557 liberum
818 3487 1072 3575 relinquendum
1086 3492 1236 3563 dicimus.
1261 3500 1306 3567 tia
1324 3498 1437 3567 vivere
1451 3497 1522 3581 quis
1541 3513 1692 3577 nequeat.
1742 3496 1785 3559 At
1800 3487 2051 3577 quotusquisque

442 3586 603 3652 Praeterea
632 3581 757 3651 bonum
780 3581 860 3654 illud
884 3588 1054 3678 coniugii,
1088 3590 1180 3660 euius
1203 3591 1237 3660 in
1262 3619 1398 3681 eorum,
1424 3596 1481 3680 qui
1496 3591 1720 3683 virginitatem
1736 3588 1867 3658 inctute
1882 3599 2049 3664 voverunt.

440 3679 601 3762 primeva
621 3680 825 3753 institutione
842 3678 880 3751 fit
893 3689 1034 3770 mentio,
1055 3689 1101 3758 est
1115 3710 1238 3778 perpe·
1262 3702 1297 3765 oe
1316 3694 1428 3763 animo
1447 3701 1482 3764 δι
1497 3714 1640 3780 corpore
1653 3689 1754 3758 callus
1773 3682 1830 3764 lit,
1856 3685 1929 3755 dice
1945 3678 2052 3753 nont

441 3793 557 3855 ntum,
589 3799 650 3846 nec
677 3779 718 3848 ad
746 3800 811 3850 ret.
839 3801 968 3853 tantum
991 3779 1044 3855 sed
1072 3787 1237 3858 etiamad
1263 3787 1547 3862 nimanifellabit
1615 3784 1767 3879 Denique
1792 3807 1855 3871 per
1882 3773 2051 3852 conceffia·

440 3889 518 3939 nor.
543 3873 613 3945 test.
634 3879 805 3962 pertinet,
827 3882 902 3965 quia
924 3881 1154 3971 multiplicatio
1176 3881 1236 3955 ltu·
1263 3912 1350 3960 nem.
1422 3889 1629 3978 Coniugium
1649 3886 1848 3972 quaudoque
1866 3873 1980 3953 secum
1996 3877 2050 3948 iat·

440 3972 529 4038 mani
544 3975 675 4059 generis
692 3997 757 4045 non
778 3975 865 4047 tollit
879 3979 1004 4050 boumn
1026 3984 1239 4072 propagatio·
1262 3990 1454 4075 pedimenta
1472 3987 1620 4072 quedam
1644 3981 1775 4054 trahere
1802 4003 1870 4050 non
1888 3995 2047 4069 negarint·

439 4065 492 4138 nio
506 4075 540 4139 δι
560 4073 724 4142 adiutorii.
754 4078 851 4162 Apud
871 4079 1090 4163 augustinum
1107 4078 1239 4153 confess.
1265 4088 1340 4156 ideo
1361 4083 1552 4155 coelibatum
1571 4085 1603 4153 io
1617 4080 1764 4170 personis
1774 4079 1904 4150 idoneis
1917 4077 2048 4148 nonim-

442 4187 514 4252 eap.
531 4168 574 4235 de
592 4171 724 4261 coniug.
742 4165 865 4244 sacerd.
914 4170 1053 4249 Natura
1070 4177 1239 4251 laminam
1264 4183 1453 4271 probamus.
1507 4185 1557 4266 2.)
1577 4177 1760 4276 Apostolos
1777 4178 1812 4248 t'o
1828 4200 1947 4272 genere
1965 4171 2047 4249 aicit

435 4261 612 4356 formatur
627 4266 684 4339 illo
699 4267 796 4341 verbo
817 4266 910 4344 Dei:
930 4269 1131 4352 Crescite&
1152 4277 1240 4348 mul·
1265 4309 1296 4353 v.
1318 4306 1350 4352 2.
1403 4287 1544 4369 Propter
1559 4277 1810 4351 fornicationem
1824 4273 2048 4348 habeerunur·

443 4360 662 4475 tiplicantioi,
687 4376 725 4436 at
741 4368 789 4467 stt
810 4367 971 4460 soconda
995 4428 1003 4458 ,
1037 4397 1104 4446 oon
1123 4372 1238 4471 serlum
1262 4381 1399 4469 quisque
1415 4379 1672 4458 formatorem,
1700 4387 1733 4450 oc
1749 4373 2050 4463 unaquequeluuat

443 4471 545 4532 rottro
563 4465 767 4551 creationis,
784 4463 847 4561 firi
862 4469 1151 4565 torristonam
1170 4472 1239 4547 ltaec
1263 4480 1371 4548 virum
1392 4476 1532 4556 lrabeatt
1557 4476 1614 4550 ubi
1631 4499 1745 4547 nomm
1763 4473 1919 4568 generale
1935 4467 2049 4552 taccat

441 4581 614 4653 corporata
636 4575 758 4635 notura
781 4568 917 4666 crosset,
941 4569 1028 4668 stent
1051 4571 1117 4644 hoc
1139 4572 1238 4646 verbo
1267 4573 1307 4649 tr
1330 4575 1461 4648 uerbum
1498 4575 1685 4673 imperandi
1715 4567 1826 4666 ἐχὲτώ
1856 4569 2050 4668 ohserttolt'o·

443 4669 534 4733 torro
548 4659 596 4754 srt
607 4660 788 4752 jocunda:
811 4670 976 4754 germinet
997 4689 1085 4743 terta
1099 4671 1238 4745 herbam
1263 4699 1333 4748 rtem
1362 4686 1534 4747 orerentur.
1594 4674 1694 4764 Relp.
1717 4669 1883 4760 apostolos
1905 4670 2048 4760 loquitor

444 4758 619 4829 virentem.
660 4760 805 4859 Propter
817 4763 902 4836 lianc
915 4765 1160 4844 ordinationem
1172 4795 1239 4842 ooo
1263 4777 1304 4847 de
1323 4773 1405 4854 illis.
1431 4776 1487 4863 qui
1511 4801 1577 4848 uon
1599 4771 1670 4844 sunt
1694 4770 1841 4842 inomni
1862 4774 1954 4844 dono
1977 4787 2047 4839 can·

435 4853 549 4953 solum
565 4857 665 4931 init-io
685 4862 784 4957 capit
800 4873 890 4935 terra
912 4865 1088 4958 producere
1109 4870 1240 4966 gramt'·
1263 4873 1426 4950 tioeotie,
1452 4868 1506 4945 sed
1524 4875 1674 4944 imminet
1686 4867 1749 4940 illis
1767 4867 1958 4957 pericolum
1974 4861 2049 4962 scor·

441 4977 505 5038 na,
529 4952 590 5051 secl
617 4964 794 5054 quotannis
813 4963 995 5056 instituitur
1011 4969 1091 5060 agri
1103 5018 1114 5049 ,
1139 4969 1241 5043 donec
1265 4971 1416 5052 tationis,
1440 4968 1460 5039 ti
1482 4994 1572 5043 extra
1594 4970 1787 5056 coniugium
1802 4969 1918 5039 riveto
1938 4963 2048 5042 vellum

441 5057 640 5148 existatac
659 5074 794 5134 fratruo.
824 5052 890 5133 &a
956 5061 1056 5162 Quod
1076 5092 1155 5162 ergo
1179 5065 1241 5140 od·
1264 5069 1330 5142 hoc
1357 5072 1426 5149 ell,
1459 5066 1779 5159 montacutulo,
1810 5065 1869 5161 qul
1887 5073 2046 5142 amatur·

444 5157 587 5256 versarii
615 5169 753 5256 diunt,
795 5164 895 5236 initio
921 5163 1022 5267 sl‘ll'f
1046 5171 1240 5241 oraratiottott
1265 5169 1454 5257 interponit
1477 5196 1509 5241 r.
1532 5189 1569 5264 9.·
1590 5167 1652 5240 illis
1670 5191 1735 5237 non
1757 5161 1899 5255 amplius
1918 5163 2053 5322 umal

551 5289 559 5302 ·
2016 5281 2030 5326 e
