4884 5984
1638 275 1648 332 l

224 647 231 670 κ
347 505 400 634 9ο
439 583 441 588 -
639 535 1270 672 iactantiaizaaunv.
1309 543 1455 616 sect.
1482 546 1530 613 ii.
1566 545 1770 642 ,uitat

232 770 235 776 ·
310 748 324 762 ⁸
359 728 446 913 siff,
473 747 585 810 tumea
600 689 698 832 itique
714 730 854 833 expreffe
871 734 1050 823 dixerunt,
1067 713 1195 831 'ronse
1218 736 1342 832 injure
1357 738 1532 809 ‘canonico
1582 740 1671 810 Num
1693 763 1765 828 cap.
1793 713 1998 813 cum'virum
2015 735 2063 814 de·

361 864 383 912 o
406 834 533 1009 tulbffl,
561 831 630 908 &c
656 853 757 932 qnare
774 837 806 933 fi
827 832 997 910 Lutlierur
1015 833 1061 908 ab
1085 859 1195 909 ercem-
1218 833 1433 930 regularibus
1450 846 1515 909 &c
1531 839 1574 905 ita
1595 836 1743 926 loquitur
1757 835 1914 911 Clemens
1936 836 1998 911 lll.
2014 842 2063 912 de

356 939 419 1038 plo
476 936 573 1036 liri‘sli
591 932 733 1032 probare
754 936 870 1031 cupit,
896 930 1115 1032 miffitmmon
1137 928 1197 1032 effe
1219 934 1332 1024 puello
1354 932 1477 1015 nubili:
1514 930 1609 1008 Tunc
1629 933 1869 1030 quia-liberum
1888 934 1989 1010 liabet
2002 960 2063 1009 ar·

231 1047 236 1056 '
258 1121 261 1128 ,
354 1037 584 1137 sacrficium,
610 1045 732 1107 certum
746 1033 888 1130 aliquod
900 1033 1121 1135 testimonium
1137 1030 1360 1107 ait-atinum
1377 1035 1412 1105 iii
1427 1032 1580 1106 eletiione
1596 1035 1757 1135 propofiti
1775 1047 1952 1131 parentum
1962 1034 2060 1134 sequi

226 1123 257 1149 '
357 1139 477 1235 serat,
502 1133 560 1207 ubi
576 1131 747 1229 legamus,
777 1129 944 1234 Ciirijlum
959 1157 1026 1206 non
1042 1132 1082 1229 se
1101 1130 1197 1206 obtu-
1220 1156 1286 1205 non
1303 1135 1439 1226 cogitur
1460 1132 1675 1207 uoluntatem.
1740 1139 1780 1205 Et
1801 1134 1867 1205 hue
1884 1139 2060 1227 pertinet,

362 1233 433 1335 lille
449 1238 483 1309 ia
505 1257 615 1306 coena.
680 1230 773 1306 Nam
791 1232 851 1307 illa
871 1243 1073 1331 argumenta
1093 1254 1196 1328 nega·
1220 1237 1310 1321 quod
1325 1230 1518 1303 Ambrosius
1538 1233 1613 1304 libr.
1630 1238 1672 1306 de
1689 1236 1810 1323 iirg'm.
1834 1237 1958 1321 inquit:
1994 1229 2062 1306 Cui

363 1340 461 1412 tiva:
502 1358 569 1407 imit
593 1329 734 1406 taleni
760 1329 905 1431 eupreffe
933 1336 969 1407 in
992 1331 1196 1431 scriptura,
1221 1331 1300 1404 iicet
1319 1333 1478 1403 maritum
1500 1330 1639 1428 eligere,
1664 1356 1728 1404 non
1750 1331 1830 1405 licet
1851 1329 1962 1405 Deum
1975 1353 2064 1430 pret·

362 1460 442 1533 ergo
461 1457 562 1506 none
596 1431 750 1526 sadum·
772 1435 848 1527 jam
868 1435 947 1533 ipstr
962 1435 1066 1507 etiam
1085 1433 1198 1530 pueris
1214 1427 1342 1526 serre?
1370 1431 1461 1503 ld‘em
1482 1433 1574 1520 epist.
1596 1436 1717 1523 XLtll.
1738 1436 1779 1505 ad
1797 1430 2062 1527 salomonici

362 1528 513 1613 ridicula
550 1543 619 1604 urit.
670 1534 841 1605 Hactenus
865 1531 1094 1607 bellarminus.
1146 1533 1199 1622 3.)
1214 1530 1297 1630 filio
1316 1526 1586 1626 indignabatur,
1616 1530 1705 1626 qaod
1727 1533 1799 1630 stne
1821 1527 1887 1627 sno
1917 1530 2058 1630 confilio

363 1642 419 1710 De
442 1630 548 1708 Tatta
572 1627 810 1719 respondemus
828 1638 878 1716 a.)
898 1629 1031 1704 historia
1052 1633 1099 1704 est
1118 1631 1200 1720 apo·
1224 1654 1363 1703 uxorem
1390 1625 1562 1723 duxiffet,
1594 1632 1674 1701 dicit
1694 1628 1826 1721 culpam
1849 1629 1993 1719 aliquam
2013 1627 2060 1704 air

363 1733 497 1824 eryplii.
558 1726 605 1814 i.)
630 1728 753 1803 Tobiae
775 1725 921 1820 sequitur
943 1728 1115 1803 eonsilium
1140 1754 1199 1802 aa·
1225 1753 1262 1802 eo
1276 1728 1358 1828 filio
1378 1724 1573 1826 admissum,-
1598 1739 1707 1802 tamea
1724 1727 1818 1826 satir
1837 1741 1949 1827 operte
1970 1729 2063 1803 inili-

363 1834 455 1928 geli,
480 1827 641 1921 q'ui‘l'ob.
662 1827 725 1901 Vl.
746 1853 800 1900 ιι.
824 1851 880 1904 12.
896 1831 1056 1918 proponit
1071 1825 1132 1916 ipsi
1147 1829 1197 1898 di·
1227 1839 1283 1901 cat
1313 1830 1565 1901 matrimonium
1583 1825 1688 1926 suiffe
1716 1840 1848 1913 ratum,
1885 1825 1927 1903 ἔθ’
1955 1823 2064 1919 Sifirt-

235 1985 244 2002 .
363 1935 476 2005 vinam
500 1929 764 2002 constitutionem
793 1931 898 2000 Num.
927 1924 1123 2009 xxxiiia
1165 1935 1200 1999 dt
1228 1930 1320 2000 niuin
1344 1926 1483 2014 iaudat,
1506 1927 1595 2024 quoii
1612 1927 1723 2024 ,facile
1741 1927 1875 2023 culpam
1894 1920 2064 2024 ignouerit

363 2028 533 2103 xxxvi.
549 2038 581 2108 8.
597 2027 756 2099 hottemis
776 2029 882 2118 igitur
895 2027 943 2099 eli
960 2029 996 2097 iii
1010 2025 1075 2097 hoc
1090 2023 1200 2102 exe'ta·
1219 2027 1314 2127 filio.
1364 2022 1465 2116 Resp.
1497 2040 1539 2119 i.)
1569 2033 1758 2104 Monuimus
1775 2023 1924 2117 superius
1945 2031 1988 2101 de
2010 2037 2064 2117 ju·

365 2129 424 2222 pio
447 2127 583 2216 aliquod
609 2121 760 2215 speciale.
822 2149 871 2198 ι.)
897 2125 1027 2199 ibidem
1054 2146 1200 2195 comme·
1226 2152 1263 2200 re
1285 2129 1444 2198 canonico
1460 2129 1586 2198 ianne
1607 2122 1915 2216 jurisconsultorum
1935 2122 2064 2202 stuten-

280 2237 283 2242 ’
367 2250 537 2305 moratur,
566 2228 656 2314 quod
673 2229 750 2298 Sara
765 2251 783 2296 a
800 2244 896 2314 petie
917 2221 1069 2314 Ragueie
1086 2221 1201 2294 Tobiae
1226 2229 1311 2307 tirsi
1334 2225 1468 2312 quidam
1482 2230 1572 2297 enim
1587 2228 1751 2310 statuunt,
1768 2221 1992 2299 neceffitatem
2003 2251 2064 2322 pa·

368 2325 471 2400 subiit
484 2320 713 2411 desponsatae.
729 2322 811 2395 Vll.
835 2348 891 2410 ις.
922 2321 1026 2407 ά.]Εκ
1039 2318 1203 2410 postfacto
1227 2325 1315 2397 terni
1329 2318 1500 2394 consensus
1515 2350 1554 2396 ei
1570 2349 1610 2396 eo
1629 2351 1696 2396 noii
1714 2320 1802 2414 posse
1818 2325 1975 2413 probari3
1990 2328 2064 2414 qui·

366 2421 604 2517 presumitur,
628 2423 732 2512 patria
757 2419 873 2493 Tobiae
898 2414 1031 2492 senioris
1052 2419 1204 2491 voluntas
1227 2429 1304 2496 darn
1325 2424 1413 2493 inter
1432 2447 1573 2497 canones
1593 2425 1785 2496 vetustiores
1800 2446 1839 2518 uc
1859 2426 2063 2500 recentiores

367 2520 570 2615 praecessisse.
592 2518 617 2595 i.
635 2517 658 2592 fi
675 2542 712 2590 ut
730 2521 901 2610 proponis.
921 2522 966 2596 C.
981 2520 1023 2592 de
1039 2540 1134 2607 nupt.
1161 2511 1204 2589 Si
1229 2525 1454 2611 distinguunti
1492 2524 1629 2609 quidem
1654 2521 1820 2610 explicare
1846 2545 2009 2595 conantur
2030 2547 2064 2596 o=

364 2635 466 2723 pater
493 2622 604 2719 postea
631 2615 809 2714 resciscens
827 2597 902 2689 iton
931 2614 1205 2694 contradixerit-2
1230 2643 1493 2700 mnescanones,
1517 2624 1575 2707 qui
1592 2619 1770 2709 parentum
1787 2616 1979 2719 consensum
1999 2646 2064 2694 non

243 2736 249 2754 ⁸
367 2720 627 2815 ualeatnuptiae.
643 2718 732 2808 e.)·tn
743 2713 944 2792 formatione
952 2719 1049 2788 stitus
1057 2713 1206 2814 superius
1231 2720 1386 2791 videntur
1407 2714 1584 2792 necessario
1599 2721 1743 2812 exigere.
1795 2719 1903 2792 Nobis
1925 2716 2064 2802 suffieit,

351 2822 575 2908 monuimus,
585 2812 723 2891 aonelie
734 2813 879 2888 hocloco
894 2816 1207 2906 proprie&princi·
1230 2822 1321 2908 quod
1342 2843 1383 2889 ex
1403 2825 1478 2905 jure
1498 2820 1636 2903 divino,
1664 2817 1809 2890 naturali
1834 2843 1872 2891 ec
1896 2818 1988 2891 civili
2008 2843 2064 2892 no·

293 2917 297 2941 ¹
371 2919 492 3010 paliter
508 2916 719 3004 questionem
734 2917 775 2986 de
797 2914 989 3002 parentibus
1005 2908 1206 2992 absentibus,
1232 2921 1331 2989 stram
1347 2911 1539 2989 sententiam
1553 2915 1782 2990 confirmatam
1799 2919 1879 2990 dare
1893 2915 2064 3007 possimus,

225 3077 228 3082 .
369 3041 513 3109 quornm
525 3009 697 3087 consensus
712 3010 827 3084 haberi
838 3016 973 3100 nequit,
991 3005 1045 3083 sed
1061 3013 1102 3084 de
1120 3036 1204 3103 pre·
1233 3014 1255 3086 si
1277 3014 1329 3087 vel
1352 3018 1492 3088 maxime
1519 3018 1560 3086 de
1583 3018 1665 3102 juris
1687 3017 1837 3087 canonici
1857 3014 2064 3106 dispostione

370 3116 525 3208 sentibus.
578 3120 651 3206 Jam
672 3138 751 3188 iero
766 3137 884 3200 parens
898 3109 1014 3182 Tobiae
1027 3109 1082 3180 hic
1103 3108 1204 3200 longe
1229 3118 1384 3201 quiedam·
1402 3110 1541 3201 supersit
1563 3114 1738 3186 dubitatio.
1801 3114 1859 3208 κ’.)
1880 3119 1965 3203 Cap.
1989 3142 2063 3190 arm

252 3292 255 3301 ,
370 3214 489 3290 ebsuit.
532 3212 586 3308 s.)
609 3217 648 3283 Et
668 3209 1050 3299 quidlmaltiseeonstat
1075 3233 1116 3279 ex
1139 3203 1206 3279 ser.
1229 3214 1340 3284 uirum
1364 3210 1410 3285 X.
1435 3211 1708 3307 de'reguiaribus
1731 3221 1796 3287 &c
1819 3239 1885 3285 non
1912 3215 2061 3289 excludit

371 3340 495 3396 itione,
532 3335 631 3401 quem
651 3310 780 3383 Tobiae
805 3303 910 3381 senior
933 3307 1012 3413 euin
1034 3304 1102 3377 lilio
1126 3327 1204 3378 ante
1228 3313 1360 3400 paterni
1378 3306 1549 3384 consensus
1579 3309 1831 3396 necessitatum
1863 3319 1997 3402 quando
2016 3314 2064 3413 fe-

240 3427 269 3456 ·'
372 3412 499 3489 abituu'i
518 3410 678 3493 instituit,
716 3407 822 3480 filium
849 3410 890 3479 de
924 3402 1080 3488 conlensu
1100 3406 1203 3492 patris
1228 3409 1313 3482 liam
1333 3410 1369 3483 in
1392 3411 1628 3488 contrahendis
1650 3412 1780 3506 nuptiis
1793 3411 1934 3485 liberum
1946 3412 2064 3488 babere

371 3512 643 3602 nihilquidquam
654 3502 823 3589 dubitasse,
832 3503 1044 3580 teldubltere
1054 3497 1203 3593 potuisse.
1228 3508 1434 3595 arbitrium,
1460 3536 1517 3581 nec
1546 3513 1623 3606 cogi
1655 3524 1831 3606 parentum
1857 3511 2064 3586 uoluntatem

279 3629 283 3638 '
370 3610 460 3687 Tob.
480 3610 544 3685 lV.
571 3633 625 3693 ta.
643 3613 1065 3695 juxtatextumgraecumt
1107 3599 1205 3678 Uno·
1221 3607 1318 3706 sequi
1337 3605 1474 3690 adserit,
1500 3614 1575 3698 quia
1597 3613 1687 3681 idem
1701 3610 2064 3704 planejurcetiaoici·

370 3735 440 3786 rem
462 3707 574 3804 accipe
589 3702 764 3802 desemine
775 3715 912 3800 patmum
930 3712 1082 3779 tuorum,
1111 3696 1152 3776 ἔθ’
1165 3726 1205 3775 nc
1230 3709 1288 3781 vili
1304 3708 1453 3788 obtinet,
1479 3712 1604 3798 quippe
1619 3712 1651 3779 iii
1671 3735 1736 3799 quo
1753 3708 1958 3801 disponitur,
1986 3735 2064 3785 coit·

372 3811 525 3906 accipiar
539 3828 678 3880 umorem
700 3815 914 3904 extraneam,
940 3804 1148 3914 quaeaoncfl
1164 3798 1204 3885 de
1224 3807 1327 3904 jugia
1341 3806 1453 3879 debere
1475 3804 1533 3902 effe
1546 3807 1677 3892 libera,
1712 3808 1733 3880 l.
1760 3835 1813 3884 it.
1834 3813 1875 3883 C.
1903 3815 1946 3881 de
1966 3837 2062 3899 nupt.

270 3983 273 3990 .
373 3909 465 3983 tribu
479 3907 591 4004 pultis
610 3905 678 3988 tui,
704 3904 861 4000 quoniam
883 3899 951 3992 filii
965 3899 1203 3997 prophetarum
1232 3914 1257 3978 l.
1281 3903 1425 4003 Titiaff.
1447 3910 1489 3977 de
1511 3914 1550 3979 V.
1573 3906 1655 3980 Obl.
1679 3907 1718 3979 &'
1735 3926 1845 3982 rameii
1872 3905 2064 3986 consensum

364 4007 485 4106 firmus
505 4002 602 4088 Not,
625 4000 831 4086 Abrai'ium,
861 3997 963 4097 lsttac
991 3996 1033 4073 ii
1059 3991 1206 4099 Jacob,
1232 4028 1408 4095 petentum
1430 4004 1488 4076 illo
1507 4014 1581 4094 jure
1603 4029 1758 4095 tanquam
1784 4003 1998 4081 necessarium
2014 4037 2064 4085 re·

230 4171 233 4178 .
378 4105 447 4183 &a
469 4128 579 4177 omnes
595 4104 650 4203 isti
666 4110 857 4198 acceperuut
871 4121 998 4188 irretirer¹
1018 4097 1059 4171 de
1078 4097 1210 4194 fratri·
1234 4106 1325 4194 quiri
1353 4108 1497 4186 contium
1526 4107 1683 4177 nimirum
1711 4104 1844 4179 libertis
1866 4104 2011 4181 filiorum
2035 4115 2064 4183 in

249 4219 255 4246 ·'
372 4201 518 4299 bussuli
540 4210 628 4296 (quie
646 4205 758 4274 omnia
770 4204 806 4273 in
821 4199 955 4292 vulgata
970 4196 1119 4272 versane
1134 4199 1206 4271 lati-
1230 4205 1450 4278 matrimoniis
1467 4205 1699 4275 contrahendis
1732 4232 1799 4277 non
1827 4207 1875 4278 est
1897 4203 2064 4296 absoluto,

371 4335 414 4382 na
436 4300 509 4378 sant
528 4299 664 4386 omissa).
715 4299 842 4373 Habuit
859 4324 942 4391 ergo
963 4295 1086 4371 Tobiae
1101 4297 1123 4370 si
1140 4323 1208 4371 nou
1230 4298 1286 4375 sed
1315 4305 1445 4392 paterni
1474 4299 1644 4375 consensus
1672 4304 1833 4377 limitibus
1858 4301 2064 4381 circumscri-

372 4402 631 4483 individualem,
661 4422 773 4473 tamea
800 4394 973 4487 specialem
998 4400 1101 4487 pariis
1128 4423 1207 4469 con·
1232 4424 1308 4492 pta,
1333 4399 1415 4473 ficut
1438 4406 1543 4490 patria
1562 4405 1702 4492 potestas
1721 4408 1835 4475 itidem
1859 4407 1990 4488 nonest
2011 4408 2064 4479 ab·

372 4500 519 4583 sensum,
545 4504 666 4589 deque
683 4497 890 4571 liuiiiutdne
904 4492 1056 4586 pluribus
1078 4498 1208 4570 dicetur
1232 4498 1362 4580 solutu,
1389 4523 1427 4572 ut
1455 4505 1495 4574 ad
1524 4505 1774 4574 matrimonium
1801 4502 1922 4573 liberor
1948 4529 2064 4600 cogere

247 4655 250 4660 -
370 4600 521 4675 inseriui.
557 4610 606 4694 g.)
638 4601 736 4672 Neve
764 4597 829 4668 ulla
855 4598 954 4669 restet
979 4592 1141 4668 dubitatio
1165 4600 1207 4668 de
1231 4595 1340 4689 pollii.
1400 4596 1466 4670 alii
1493 4596 1715 4687 respondent,
1752 4607 1786 4671 in
1814 4599 1872 4671 illo
1903 4628 1976 4690 cap.
2000 4630 2064 4678 nou

369 4695 527 4774 consensu
544 4693 677 4769 senioris
691 4690 832 4780 Tobiae,
857 4690 1104 4766 considerentur
1132 4720 1208 4768 ver·
1232 4701 1345 4790 rigide
1369 4701 1581 4770 matrimonio
1600 4702 1838 4779 contrahendo,
1860 4697 1915 4772 sed
1931 4707 1974 4777 de
1991 4729 2064 4793 pro·

355 4795 637 4890 brangetitob.
660 4794 723 4866 Vl.
748 4817 800 4884 ¹7·
853 4790 934 4866 Non
953 4817 986 4865 er
1002 4816 1126 4867 memor
1141 4790 1207 4884 fer·
1232 4794 1367 4870 feffiune
1391 4800 1594 4870 monastices.
1649 4823 1692 4887 3..
1718 4798 1911 4871 Ainbiolius
1931 4801 2064 4876 electio.

372 4923 527 4977 manuni,
552 4919 633 4993 quus
650 4895 809 4990 pracepit
824 4891 889 4970 tilii
910 4902 1006 4989 pater
1025 4904 1103 4966 tuni
1117 4889 1212 4989 snper
1237 4923 1312 4968 neni
1332 4899 1440 4967 mariti
1463 4892 1535 4966 filice
1557 4897 1745 4985 relinquens
1769 4898 1928 4980 liberam,
1954 4902 2064 4976 itidem

325 5030 336 5057 s
370 4997 572 5095 accipienda
591 4992 658 5068 tibi
672 5018 780 5066 uxore
799 4992 969 5087 degenere
984 5003 1060 5074 tuo,
1089 4989 1157 5067 &a
1235 4993 1299 5067 hoc
1327 4994 1485 5086 intelligit
1500 5000 1545 5089 'de
1565 4994 1717 5070 libertate
1745 5023 1821 5069 cuni
1851 4998 2010 5072 limitibus
2035 5004 2064 5073 iii

373 5113 581 5226 H'mjm
687 5105 720 5176 §r
743 5098 929 5166 LXXthii
955 5088 1115 5165 Alterum
1132 5090 1200 5167 fan·
1236 5095 1340 5171 verbo
1368 5099 1434 5165 Dei
1456 5091 1653 5183 ptael'eriptis
1680 5088 1910 5188 congruente3
1949 5098 2064 5175 diserte

391 5191 540 5296 cimaco,
586 5289 590 5294 Ι
626 5193 963 5292 conminuunt
991 5190 1211 5278 nestorianus
1232 5196 1323 5274 eain
1340 5196 1449 5272 additi
1479 5190 1523 5272 Si·
1544 5193 1709 5272 lioiiii'nent
1732 5207 1886 5276 amarent
1903 5198 1995 5297 filia
2018 5224 2064 5274 ue

1962 5301 2060 5412 iri.

265 5279 276 5296 '
328 5287 339 5326 l
