4884 5984
352 547 403 633 ⁷0
652 515 834 652 toris
858 451 1005 597 iiiiii.
1029 515 1172 625 ‚ffl-
1199 522 1266 595 iii
1314 449 1460 594 ster.
1482 518 1533 589 ιι.
1586 509 1761 592 nitra,

355 721 481 808 deficit.
517 721 623 804 Posset
640 727 740 800 etiom
752 722 929 815 distingui:
946 726 994 806 a)
1012 718 1101 794 inter
1116 739 1197 791 oon·
1219 717 1315 811 gium
1332 740 1373 789 eo
1394 713 1494 786 modo
1512 707 1576 785 fuit
1590 714 1798 797 institutum,
1823 713 1867 788 ut'
1884 738 1946 789 nec
1968 715 2072 791 idi:-

231 841 236 847 '
356 825 484 907 scissum
512 838 711 928 parastum,
738 850 776 900 ic
797 834 945 898 tatarum
971 817 1013 895 is
1035 829 1197 917 cognata·
1221 840 1294 889 mus
1316 808 1375 888 suo
1395 813 1535 886 arbitrio
1552 811 1610 884 sibi
1633 810 1783 903 sponsam
1806 814 1973 909 eligeret,
1997 840 2065 890 nec

357 953 457 1012 rums
485 928 533 1021 b.)
553 932 642 1002 inter
658 918 850 1001 consensum
863 922 979 1024 patris
996 947 1035 994 oc
1048 918 1195 997 aiaaisi
1222 921 1290 990 fiii
1310 910 1368 988 suo
1385 911 1521 986 confilio
1537 906 1692 1003 sponsum
1709 908 1768 985 libi
1788 936 1977 1004 quareret,
2001 912 2061 989 sed

359 1042 404 1124 c.)
418 1033 505 1103 inter
519 1022 900 1115 consensumpirentum
921 1023 1061 1097 tacitum
1081 1016 1122 1095 &l
1138 1041 1198 1091 ex·
1222 1037 1259 1090 tit
1282 1016 1347 1089 Dei
1363 1012 1515 1087 voluntis
1543 1014 1795 1094 intercederet,
1834 1015 1892 1104 qui
1913 1016 2069 1106 potentis·

354 1126 524 1231 preffiims
565 1128 623 1222 d.)
647 1129 734 1198 inter
761 1118 953 1197 eonsensum
981 1117 1196 1218 generalem'·‚
1222 1116 1334 1188 locuni
1362 1111 1530 1196 obtinuit,
1558 1116 1638 1186 luc.
1662 1107 1803 1204 111.3i.
1828 1135 1927 1202 itque
1955 1118 2063 1189 Evam
2099 1153 2102 1160 ·

350 1226 535 1332 specialem
559 1225 601 1302 si
622 1222 867 1300 individualem
880 1250 892 1302 ,·
920 1228 965 1306 e.)
993 1224 1081 1293 inter
1114 1217 1196 1292 libe·
1221 1236 1340 1305 utpote
1359 1211 1461 1286 filium
1479 1208 1568 1283 suom
1594 1213 1722 1285 Adomo
1739 1213 1900 1298 seduxit,
1934 1221 1969 1288 dc
1986 1239 2087 1286 ιιιι..

357 1356 414 1406 ros
437 1332 642 1428 majorentes
655 1349 696 1399 ac
718 1325 941 1403 minorennes,
963 1321 999 1395 id
1013 1321 1084 1403 est,
1109 1321 1197 1392 inter
1220 1314 1277 1407 plo
1296 1339 1374 1387 cum
1393 1315 1472 1386 dote
1489 1315 1643 1384 eimdein
1666 1309 1727 1402 ipsi
1746 1308 1899 1387 elocivit.
1967 1316 2062 1405 Ergo
2097 1313 2102 1322 '

241 1447 244 1452 '
358 1455 440 1521 eos,
467 1432 527 1522 qui
545 1454 564 1502 e
580 1430 687 1519 petris
707 1426 868 1516 potestate
885 1424 1056 1503 exierunt,
1079 1428 1114 1495 di
1126 1443 1205 1505 cos„
1219 1425 1312 1505 iuxta
1332 1413 1417 1487 hone
1437 1435 1591 1484 normom
1606 1410 1757 1503 legitimo
1774 1414 1931 1505 coniugio
1950 1410 2062 1489 odhuc

359 1534 419 1622 qui
446 1526 504 1603 sub
533 1527 642 1621 petris
672 1526 832 1618 potestate
860 1521 971 1596 idhuc
1001 1520 1196 1598 constitutit
1222 1515 1322 1587 hodie
1358 1509 1433 1586 sunt
1463 1511 1687 1592 instituendi,
1723 1536 1790 1600 quo
1817 1507 1996 1602 respiciens
2026 1510 2064 1586 b.

241 1699 244 1706 .
351 1629 410 1727 s.)
435 1630 522 1703 inter
536 1629 668 1720 nuptiis
687 1624 871 1698 liberorum
896 1623 979 1696 citri
1003 1614 1196 1693 consensum
1222 1611 1388 1688 Lutherus
1418 1613 1454 1682 in
1489 1635 1612 1684 comm.
1647 1616 1734 1685 Gen.
1769 1608 1812 1684 ll.
1836 1608 1891 1706 ‘lic
1921 1606 2066 1686 scribite

283 1746 287 1755 ·
359 1751 540 1822 picentum
576 1727 760 1800 contractis
787 1748 864 1797 cum
894 1718 1038 1819 persona
1064 1716 1198 1817 lonasto
1221 1712 1382 1788 Adamas
1399 1708 1517 1785 Evam
1539 1708 1711 1783 conditam
1734 1734 1801 1786 aaa
1823 1732 1866 1802 ra
1890 1710 1921 1785 it
1940 1707 2064 1808 exsiio

360 1851 400 1903 oc
423 1828 524 1926 parii
546 1826 764 1903 conditionis,
791 1832 827 1897 &
850 1822 939 1896 inter
962 1821 1093 1912 nuptias
1117 1842 1198 1891 con·
1221 1812 1394 1899 arbitrio,
1413 1809 1477 1907 sed
1498 1807 1667 1907 exspeiiat
1686 1806 1800 1883 Deam
1821 1833 1843 1884 o
1868 1810 2064 1898 ducentem,

331 1930 483 2003 'mass
504 1950 581 1999 cum
599 1921 742 2023 pessima
756 1922 822 1997 vili
838 1921 1084 1998 &conditionis
1097 1915 1198 2008 plone
1220 1916 1304 2014 ficut
1340 1909 1491 2012 Clirijliis
1519 1932 1643 2008 qaoque
1670 1908 1794 1984 dixit:
1875 1913 1941 1988 uod
1969 1915 2070 1994 Deus

251 2089 259 2104 ,
360 2026 526 2123 impariss
550 2026 715 2123 g.)intcr
730 2020 852 2095 liberos
862 2024 935 2112 post
948 2018 1199 2094 matrimonium
1224 2013 1416 2103 conjunxit,
1454 2010 1557 2082 bomo
1580 2036 1648 2083 non
1674 2003 1826 2102 seporets
1928 2009 2068 2113 uidetur

221 2142 232 2155 '
361 2124 430 2201 fine
449 2146 629 2217 potentum
646 2116 805 2197 consensu
833 2124 1042 2194 contractum
1061 2112 1199 2190 laniili'·
1223 2112 1287 2188 liac
1314 2107 1389 2209 ipsa
1419 2109 1548 2185 alliam
1576 2108 1671 2183 Deris
1693 2107 1892 2207 parentibus
1916 2107 2069 2208 preire,

362 2233 414 2303 ier
442 2222 595 2317 ipsorum
621 2220 784 2297 volunnti
810 2214 876 2294 sese
902 2216 1132 2308 subjicientes,
1163 2223 1198 2290 di
1226 2211 1268 2289 is
1291 2210 1373 2310 quid
1409 2207 1555 2307 ipsdriim
1591 2231 1716 2383 piloque
1738 2213 1983 2386 infferiiino
2018 2210 2067 2286 cii

281 2329 284 2334 '
356 2324 580 2425 pertinaciter
593 2324 718 2396 eisdem
734 2318 898 2393 obluttiri
921 2341 1123 2411 pergentem
1152 2312 1200 2399 li.)
1223 2340 1240 2416 e
1265 2313 1314 2399 it,
1339 2314 1518 2412 monstrare
1547 2334 1589 2385 ao
1606 2312 1643 2383 iii
1668 2336 1706 2398 e,
1734 2310 1772 2384 ill
1830 2308 2000 2408 scilicet,
2026 2319 2067 2387 ist

361 2429 451 2501 inter
479 2421 678 2498 decisionem
713 2420 811 2508 huius
842 2419 1025 2508 questionis
1051 2420 1090 2508 iii
1114 2413 1199 2509 soro
1251 2413 1408 2511 liisjiislo
1422 2411 1537 2484 atatis
1554 2419 1699 2509 tempore
1723 2408 1765 2484 de
1789 2408 1956 2486 uxoribus
1985 2434 2067 2510 pro·

358 2521 533 2623 judiciali,
555 2520 622 2595 sive
642 2515 805 2609 politico,
832 2527 867 2591 δι
892 2514 1090 2588 decisionem
1116 2522 1202 2602 ejus·
1217 2512 1392 2611 spiciunt,
1421 2507 1463 2583 ss
1472 2508 1620 2609 filiabus
1640 2512 1783 2585 maritas
1808 2511 1868 2585 lioe
1887 2510 1984 2682 (teti
2012 2510 2068 2586 ai-

365 2626 444 2699 dem
468 2625 505 2695 in
514 2621 598 2717 foro
618 2615 866 2716 poenitentiali,
888 2613 954 2687 sive
976 2610 1200 2697 conscientie,
1225 2615 1305 2687 vino
1328 2608 1465 2727 ancilia
1488 2608 1673 2685 adducant.
1725 2613 1830 2705 Quod
1847 2615 1882 2702 ip
1900 2637 1956 2684 um
1973 2634 2011 2683 ιιι
2027 2610 2067 2686 sit

362 2723 577 2812 nequeenim
597 2715 775 2806 utrobique
790 2718 825 2787 in
838 2710 1007 2804 proposito
1024 2714 1200 2801 quaestione
1226 2708 1456 2799 manifestius,
1493 2713 1676 2783 notandum
1702 2713 1779 2793 est,
1822 2711 1995 2786 Christum
2025 2734 2067 2784 er

363 2823 454 2896 idem
484 2815 676 2909 responderi
704 2811 813 2905 posse,
838 2813 973 2902 quidam
993 2813 1201 2892 existimanti
1226 2816 1386 2906 primevo
1401 2811 1551 2901 conjugii
1578 2812 1782 2884 institutione
1814 2820 1849 2887 δι
1877 2813 2069 2901 primorum

364 2914 420 2994 sed
435 2921 514 3008 quid
538 2921 581 2992 de
606 2910 693 2987 hisce
710 2908 973 3000 diffinitionibus
993 2911 1202 2984 statuendum
1225 2930 1402 3003 pirentum
1419 2908 1630 2996 copulatione
1646 2912 1812 2985 deducere
1844 2910 1908 2983 hoc
1932 2913 2068 2987 thwro-

364 3015 424 3105 sit,
448 3016 576 3109 patebit
593 3039 633 3090 ex
651 3007 872 3101 sequentibus.
1226 3036 1302 3097 mo,
1328 3012 1417 3098 quod
1445 3003 1539 3081 Deus
1560 3006 1669 3082 adhuc
1687 3008 1787 3083 hodie
1805 3005 2070 3103 leditiinoscon*
2099 3025 2101 3032 '

699 3120 728 3204 §.
753 3116 841 3184 ΗΧ.
879 3109 941 3183 His
961 3110 1007 3182 itii
1027 3104 1200 3200 premissis
1223 3119 1319 3204 juges
1336 3109 1480 3181 invicem
1496 3111 1682 3203 conjungat
1704 3109 1825 3183 bistili.
1843 3109 1938 3183 ΧΙΧ.
1955 3120 1989 3184 6.
2003 3106 2070 3183 hoo

259 3301 267 3310 .
309 3247 319 3254 -
364 3211 420 3279 Ar
463 3217 564 3276 menta
622 3212 838 3301 producimus
878 3210 995 3281 nostrae
1032 3203 1199 3282 sententia
1224 3211 1289 3297 est,
1316 3209 1406 3297 quod
1437 3212 1529 3279 Deus
1557 3229 1637 3280 tune
1658 3211 1819 3301 temporis
1843 3204 1925 3281 fecit
1948 3209 2075 3285 imme«

373 3229 572 3385 immisi*
623 3307 844 3383 firmamento.
907 3303 1063 3382 Primam
1098 3331 1200 3400 orgu-
1224 3310 1334 3392 diote,
1359 3302 1532 3379 visibiliter
1554 3304 1813 3394 icmiuifelle,
1840 3307 1874 3378 id
1891 3303 2001 3397 ipsum
2017 3304 2068 3382 fe*

228 3447 241 3462 ,
307 3503 313 3510 .
364 3380 574 3536 nti'ffjsffn
621 3432 812 3482 mentorum
833 3402 963 3504 clplsem
994 3408 1138 3498 petimus
1159 3430 1200 3479 ex
1222 3432 1299 3482 cere
1316 3406 1425 3479 odhiic
1442 3402 1542 3480 hodie
1558 3407 1593 3480 in
1619 3405 1778 3501 legitimis
1806 3408 1971 3504 conjugiis
1999 3415 2074 3482 med
2105 3415 2111 3420 “

234 3546 240 3553 ·
384 3501 506 3606 divino,
520 3532 573 3595 nas·
617 3509 694 3605 jare
713 3507 856 3591 divino,
889 3503 954 3580 live
980 3531 1019 3578 ex
1042 3502 1138 3578 sicr'n
1160 3502 1201 3575 li·
1225 3510 1339 3587 dicte,
1371 3504 1581 3579 iniifibiliter
1603 3514 1638 3582 te
1664 3505 1822 3595 occulte,
1849 3532 1889 3581 ei
1915 3530 1982 3595 quo
1997 3517 2072 3581 no·

404 3616 535 3679 occurrit
585 3623 593 3636 ⁸
622 3609 713 3680 teris.
764 3607 818 3678 Ad
835 3628 934 3694 quom
954 3602 1131 3678 referimus
1156 3603 1200 3697 l.)
1225 3605 1276 3677 bis
1302 3604 1617 3697 toleotgumcntum
1632 3600 1795 3679 noscitur:
1809 3605 2073 3681 Matrimonium

365 3695 412 3775 b)
434 3690 555 3788 Ulisi?
624 3705 777 3780 diuinam
788 3704 943 3800 conjugii
949 3704 1198 3804 institutionem.
1224 3704 1415 3798 legitimum
1433 3729 1471 3776 oc
1487 3727 1598 3778 ritum
1619 3702 1693 3778 tilis
1720 3705 1822 3780 debet
1845 3701 1909 3796 else
1931 3713 2076 3794 conjunc
2108 3760 2112 3773 ,

386 3791 574 3919 Μῖᾝὲἕμ
623 3806 774 3900 Quidam
789 3798 951 3895 pontificii
968 3828 1008 3877 eii
1025 3802 1136 3879 verbis
1149 3804 1201 3874 in·
1225 3805 1313 3892 elio,
1341 3824 1378 3875 ut
1392 3811 1463 3892 ejus
1482 3806 1600 3877 auctor
1620 3812 1655 3879 &
1680 3804 1873 3903 conciliator
1886 3809 1979 3878 Deus
2000 3800 2073 3897 ipse

624 3905 799 3976 stitutionis
825 3901 1099 3976 matrimonialis:
1135 3899 1202 3979 Re·
1226 3900 1342 3976 liobeti
1358 3897 1468 3994 pollii.
1520 3906 1625 3994 Atqui
1647 3907 1890 3987 matrimonio,
1922 3929 1995 3994 quc
2020 3909 2071 3978 in·

366 4005 494 4103 linquet
513 4000 611 4075 homo
628 4014 760 4101 patrem
787 3997 828 4075 ΕΞ
848 4012 987 4075 matrem
1005 3999 1132 4100 sitam,
1160 3997 1202 4078 ss
1228 3995 1318 4087 sciis,
1358 3999 1413 4075 vel
1443 4003 1554 4075 invitis
1583 4002 1777 4095 perentibus
1800 4001 2044 4078 contrahuntur
2059 3995 2105 4088 ,²

365 4100 552 4186 adherebit
567 4105 670 4177 uxori
682 4100 774 4199 suaes
788 4099 934 4193 probare
951 4097 1122 4195 sstogunt,
1141 4124 1201 4193 pi·
1226 4126 1294 4176 non
1308 4096 1383 4173 sunt
1398 4098 1480 4175 tiles
1496 4106 1758 4191 conjunctiones.
1808 4108 1900 4196 Ergo
1914 4127 1981 4176 non
1995 4098 2072 4180 sunt
2099 4141 2102 4148 ·

363 4228 501 4283 rentum
528 4197 721 4278 consensum
750 4226 818 4274 non
853 4196 916 4274 esse
948 4202 984 4274 iii
1016 4200 1200 4275 liberorum
1226 4203 1437 4274 matrimonio
1466 4203 1616 4292 legitimo
1645 4227 1684 4275 iic
1710 4225 1792 4277 roto.
1862 4198 2072 4300 Adsamtum

363 4305 489 4398 nuptiis
506 4298 745 4381 necessirium,
770 4303 813 4374 de
834 4325 899 4391 qui
925 4302 1201 4391 interpretatione
1225 4298 1420 4391 probetur,
1458 4302 1537 4390 quis
1567 4323 1685 4375 contri
1712 4307 1830 4392 prime
1859 4304 2073 4376 institutionis

249 4433 254 4440 ·
362 4407 446 4497 quid
461 4406 667 4488 statuendum
681 4402 743 4480 fit,
759 4400 906 4474 'titinius
924 4395 1074 4493 superius
1092 4411 1125 4492 p
1140 4418 1199 4491 45.
1228 4399 1381 4493 regulum
1400 4408 1435 4480 de
1458 4421 1575 4476 contri
1598 4398 1787 4493 expressum
1808 4403 1875 4476 Dei
1900 4401 2074 4486 verbum,

303 4586 315 4602 ,
364 4510 442 4579 Hoc
466 4501 540 4575 loco
558 4499 639 4574 illud
653 4504 811 4573 duntoxot
828 4522 1027 4574 monemus,
1055 4525 1096 4573 ex
1114 4502 1202 4574 divi·
1229 4518 1266 4572 ut
1288 4501 1401 4590 poster
1429 4497 1642 4591 odpirebit‚
1680 4502 1932 4576 contrabuntur.
2007 4502 2074 4577 sed

364 4627 409 4676 nc
426 4601 574 4690 conjugii
595 4600 799 4673 institutione
813 4602 1016 4678 contririiim
1028 4593 1119 4692 polle
1135 4598 1203 4674 col-
1228 4598 1307 4671 buic
1323 4622 1523 4691 argumento
1542 4623 1604 4674 nec
1625 4602 1733 4690 unice,
1753 4626 1815 4680 nee
1834 4603 2003 4692 precipue
2021 4602 2075 4676 iii·

365 4699 444 4796 ligi,
470 4696 627 4772 videlicet
647 4691 839 4771 consensum
860 4720 1038 4790 parentum
1061 4700 1096 4770 in
1118 4696 1204 4775 libe·
1227 4696 1374 4771 sistimus.
1429 4702 1592 4774 Addimus
1614 4723 1700 4793 ergo
1828 4734 1830 4738 ’

364 4822 480 4877 rorum
498 4800 621 4887 nuptiis
638 4797 773 4872 omnino
790 4793 854 4871 else
869 4793 1097 4879 necell‘iriiiin,
1111 4799 1203 4887 quod
1275 4808 1305 4892 ς.
1323 4798 1395 4872 lx.
1422 4791 1492 4893 ll.)
1514 4793 1686 4872 ,Divinam
1695 4797 1810 4898 jafflo·
1858 4820 1908 4901 2)
1937 4801 2076 4894 Divi„

366 4898 411 4976 fic
441 4898 725 4972 demonstremus:
777 4897 985 4988 Conjugiuui
1014 4898 1203 4989 primorum
1226 4919 1325 4983 nera,
1370 4917 1443 4970 tum
1475 4898 1696 4994 generalem,
1739 4921 1811 4972 tum
1907 4901 2006 4989 sufflo·

261 5074 278 5090 „
363 5017 542 5094 picentum
563 5000 683 5071 merito
701 4989 852 5068 censetur
871 5020 989 5076 nornis
1008 5022 1047 5070 ic
1067 4994 1176 5070 sormi
1192 5047 1204 5081 ,
1219 4993 1415 5095 sitirialeni.
1474 4993 1655 5074 Generalis
1684 5022 1812 5089 propo·
1966 5003 1968 5008 ’

362 5106 454 5188 iusto
470 5119 570 5183 quim
591 5097 748 5188 conjugii
768 5091 917 5186 legitimo
939 5090 1013 5168 sunt
1033 5097 1204 5171 instituen
1228 5097 1319 5170 nitur
1345 5099 1381 5170 iii
1406 5121 1526 5190 quitto
1555 5119 1724 5191 precepto
1764 5101 1868 5175 Eiod.
1895 5107 1978 5178 -ΧΧ,
2013 5131 2073 5188 iis

362 5198 414 5276 di
464 5200 542 5290 Jioi
566 5219 648 5278 iero
668 5195 860 5334 primorum
878 5216 1063 5294 amentum
1088 5204 1208 5293 conju·
1228 5193 1375 5286 Horra
1404 5209 1540 5306 paneas
1577 5208 1673 5280 mat
1709 5192 1753 5276 si
1777 5210 1921 5284 aiatren
1949 5214 2074 5392 ,earum05

564 5327 579 5344 r
799 5337 810 5346 .
1146 5345 1150 5352 .
1508 5333 1510 5338 -
1846 5319 1849 5325 ·
1935 5351 1940 5360 .
1980 5331 2004 5402 q

998 5474 1006 5534 i
