4884 5984
345 505 414 578 142
533 567 562 594 f
728 467 1078 565 Locvsxxvr.
1130 487 1333 566 onnrv.
1382 493 1625 566 securri.

354 686 441 760 xime
469 681 490 758 fi
508 685 626 782 jurato
655 685 716 756 finr
738 684 903 775 promissa.
957 692 995 761 ld
1011 692 1105 778 quod
1125 693 1175 761 in·
1199 685 1290 760 sultis
1308 709 1406 774 atque
1426 683 1533 758 insciis
1556 683 1749 774 parentibus
1774 682 2031 762 constituuntur.

351 786 571 876 telligendum
590 810 667 856 cum
685 786 810 874 duplici
832 786 1046 860 limitatione:
1065 790 1176 884 primo
1202 793 1252 859 Ac
1269 784 1345 857 talia
1362 779 1518 873 sponsalia
1540 787 1634 856 irrita
1658 781 1729 855 sunt
1751 787 2003 873 pronuncianda
2016 819 2038 872 ,-

353 883 411 955 nili
430 888 527 956 etiem
543 882 681 979 publica
687 881 867 981 sponsalia
882 886 934 958 vel
947 887 1177 978 praecesserint,
1203 883 1226 955 fi
1251 884 1304 957 vel
1330 886 1471 954 maxime
1489 907 1600 954 coram
1622 883 1774 971 pluribus
1799 882 1935 952 testibui
1956 879 2032 957 fo&

357 984 410 1055 vel
430 981 536 1053 secuta
556 983 700 1055 suerint:
726 981 871 1079 securrdo
894 983 918 1056 sr
946 988 1180 1060 contrahentes
1204 987 1272 1056 rint
1288 987 1478 1059 contraista,
1502 1003 1539 1051 uc
1561 983 1710 1072 graviter
1729 981 1853 1053 ibidem
1878 1005 2031 1067 pronun·

354 1106 420 1152 non
442 1080 502 1151 lint
520 1077 578 1152 sub
597 1083 702 1155 aliena
723 1086 905 1173 potestate,
931 1078 985 1156 sed
1008 1083 1054 1157 sui
1077 1089 1179 1173 juris;
1206 1085 1271 1154 ciat
1290 1081 1481 1158 Lutlterus,
1509 1082 1544 1152 ἃ
1565 1105 1604 1149 ex
1627 1078 1848 1152 fundamentis
1864 1081 1907 1149 de
1919 1104 2034 1167 parer.

354 1175 481 1250 diversa
499 1183 587 1252 enim
604 1184 688 1253 ratio
709 1186 755 1253 est
777 1181 980 1264 liberorum,
1002 1188 1058 1272 qui
1072 1183 1181 1254 adhoc
1205 1185 1240 1252 ni
1256 1178 1426 1254 consensus
1447 1173 1634 1250 necessitate
1655 1175 1968 1265 superlusadduuis
1982 1177 2046 1262 so,

354 1274 429 1350 sont
449 1273 508 1349 sub
525 1282 632 1367 patria
654 1284 839 1369 potestate,
865 1280 999 1354 illorum
1023 1278 1182 1372 sponsalia
1205 1279 1268 1351 cile
1289 1282 1436 1364 adparet.
1487 1278 1613 1347 Frustra
1635 1278 1738 1366 igitur
1759 1274 2034 1352 Bellarminusde

320 1435 325 1442 .
354 1375 477 1463 absque
491 1373 647 1449 consensu
665 1401 843 1466 parentum
859 1383 943 1452 inito
956 1404 1023 1451 non
1042 1375 1115 1453 sunt
1131 1406 1182 1451 ra·
1207 1377 1351 1450 matrim.
1363 1373 1531 1463 caplllll.
1549 1386 1583 1462 ς.
1597 1398 1624 1460 3.
1642 1370 2034 1464 adcusathenmitium,

355 1497 407 1562 ta,
432 1474 456 1546 li
477 1473 530 1548 vel
548 1478 690 1548 maxime
704 1503 742 1548 ea
756 1474 939 1566 fateantur,
964 1489 999 1553 oc
1016 1488 1185 1568 juramen·
1207 1478 1298 1565 quod
1333 1470 1522 1567 cotzsundar
1553 1473 1772 1544 matrimonia
1785 1470 1944 1570 filiorum
1961 1476 2037 1574 sm

315 1593 321 1598 ·
355 1595 391 1648 to
412 1569 539 1645 firmata
565 1571 628 1646 esse
649 1574 845 1650 obtendant.¹
895 1577 998 1669 Quod
1025 1577 1049 1648 sr
1074 1574 1184 1669 publi·
1209 1570 1363 1669 consenso
1382 1581 1558 1669 parentum
1580 1570 1750 1645 contrado
1765 1596 1837 1643 cum
1858 1574 2038 1660 monimo·

352 1697 391 1745 ca
411 1683 445 1746 δι
459 1672 658 1744 claudestina
673 1671 831 1764 sponsalia
852 1699 1065 1758 concurrant,
1071 1675 1189 1774 publi,
1210 1675 1278 1748 uiis
1304 1671 1534 1771 clandestinis,
1560 1695 1633 1742 curn
1644 1671 1727 1767 fieri
1748 1694 1795 1767 po
1821 1682 1871 1757 rt,
1903 1684 1950 1778 ‘ut
1965 1697 2039 1749 mu·

354 1792 394 1842 co
424 1769 639 1869 clandestinis
654 1768 738 1867 sunt
757 1773 995 1870 praeferenda,
1022 1801 1054 1848 c.
1079 1775 1119 1846 ll.
1144 1777 1187 1846 ‹le
1212 1771 1467 1868 trinroniumfil
1486 1767 1745 1868 clurtdestinum,
1834 1781 1945 1845 lamen
1964 1797 2039 1849 nem

356 1868 511 1942 clandest.
530 1866 678 1959 despons.
700 1870 766 1944 sive
775 1871 909 1962 publica
923 1873 1130 1952 clutdcslinis
1140 1898 1189 1943 ra·
1210 1881 1387 1971 parentum
1410 1866 1564 1964 consensu
1584 1869 1804 1955 contrabium,
1832 1865 1873 1943 ὅ
1890 1883 2039 1962 contra,

357 1968 1193 2059 tionetemporissunpriorafiveposterioral‘ubli·
1215 1971 1393 2068 utnonstt
1411 1965 1672 2065 clandestinum,
1691 1966 1755 2064 sed
1777 1966 1972 2063 poblicum,
1998 1969 2042 2047 Θ

356 2090 394 2138 ca
414 2070 502 2138 enim
524 2065 709 2140 conformia
732 2066 805 2140 sunt
824 2073 1018 2141 institutioni
1039 2071 1186 2161 conjugii
1211 2093 1324 2145 coram
1339 2067 1492 2166 ecclesta,
1521 2063 1562 2137 ff
1584 2077 1694 2140 tomen
1719 2065 1834 2161 insciis
1859 2063 1900 2142 &
1920 2070 2043 2148 invitis

356 2165 549 2238 &honestis
568 2166 722 2256 legibus,
746 2168 944 2240 clandestina
966 2195 1047 2242 vero
1070 2173 1188 2240 iisdem
1209 2166 1406 2271 parentibus
1428 2162 1637 2237 celebratam.
1705 2169 1809 2254 Atqui
1837 2167 2067 2262 distinguere

355 2287 567 2356 repugnant,
590 2265 646 2335 illa
668 2268 771 2357 igitur
787 2266 840 2336 his
860 2271 980 2338 merito
1004 2266 1189 2356 preferun·
1212 2270 1357 2344 debebat
1377 2263 1594 2337 Bellarminus
1615 2267 1703 2336 inter
1720 2260 1882 2337 diversam
1905 2267 2042 2343 clande-

270 2409 277 2416 -
358 2383 440 2445 tur,
480 2389 541 2436 uec
577 2366 757 2450 quidquam
792 2361 919 2450 refert,
957 2364 1023 2437 five
1055 2366 1189 2454 publica
1214 2372 1372 2441 stinorunr
1403 2360 1641 2452 sponsaliorum
1671 2366 1909 2451 acceptionem.
1956 2363 2077 2442 Pro'a·

326 2527 330 2534 .
357 2456 516 2548 sponsalia
544 2459 790 2549 precesserint,
823 2462 887 2534 sive
909 2462 1018 2536 secuta
1038 2463 1189 2541 fuerint,
1210 2465 1287 2565 prie
1309 2466 1397 2536 enim
1420 2486 1458 2532 ac
1470 2461 1583 2558 stride
1604 2460 1802 2532 clandellina
1822 2459 1980 2558 sponsalia
1992 2465 2046 2540 di·

359 2562 436 2646 quia
453 2557 541 2653 quod
558 2557 601 2632 ab
617 2560 719 2632 initio
741 2558 919 2656 vitiosum,
946 2561 1054 2635 trodo
1068 2573 1191 2658 ternpo-
1214 2585 1357 2643 contur,
1375 2585 1446 2647 que
1465 2554 1597 2647 prorsus
1613 2559 1699 2632 clam
1713 2570 1746 2633 oe
1758 2563 1891 2633 nemine
1907 2567 2045 2637 omnino

289 2717 292 2721 .
360 2658 412 2730 ris
431 2680 498 2730 non
520 2655 729 2753 convalescit.
782 2663 861 2732 Ideo
879 2664 968 2747 quod
991 2660 1192 2734 clandestina
1214 2657 1638 2754 prasentecontrahuntur.
1694 2652 2047 2740 Courmunilerautem

360 2759 518 2828 dicuntur
531 2753 718 2836 subsistere,
739 2781 776 2830 ea
790 2761 980 2830 conditione
998 2759 1187 2849 intelligeu-
1215 2774 1250 2836 &
1272 2758 1367 2853 sorge
1386 2756 1585 2842 clandestina
1605 2779 1785 2839 vocantur,
1810 2784 1880 2845 que
1903 2763 2048 2852 inpre-

222 2876 223 2881 ’
359 2857 459 2940 dum,
481 2853 503 2924 sr
525 2880 637 2928 coram
663 2854 803 2926 honestis
826 2859 904 2928 viris
926 2860 1037 2928 denuo
1055 2853 1190 2929 consen·
1215 2858 1315 2932 sentia
1333 2858 1467 2944 quidem
1486 2857 1627 2939 testium,
1647 2854 1712 2927 five
1726 2860 1846 2929 testato
1869 2856 1941 2930 sunt
1965 2885 2049 2933 con·

357 2947 430 3023 sum
445 2949 536 3024 soum
557 2978 668 3043 partes
687 2954 920 3027 contrahentes
942 2956 1130 3043 explicent,
1155 2965 1190 3029 oe
1216 2962 1339 3035 tracta,
1369 2951 1420 3023 sed
1446 2976 1556 3023 tamen
1582 2952 1648 3024 stne
1676 2977 1852 3043 otrentum
1877 2955 2065 3032 consensu.-

267 3113 270 3118 .
359 3049 422 3122 hac
449 3054 575 3124 ratione
601 3078 639 3122 ex
659 3051 865 3123 clandestinis
886 3050 1087 3146 sponsalibus
1111 3052 1190 3124 fiant
1215 3061 1305 3130 Cum
1326 3054 1415 3125 enim
1445 3056 1479 3122 in
1502 3051 1565 3121 illis
1595 3050 1677 3123 destt
1707 3051 1842 3140 publica
1868 3073 2049 3142 parentum

359 3148 518 3238 publica,
559 3148 655 3237 quale
682 3150 872 3238 exemplum
896 3155 930 3222 in
953 3157 1038 3224 Boaz
1066 3176 1192 3242 propo·
1216 3156 1392 3226 auotoritas
1421 3145 1567 3236 expressa
1595 3153 1659 3222 Dei
1690 3149 1764 3242 lege
1799 3156 1834 3224 in
1862 3151 2049 3230 liberorum

362 3249 454 3330 nitur
474 3245 579 3321 Ruth.
603 3246 662 3319 lll.
688 3271 739 3321 12.
760 3273 790 3320 c.
819 3247 881 3320 lV.
907 3270 940 3335 9.
1010 3252 1193 3348 Quomodo
1217 3254 1341 3339 nuptiis
1366 3246 1540 3334 requisitor
1567 3250 1641 3319 ideo
1662 3246 1750 3320 lraud
1773 3252 1942 3326 immerito
1959 3255 2052 3328 clon-

362 3366 474 3418 autem
496 3342 654 3434 sponsalia
679 3342 841 3444 testibus,
865 3346 1082 3443 consefflone,
1104 3345 1194 3443 scri·
1217 3352 1420 3420 destinorum
1443 3341 1680 3435 sponsaliorum
1714 3345 1823 3420 censui
1851 3356 1968 3425 eadem
1991 3357 2052 3427 acl·

357 3454 481 3542 pluro,
509 3442 629 3516 annuli
659 3441 817 3529 datione,
850 3442 966 3543 sponst
998 3442 1040 3519 Εἰ
1058 3443 1191 3543 sponse
1218 3446 1430 3524 scribuntur,
1455 3448 1583 3516 ratione
1605 3445 1835 3534 adpellationis
1863 3454 2051 3538 petitanon

360 3540 603 3638 adpellaiioue,
620 3541 744 3635 fonto,
771 3547 982 3638 juramento,
1012 3542 1083 3619 &a
1114 3569 1193 3636 pro·
1217 3569 1317 3617 tamo
1344 3544 1436 3626 loco,
1463 3569 1596 3630 quamn
1615 3548 1737 3625 niodo,
1765 3550 1852 3632 quod
1870 3573 1984 3624 contra
2004 3551 2051 3624 lc·

362 3642 505 3727 beutur,
543 3640 598 3713 vel
629 3646 798 3714 contracta
833 3640 1102 3730 presumuntur,
1128 3643 1192 3714 late
1217 3667 1276 3736 geo
1298 3653 1332 3716 δι
1355 3651 1405 3729 jus
1429 3641 1629 3729 publicum,
1666 3648 1753 3730 qnol
1776 3642 1967 3720 consensum
1995 3675 2054 3740 pa-

359 3745 495 3831 exponit
511 3743 671 3829 Crpraeur
684 3745 726 3812 de
746 3735 948 3828 sponsalibus
965 3768 1037 3832 cap.
1056 3741 1155 3816 XlV.
1217 3765 1350 3812 tentum
1372 3743 1538 3827 requirit,
1565 3744 1815 3816 contrahantur.
1842 3750 1987 3820 Beullius
2008 3753 2052 3823 de

296 3869 308 3876 ·
428 3846 457 3927 §.
477 3842 626 3912 CXLIV.
681 3841 850 3912 Ceterum
872 3864 949 3910 cum
971 3836 1119 3929 superius
1136 3841 1194 3911 de·
1217 3834 1325 3927 spons.
1345 3864 1379 3927 p.
1405 3859 1459 3909 ra.
1490 3838 1662 3909 Mauserur
1683 3844 1724 3911 de
1741 3863 1836 3931 nupt.
1862 3869 1942 3938 pag.
1971 3869 2052 3939 313.

359 3940 577 4008 monstratum
602 3933 733 4015 fuerit,
768 3935 919 4019 liberos,
958 3939 993 4006 in
1016 3959 1192 4030 parentum
1217 3941 1406 4010 Tarnovius
1428 3936 1503 4008 libr.
1520 3935 1546 4008 l.
1563 3941 1605 4009 de
1625 3942 1815 4014 matrimou.
1831 3967 1902 4035 cup.
1928 3944 1954 4020 l.
1987 3949 2057 4032 Cr.¹

359 4037 520 4123 potestate
546 4035 762 4112 constitutos,
790 4034 913 4122 absque
946 4034 1081 4109 illorum
1110 4033 1193 4107 'con-
1216 4062 1325 4125 praeur
1346 4061 1424 4124 pag.
1447 4057 1525 4123 341.

357 4124 451 4202 sensu
467 4129 649 4204 acc'onlilio
666 4156 733 4201 non
750 4129 840 4218 posl'e
855 4133 1193 4207 matritnoniumcou·
1283 4144 1312 4217 §.
1340 4139 1476 4206 CXLV.
1529 4136 1703 4227 Quaeritur
1733 4137 1796 4209 hoc
1852 4140 2086 4226 sinuessanae*

235 4297 238 4302 .
359 4232 509 4310 trahere,
542 4233 617 4302 ideo
642 4230 674 4301 b.
700 4230 867 4303 Lutlrerus
891 4255 973 4305 tom.
997 4235 1043 4307 V.
1061 4229 1190 4325 Jenens.
1218 4235 1314 4306 loco:
1340 4241 1377 4316 l.)
1410 4226 1607 4330 Qtrottestes
1624 4237 1671 4306 nil
1682 4235 1798 4331 publi·
1847 4222 1884 4283 ne
1908 4223 2056 4305 lpotrjalr‘·

361 4329 488 4401 inlibr.
511 4330 553 4399 de
577 4326 677 4398 caufir
707 4332 850 4402 matrim.
878 4357 958 4424 pag.
984 4359 1066 4419 239.
1090 4336 1192 4404 etiam
1218 4328 1797 4428 caspulllllla&quisalius-‘14⁰-
1838 4299 2056 4468 sbplssjscgngl]

361 4427 417 4499 illa
437 4450 532 4498 vocat
549 4425 771 4525 clandestino,
795 4453 867 4515 que
894 4432 936 4502 ab
956 4432 1018 4512 iis,
1046 4436 1103 4520 qui
1127 4457 1193 4502 non
1220 4434 1532 4524 tomannusclecall.
1552 4441 1587 4505 ὃ(
1608 4435 1674 4505 inc.
1697 4458 1793 4522 nupt.
1895 4461 1993 4528 prim,

364 4520 1193 4626 suntsuijuris,absqueconsensoeorrnn.subquo·
1220 4555 1308 4620 part.
1339 4525 1398 4598 lll.
1422 4554 1493 4618 cap.
1521 4532 1579 4601 lll.
1606 4537 1697 4604 reue
1722 4559 1795 4605 mo·
1843 4539 1887 4612 1.)
1915 4541 1994 4623 Qum
2011 4550 2055 4605 te·

368 4650 444 4697 rum
470 4625 629 4711 potestate
654 4617 746 4704 suut,
774 4627 1041 4708 contrahuntur,
1069 4624 1194 4700 etiamsi
1221 4650 1301 4704 net,
1327 4651 1388 4697 nec
1404 4632 1517 4698 divina
1535 4625 1622 4720 lege,
1644 4656 1704 4702 nec
1718 4642 1793 4719 jure
1838 4622 1898 4713 sti?
1914 4705 1919 4714 ,
1934 4624 1967 4682 ³¹¹
1996 4644 2054 4717 pu·-

265 4773 268 4778 ,
365 4722 419 4795 vel
437 4743 571 4793 centum
588 4724 683 4792 telles
699 4719 876 4795 adfuerint.
929 4733 1004 4798 Hoc
1021 4751 1104 4818 ergo
1120 4722 1193 4798 sen-
1221 4724 1313 4798 cirili
1365 4730 1622 4798 determinatum
1668 4733 1798 4802 tollium
1848 4700 2057 4842 blastus*

368 4816 405 4892 su
427 4831 462 4893 δι
482 4815 632 4909 respectu
659 4818 806 4914 publico
822 4817 980 4911 sponsalia
1006 4828 1162 4897 dicuntur
1186 4875 1197 4904 ,
1229 4848 1405 4896 numerum
1422 4829 1575 4914 requiri,
1602 4827 1714 4915 plures
1740 4829 1799 4903 ho·
1874 4800 1931 4843 mn
1947 4803 1999 4846 κγ’

366 4943 438 5008 quae
455 4921 489 4989 in
511 4913 736 5006 presentia&
755 4945 832 4991 cum
851 4919 1006 5009 consensu
1024 4947 1200 5012 parentum
1226 4925 1356 4995 nestatis
1378 4948 1461 5016 ergo
1488 4925 1636 4996 adhiberi
1665 4924 1794 5012 possunt
1814 4957 1824 5013 3
1850 4934 1985 5005 interim
2017 4962 2058 5010 ex

369 5027 405 5094 &
424 5044 559 5098 eorum,
587 5019 642 5106 qui
662 5015 736 5096 loco
758 5018 1049 5120 parentumsunt,
1071 5017 1097 5094 'e
1119 5023 1201 5094 libo·
1227 5049 1286 5101 eo,
1309 5021 1396 5115 quod
1422 5025 1457 5094 in
1480 5047 1534 5097 ore
1555 5025 1705 5102 duorum.
1729 5028 1780 5098 uel
1806 5032 1909 5102 trium
1926 5035 2056 5123 sellium

362 5120 407 5193 ris
425 5116 694 5204 contrahuntur,
722 5113 948 5219 claaufls'aa',
981 5145 1054 5213 que
1084 5124 1205 5197 incoo-
1229 5145 1323 5198 omne
1338 5144 1449 5198 oerum
1466 5125 1631 5225 consistere
1650 5130 1771 5202 dicitur
1784 5134 1887 5207 Dent.
1901 5124 2064 5225 xviia,

752 5285 760 5328 t
1368 5315 1372 5324 .
1965 5232 2063 5325 xlx,
