<?xml version="1.0" encoding="UTF-8"?>
<!DOCTYPE html PUBLIC "-//W3C//DTD XHTML 1.0 Transitional//EN"
    "http://www.w3.org/TR/xhtml1/DTD/xhtml1-transitional.dtd">
<html xmlns="http://www.w3.org/1999/xhtml" xml:lang="en" lang="en">
 <head>
  <title>
</title>
<meta http-equiv="Content-Type" content="text/html;charset=utf-8" />
  <meta name='ocr-system' content='tesseract 3.04.00' />
  <meta name='ocr-capabilities' content='ocr_page ocr_carea ocr_par ocr_line ocrx_word'/>
</head>
<body>
  <div class='ocr_page' id='page_1' title='image "./locitheologicic06cottgoog_0672.png"; bbox 0 0 4884 5984; ppageno 0'>
   <div class='ocr_carea' id='block_1_1' title="bbox 375 427 1892 582">
    <p class='ocr_par' dir='ltr' id='par_1_1' title="bbox 375 427 1892 582">
     <span class='ocr_line' id='line_1_1' title="bbox 375 427 1892 582; baseline -0.006 -17"><span class='ocrx_word' id='word_1_1' title='bbox 375 541 386 548; x_wconf 85' lang='lat'><em>-</em></span> <span class='ocrx_word' id='word_1_2' title='bbox 417 491 486 582; x_wconf 63' lang='grc' dir='ltr'>ιιι</span> <span class='ocrx_word' id='word_1_3' title='bbox 654 483 804 561; x_wconf 76' lang='lat' dir='ltr'>sociis</span> <span class='ocrx_word' id='word_1_4' title='bbox 825 427 1125 553; x_wconf 76' lang='lat' dir='ltr'>xxvt.·onrvr</span> <span class='ocrx_word' id='word_1_5' title='bbox 1138 482 1182 552; x_wconf 81' lang='lat' dir='ltr'>x.</span> <span class='ocrx_word' id='word_1_6' title='bbox 1212 476 1334 552; x_wconf 81' lang='lat' dir='ltr'>sacr.</span> <span class='ocrx_word' id='word_1_7' title='bbox 1348 477 1408 547; x_wconf 91' lang='grc' dir='ltr'><strong>ιιι.</strong></span> <span class='ocrx_word' id='word_1_8' title='bbox 1434 473 1540 549; x_wconf 77' lang='lat' dir='ltr'>aar.</span> <span class='ocrx_word' id='word_1_9' title='bbox 1556 483 1599 551; x_wconf 91' lang='grc' dir='ltr'>ιι.</span> <span class='ocrx_word' id='word_1_10' title='bbox 1634 479 1775 553; x_wconf 80' lang='grc' dir='ltr'><strong>ιιειιι.</strong></span> <span class='ocrx_word' id='word_1_11' title='bbox 1792 483 1820 552; x_wconf 93' lang='grc' dir='ltr'>ι.</span> <span class='ocrx_word' id='word_1_12' title='bbox 1890 553 1892 557; x_wconf 85' lang='grc'>,</span> 
     </span>
    </p>
   </div>
   <div class='ocr_carea' id='block_1_2' title="bbox 275 665 2094 5090">
    <p class='ocr_par' dir='ltr' id='par_1_2' title="bbox 275 665 2094 5090">
     <span class='ocr_line' id='line_1_2' title="bbox 412 665 2071 778; baseline -0.01 -18"><span class='ocrx_word' id='word_1_13' title='bbox 412 685 504 760; x_wconf 88' lang='lat' dir='ltr'>mani</span> <span class='ocrx_word' id='word_1_14' title='bbox 520 665 689 774; x_wconf 65' lang='lat' dir='ltr'>pontificis</span> <span class='ocrx_word' id='word_1_15' title='bbox 709 674 875 778; x_wconf 62' lang='lat' dir='ltr'>sententiae</span> <span class='ocrx_word' id='word_1_16' title='bbox 891 696 952 766; x_wconf 82' lang='lat' dir='ltr'>per</span> <span class='ocrx_word' id='word_1_17' title='bbox 968 676 1080 747; x_wconf 85' lang='lat' dir='ltr'>omnia</span> <span class='ocrx_word' id='word_1_18' title='bbox 1100 671 1234 746; x_wconf 84' lang='lat' dir='ltr'>conlea-</span> <span class='ocrx_word' id='word_1_19' title='bbox 1259 694 1325 743; x_wconf 88' lang='lat' dir='ltr'>non</span> <span class='ocrx_word' id='word_1_20' title='bbox 1353 694 1398 743; x_wconf 85' lang='lat' dir='ltr'>ex</span> <span class='ocrx_word' id='word_1_21' title='bbox 1418 669 1490 767; x_wconf 84' lang='lat' dir='ltr'>lege</span> <span class='ocrx_word' id='word_1_22' title='bbox 1513 697 1535 746; x_wconf 89' lang='lat' dir='ltr'>a</span> <span class='ocrx_word' id='word_1_23' title='bbox 1547 674 1609 769; x_wconf 87' lang='lat' dir='ltr'>sno</span> <span class='ocrx_word' id='word_1_24' title='bbox 1629 679 1751 751; x_wconf 85' lang='lat' dir='ltr'>morito</span> <span class='ocrx_word' id='word_1_25' title='bbox 1778 681 1823 775; x_wconf 79' lang='lat' dir='ltr'>est</span> <span class='ocrx_word' id='word_1_26' title='bbox 1845 674 2071 773; x_wconf 40' lang='lat' dir='ltr'>separareris</span> 
     </span>
     <span class='ocr_line' id='line_1_3' title="bbox 413 771 2070 875; baseline -0.007 -18"><span class='ocrx_word' id='word_1_27' title='bbox 413 787 520 865; x_wconf 86' lang='lat' dir='ltr'>tiuot;</span> <span class='ocrx_word' id='word_1_28' title='bbox 545 780 732 868; x_wconf 79' lang='lat' dir='ltr'>relinquant</span> <span class='ocrx_word' id='word_1_29' title='bbox 752 779 856 868; x_wconf 83' lang='lat' dir='ltr'>igitur</span> <span class='ocrx_word' id='word_1_30' title='bbox 873 775 969 845; x_wconf 90' lang='lat' dir='ltr'>nobis</span> <span class='ocrx_word' id='word_1_31' title='bbox 991 771 1083 843; x_wconf 86' lang='lat' dir='ltr'>illam</span> <span class='ocrx_word' id='word_1_32' title='bbox 1098 773 1235 846; x_wconf 87' lang='lat' dir='ltr'>liberta·</span> <span class='ocrx_word' id='word_1_33' title='bbox 1262 772 1488 844; x_wconf 85' lang='lat' dir='ltr'>conrmnnione</span> <span class='ocrx_word' id='word_1_34' title='bbox 1502 772 1698 868; x_wconf 79' lang='lat' dir='ltr'><em>segregetur.</em></span> <span class='ocrx_word' id='word_1_35' title='bbox 1733 785 1771 864; x_wconf 89' lang='lat'>2)</span> <span class='ocrx_word' id='word_1_36' title='bbox 1780 776 1951 875; x_wconf 79' lang='lat' dir='ltr'>Iustinus,</span> <span class='ocrx_word' id='word_1_37' title='bbox 1967 772 2070 847; x_wconf 77' lang='lat' dir='ltr'>Arie-</span> 
     </span>
     <span class='ocr_line' id='line_1_4' title="bbox 412 868 2072 967; baseline -0.007 -11"><span class='ocrx_word' id='word_1_38' title='bbox 412 904 503 967; x_wconf 86' lang='lat' dir='ltr'>tem,</span> <span class='ocrx_word' id='word_1_39' title='bbox 528 903 565 953; x_wconf 90' lang='lat' dir='ltr'>ut</span> <span class='ocrx_word' id='word_1_40' title='bbox 589 879 728 966; x_wconf 75' lang='lat' dir='ltr'>Spiritus</span> <span class='ocrx_word' id='word_1_41' title='bbox 751 870 854 946; x_wconf 66' lang='lat' dir='ltr'>saneti</span> <span class='ocrx_word' id='word_1_42' title='bbox 878 876 912 943; x_wconf 94' lang='lat' dir='ltr'>in</span> <span class='ocrx_word' id='word_1_43' title='bbox 935 868 1148 960; x_wconf 84' lang='lat' dir='ltr'>scripturaad</span> <span class='ocrx_word' id='word_1_44' title='bbox 1175 896 1234 942; x_wconf 85' lang='lat' dir='ltr'>nos</span> <span class='ocrx_word' id='word_1_45' title='bbox 1258 892 1406 964; x_wconf 82' lang='lat' dir='ltr'>nugoras</span> <span class='ocrx_word' id='word_1_46' title='bbox 1436 869 1476 944; x_wconf 58' lang='grc' dir='ltr'>Εἴ</span> <span class='ocrx_word' id='word_1_47' title='bbox 1499 870 1646 958; x_wconf 79' lang='lat' dir='ltr'><em>Clemens</em></span> <span class='ocrx_word' id='word_1_48' title='bbox 1670 871 1936 950; x_wconf 79' lang='lat' dir='ltr'>Alexandrinus</span> <span class='ocrx_word' id='word_1_49' title='bbox 1963 877 2072 945; x_wconf 85' lang='lat' dir='ltr'>itidem</span> 
     </span>
     <span class='ocr_line' id='line_1_5' title="bbox 405 969 2070 1068; baseline -0.005 -17"><span class='ocrx_word' id='word_1_50' title='bbox 405 979 581 1068; x_wconf 81' lang='lat' dir='ltr'>,loquentis</span> <span class='ocrx_word' id='word_1_51' title='bbox 598 975 763 1048; x_wconf 69' lang='lat' dir='ltr'>sententie</span> <span class='ocrx_word' id='word_1_52' title='bbox 781 975 931 1043; x_wconf 86' lang='lat' dir='ltr'>eaindem</span> <span class='ocrx_word' id='word_1_53' title='bbox 948 969 1175 1056; x_wconf 82' lang='lat' dir='ltr'>subjiciamus,</span> <span class='ocrx_word' id='word_1_54' title='bbox 1198 979 1233 1044; x_wconf 84' lang='lat' dir='ltr'>dt</span> <span class='ocrx_word' id='word_1_55' title='bbox 1256 973 1299 1041; x_wconf 90' lang='lat' dir='ltr'>de</span> <span class='ocrx_word' id='word_1_56' title='bbox 1322 973 1503 1041; x_wconf 87' lang='lat' dir='ltr'>temerariis</span> <span class='ocrx_word' id='word_1_57' title='bbox 1518 977 1674 1044; x_wconf 82' lang='lat' dir='ltr'>duntaxat</span> <span class='ocrx_word' id='word_1_58' title='bbox 1690 978 1843 1047; x_wconf 87' lang='lat' dir='ltr'>divortiis</span> <span class='ocrx_word' id='word_1_59' title='bbox 1868 978 2009 1063; x_wconf 87' lang='lat' dir='ltr'>proprio</span> <span class='ocrx_word' id='word_1_60' title='bbox 2022 995 2070 1042; x_wconf 85' lang='lat' dir='ltr'>ar·</span> 
     </span>
     <span class='ocr_line' id='line_1_6' title="bbox 412 1064 2068 1167; baseline -0.003 -18"><span class='ocrx_word' id='word_1_61' title='bbox 412 1074 615 1167; x_wconf 79' lang='lat' dir='ltr'>juxtavecbi</span> <span class='ocrx_word' id='word_1_62' title='bbox 643 1097 795 1145; x_wconf 88' lang='lat' dir='ltr'>normam</span> <span class='ocrx_word' id='word_1_63' title='bbox 812 1073 855 1141; x_wconf 92' lang='lat' dir='ltr'>de</span> <span class='ocrx_word' id='word_1_64' title='bbox 879 1069 1014 1140; x_wconf 85' lang='lat' dir='ltr'>illorum</span> <span class='ocrx_word' id='word_1_65' title='bbox 1035 1071 1175 1140; x_wconf 78' lang='lat' dir='ltr'>decretis</span> <span class='ocrx_word' id='word_1_66' title='bbox 1199 1077 1234 1140; x_wconf 75' lang='lat' dir='ltr'>dt</span> <span class='ocrx_word' id='word_1_67' title='bbox 1258 1067 1360 1138; x_wconf 89' lang='lat' dir='ltr'>bitrio</span> <span class='ocrx_word' id='word_1_68' title='bbox 1374 1069 1460 1137; x_wconf 84' lang='lat' dir='ltr'>circa</span> <span class='ocrx_word' id='word_1_69' title='bbox 1494 1068 1719 1142; x_wconf 78' lang='lat' dir='ltr'>fornicationis</span> <span class='ocrx_word' id='word_1_70' title='bbox 1756 1072 1886 1144; x_wconf 83' lang='lat' dir='ltr'>causam</span> <span class='ocrx_word' id='word_1_71' title='bbox 1932 1064 2068 1158; x_wconf 77' lang='lat' dir='ltr'>exprelsa</span> 
     </span>
     <span class='ocr_line' id='line_1_7' title="bbox 412 1165 2066 1262; baseline -0.007 -13"><span class='ocrx_word' id='word_1_72' title='bbox 412 1171 521 1250; x_wconf 82' lang='lat' dir='ltr'>effatis</span> <span class='ocrx_word' id='word_1_73' title='bbox 535 1175 730 1262; x_wconf 80' lang='lat' dir='ltr'>judicemus.</span> <span class='ocrx_word' id='word_1_74' title='bbox 786 1179 818 1258; x_wconf 81' lang='lat'>3)</span> <span class='ocrx_word' id='word_1_75' title='bbox 846 1171 899 1239; x_wconf 79' lang='lat' dir='ltr'>nd</span> <span class='ocrx_word' id='word_1_76' title='bbox 922 1169 1111 1238; x_wconf 79' lang='lat' dir='ltr'>unanimem</span> <span class='ocrx_word' id='word_1_77' title='bbox 1128 1165 1234 1237; x_wconf 88' lang='lat' dir='ltr'>eccle·</span> <span class='ocrx_word' id='word_1_78' title='bbox 1258 1165 1383 1239; x_wconf 82' lang='lat' dir='ltr'>christi</span> <span class='ocrx_word' id='word_1_79' title='bbox 1407 1191 1488 1237; x_wconf 86' lang='lat' dir='ltr'>voce</span> <span class='ocrx_word' id='word_1_80' title='bbox 1513 1171 1636 1242; x_wconf 88' lang='lat' dir='ltr'>Matth.</span> <span class='ocrx_word' id='word_1_81' title='bbox 1658 1177 1699 1242; x_wconf 86' lang='lat' dir='ltr'>V.</span> <span class='ocrx_word' id='word_1_82' title='bbox 1718 1181 1753 1243; x_wconf 79' lang='lat' dir='ltr'>dt</span> <span class='ocrx_word' id='word_1_83' title='bbox 1778 1178 1871 1246; x_wconf 82' lang='lat' dir='ltr'>xlx.</span> <span class='ocrx_word' id='word_1_84' title='bbox 1897 1167 2066 1259; x_wconf 81' lang='lat' dir='ltr'>prohibitis</span> 
     </span>
     <span class='ocr_line' id='line_1_8' title="bbox 347 1260 2065 1357; baseline -0.005 -13"><span class='ocrx_word' id='word_1_85' title='bbox 347 1267 351 1272; x_wconf 63' lang='grc'>’</span> <span class='ocrx_word' id='word_1_86' title='bbox 413 1273 465 1345; x_wconf 81' lang='lat' dir='ltr'>srae</span> <span class='ocrx_word' id='word_1_87' title='bbox 491 1266 683 1343; x_wconf 85' lang='lat' dir='ltr'>consensum</span> <span class='ocrx_word' id='word_1_88' title='bbox 705 1267 997 1338; x_wconf 86' lang='lat' dir='ltr'>demonstrandum</span> <span class='ocrx_word' id='word_1_89' title='bbox 1018 1290 1085 1336; x_wconf 88' lang='lat' dir='ltr'>non</span> <span class='ocrx_word' id='word_1_90' title='bbox 1115 1260 1234 1335; x_wconf 87' lang='lat' dir='ltr'>sufficit</span> <span class='ocrx_word' id='word_1_91' title='bbox 1258 1283 1372 1354; x_wconf 83' lang='lat' dir='ltr'>agunt.</span> <span class='ocrx_word' id='word_1_92' title='bbox 1425 1266 1529 1355; x_wconf 90' lang='lat' dir='ltr'>Quod</span> <span class='ocrx_word' id='word_1_93' title='bbox 1553 1267 1706 1338; x_wconf 88' lang='lat' dir='ltr'>secundas</span> <span class='ocrx_word' id='word_1_94' title='bbox 1732 1271 1862 1356; x_wconf 80' lang='lat' dir='ltr'>nuptias</span> <span class='ocrx_word' id='word_1_95' title='bbox 1894 1271 1969 1357; x_wconf 87' lang='lat' dir='ltr'>poll</span> <span class='ocrx_word' id='word_1_96' title='bbox 1988 1289 2065 1338; x_wconf 89' lang='lat' dir='ltr'>mor-</span> 
     </span>
     <span class='ocr_line' id='line_1_9' title="bbox 412 1356 2065 1467; baseline -0.004 -24"><span class='ocrx_word' id='word_1_97' title='bbox 412 1368 631 1467; x_wconf 80' lang='lat' dir='ltr'>quorumdam</span> <span class='ocrx_word' id='word_1_98' title='bbox 644 1370 801 1438; x_wconf 83' lang='lat' dir='ltr'>duntaxat</span> <span class='ocrx_word' id='word_1_99' title='bbox 817 1385 950 1451; x_wconf 88' lang='lat' dir='ltr'>patrum</span> <span class='ocrx_word' id='word_1_100' title='bbox 969 1356 1160 1433; x_wconf 80' lang='lat' dir='ltr'>sententiata</span> <span class='ocrx_word' id='word_1_101' title='bbox 1175 1366 1232 1434; x_wconf 86' lang='lat' dir='ltr'>ad·</span> <span class='ocrx_word' id='word_1_102' title='bbox 1258 1384 1325 1431; x_wconf 90' lang='lat' dir='ltr'>tem</span> <span class='ocrx_word' id='word_1_103' title='bbox 1352 1365 1472 1449; x_wconf 85' lang='lat' dir='ltr'>prioris</span> <span class='ocrx_word' id='word_1_104' title='bbox 1497 1368 1607 1436; x_wconf 83' lang='lat' dir='ltr'>uxoris</span> <span class='ocrx_word' id='word_1_105' title='bbox 1630 1370 1813 1438; x_wconf 62' lang='lat' dir='ltr'>contradas</span> <span class='ocrx_word' id='word_1_106' title='bbox 1843 1367 2065 1456; x_wconf 70' lang='lat' dir='ltr'>Athenagoras</span> 
     </span>
     <span class='ocr_line' id='line_1_10' title="bbox 412 1455 2062 1560; baseline -0.004 -19"><span class='ocrx_word' id='word_1_107' title='bbox 412 1467 531 1547; x_wconf 85' lang='lat' dir='ltr'>ferre,</span> <span class='ocrx_word' id='word_1_108' title='bbox 555 1463 608 1538; x_wconf 85' lang='lat' dir='ltr'>sed</span> <span class='ocrx_word' id='word_1_109' title='bbox 623 1465 823 1551; x_wconf 84' lang='lat' dir='ltr'>requiritur,</span> <span class='ocrx_word' id='word_1_110' title='bbox 849 1482 887 1530; x_wconf 92' lang='lat' dir='ltr'>ut</span> <span class='ocrx_word' id='word_1_111' title='bbox 905 1483 1014 1554; x_wconf 86' lang='lat' dir='ltr'>omnes</span> <span class='ocrx_word' id='word_1_112' title='bbox 1035 1486 1101 1542; x_wconf 89' lang='lat' dir='ltr'>uno</span> <span class='ocrx_word' id='word_1_113' title='bbox 1117 1485 1178 1530; x_wconf 91' lang='lat' dir='ltr'>ore</span> <span class='ocrx_word' id='word_1_114' title='bbox 1191 1458 1231 1529; x_wconf 93' lang='lat' dir='ltr'>il·</span> <span class='ocrx_word' id='word_1_115' title='bbox 1259 1455 1417 1560; x_wconf 76' lang='grc' dir='ltr'>ιὐπριπιῖ</span> <span class='ocrx_word' id='word_1_116' title='bbox 1429 1461 1590 1552; x_wconf 62' lang='lat' dir='ltr'>marpesiae</span> <span class='ocrx_word' id='word_1_117' title='bbox 1612 1482 1728 1546; x_wconf 80' lang='lat' dir='ltr'>vocat,</span> <span class='ocrx_word' id='word_1_118' title='bbox 1754 1465 1788 1535; x_wconf 93' lang='lat' dir='ltr'>id</span> <span class='ocrx_word' id='word_1_119' title='bbox 1803 1462 2012 1536; x_wconf 84' lang='lat' dir='ltr'>manifestum</span> <span class='ocrx_word' id='word_1_120' title='bbox 2023 1460 2062 1534; x_wconf 83' lang='lat' dir='ltr'>fa·</span> 
     </span>
     <span class='ocr_line' id='line_1_11' title="bbox 411 1557 2060 1650; baseline -0.005 -11"><span class='ocrx_word' id='word_1_121' title='bbox 411 1565 470 1638; x_wconf 90' lang='lat' dir='ltr'>lud</span> <span class='ocrx_word' id='word_1_122' title='bbox 486 1559 669 1637; x_wconf 82' lang='lat' dir='ltr'>adfirmalle</span> <span class='ocrx_word' id='word_1_123' title='bbox 683 1562 882 1631; x_wconf 80' lang='lat' dir='ltr'>ostendatur.</span> <span class='ocrx_word' id='word_1_124' title='bbox 932 1567 969 1648; x_wconf 92' lang='lat'>4)</span> <span class='ocrx_word' id='word_1_125' title='bbox 994 1561 1229 1650; x_wconf 86' lang='lat' dir='ltr'>Quorumdam</span> <span class='ocrx_word' id='word_1_126' title='bbox 1253 1559 1318 1633; x_wconf 88' lang='lat' dir='ltr'>cit,</span> <span class='ocrx_word' id='word_1_127' title='bbox 1345 1580 1504 1640; x_wconf 89' lang='lat' dir='ltr'>quantum</span> <span class='ocrx_word' id='word_1_128' title='bbox 1520 1569 1590 1645; x_wconf 87' lang='lat' dir='ltr'>ejus</span> <span class='ocrx_word' id='word_1_129' title='bbox 1604 1562 1770 1638; x_wconf 83' lang='lat' dir='ltr'>autoritati</span> <span class='ocrx_word' id='word_1_130' title='bbox 1793 1563 2008 1642; x_wconf 73' lang='lat' dir='ltr'>tribuendum</span> <span class='ocrx_word' id='word_1_131' title='bbox 2021 1557 2060 1632; x_wconf 82' lang='lat' dir='ltr'>lit</span> 
     </span>
     <span class='ocr_line' id='line_1_12' title="bbox 411 1649 2060 1754; baseline -0.004 -19"><span class='ocrx_word' id='word_1_132' title='bbox 411 1688 453 1735; x_wconf 82' lang='lat' dir='ltr'>ex</span> <span class='ocrx_word' id='word_1_133' title='bbox 469 1663 711 1748; x_wconf 88' lang='lat' dir='ltr'>antiquitate&amp;</span> <span class='ocrx_word' id='word_1_134' title='bbox 729 1663 852 1726; x_wconf 79' lang='lat' dir='ltr'>Graecae</span> <span class='ocrx_word' id='word_1_135' title='bbox 868 1659 1063 1742; x_wconf 81' lang='lat' dir='ltr'>cumprimis</span> <span class='ocrx_word' id='word_1_136' title='bbox 1087 1652 1230 1726; x_wconf 71' lang='lat' dir='ltr'>ecclesiae</span> <span class='ocrx_word' id='word_1_137' title='bbox 1256 1657 1297 1742; x_wconf 81' lang='lat'>3)</span> <span class='ocrx_word' id='word_1_138' title='bbox 1324 1657 1378 1722; x_wconf 86' lang='lat' dir='ltr'>De</span> <span class='ocrx_word' id='word_1_139' title='bbox 1405 1649 1613 1729; x_wconf 81' lang='lat' dir='ltr'>Tertulliano</span> <span class='ocrx_word' id='word_1_140' title='bbox 1633 1656 1674 1731; x_wconf 56' lang='grc' dir='ltr'>Εἴ</span> <span class='ocrx_word' id='word_1_141' title='bbox 1697 1656 1842 1754; x_wconf 75' lang='lat' dir='ltr'>Origene</span> <span class='ocrx_word' id='word_1_142' title='bbox 1864 1664 2004 1731; x_wconf 83' lang='lat' dir='ltr'>diximus</span> <span class='ocrx_word' id='word_1_143' title='bbox 2018 1655 2060 1728; x_wconf 89' lang='lat' dir='ltr'>su·</span> 
     </span>
     <span class='ocr_line' id='line_1_13' title="bbox 409 1748 2060 1847; baseline -0.003 -14"><span class='ocrx_word' id='word_1_144' title='bbox 409 1764 446 1834; x_wconf 89' lang='lat' dir='ltr'>in</span> <span class='ocrx_word' id='word_1_145' title='bbox 460 1760 521 1831; x_wconf 89' lang='lat' dir='ltr'>hac</span> <span class='ocrx_word' id='word_1_146' title='bbox 542 1759 718 1847; x_wconf 84' lang='lat' dir='ltr'>quaellione</span> <span class='ocrx_word' id='word_1_147' title='bbox 731 1748 925 1844; x_wconf 80' lang='lat' dir='ltr'>suffragium</span> <span class='ocrx_word' id='word_1_148' title='bbox 948 1752 1077 1840; x_wconf 87' lang='lat' dir='ltr'>ipsimet</span> <span class='ocrx_word' id='word_1_149' title='bbox 1096 1749 1229 1841; x_wconf 81' lang='lat' dir='ltr'>pontili-</span> <span class='ocrx_word' id='word_1_150' title='bbox 1252 1751 1375 1836; x_wconf 89' lang='lat' dir='ltr'>perius.</span> <span class='ocrx_word' id='word_1_151' title='bbox 1411 1757 1655 1828; x_wconf 80' lang='lat' dir='ltr'>Tertullianum</span> <span class='ocrx_word' id='word_1_152' title='bbox 1679 1759 1784 1829; x_wconf 81' lang='lat' dir='ltr'>Sittus</span> <span class='ocrx_word' id='word_1_153' title='bbox 1797 1757 1946 1830; x_wconf 84' lang='lat' dir='ltr'>Senenlis</span> <span class='ocrx_word' id='word_1_154' title='bbox 1964 1757 2060 1845; x_wconf 86' lang='lat' dir='ltr'>ponti·</span> 
     </span>
     <span class='ocr_line' id='line_1_14' title="bbox 411 1846 2057 1944; baseline -0.003 -13"><span class='ocrx_word' id='word_1_155' title='bbox 411 1861 454 1932; x_wconf 86' lang='lat' dir='ltr'>cii</span> <span class='ocrx_word' id='word_1_156' title='bbox 483 1857 577 1929; x_wconf 84' lang='lat' dir='ltr'>nobis</span> <span class='ocrx_word' id='word_1_157' title='bbox 604 1855 805 1944; x_wconf 79' lang='lat' dir='ltr'>largiuntur.</span> <span class='ocrx_word' id='word_1_158' title='bbox 862 1853 1025 1930; x_wconf 77' lang='lat' dir='ltr'>Alciatus,</span> <span class='ocrx_word' id='word_1_159' title='bbox 1058 1853 1229 1924; x_wconf 83' lang='lat' dir='ltr'>Covarru·</span> <span class='ocrx_word' id='word_1_160' title='bbox 1252 1846 1344 1917; x_wconf 88' lang='lat' dir='ltr'>ficius</span> <span class='ocrx_word' id='word_1_161' title='bbox 1360 1873 1513 1922; x_wconf 88' lang='lat' dir='ltr'>numerat</span> <span class='ocrx_word' id='word_1_162' title='bbox 1526 1857 1612 1926; x_wconf 92' lang='lat' dir='ltr'>inter</span> <span class='ocrx_word' id='word_1_163' title='bbox 1635 1880 1711 1941; x_wconf 86' lang='lat' dir='ltr'>eos,</span> <span class='ocrx_word' id='word_1_164' title='bbox 1732 1861 1788 1942; x_wconf 90' lang='lat' dir='ltr'>qui</span> <span class='ocrx_word' id='word_1_165' title='bbox 1804 1867 1897 1927; x_wconf 81' lang='lat' dir='ltr'>certo</span> <span class='ocrx_word' id='word_1_166' title='bbox 1918 1853 1960 1928; x_wconf 68' lang='lat' dir='ltr'>fr</span> <span class='ocrx_word' id='word_1_167' title='bbox 1972 1854 2057 1927; x_wconf 66' lang='lat' dir='ltr'>inda</span> 
     </span>
     <span class='ocr_line' id='line_1_15' title="bbox 410 1943 2059 2051; baseline -0.002 -23"><span class='ocrx_word' id='word_1_168' title='bbox 410 1960 501 2036; x_wconf 79' lang='lat' dir='ltr'>aias,</span> <span class='ocrx_word' id='word_1_169' title='bbox 534 1958 640 2026; x_wconf 88' lang='lat' dir='ltr'>Sixtus</span> <span class='ocrx_word' id='word_1_170' title='bbox 674 1949 841 2034; x_wconf 83' lang='lat' dir='ltr'>Senenlis,</span> <span class='ocrx_word' id='word_1_171' title='bbox 869 1943 1035 2034; x_wconf 82' lang='lat' dir='ltr'>Erasmus,</span> <span class='ocrx_word' id='word_1_172' title='bbox 1075 1947 1228 2020; x_wconf 86' lang='lat' dir='ltr'>Cathari·</span> <span class='ocrx_word' id='word_1_173' title='bbox 1252 1944 1363 2017; x_wconf 74' lang='lat' dir='ltr'>bisara</span> <span class='ocrx_word' id='word_1_174' title='bbox 1382 1948 1568 2040; x_wconf 76' lang='lat' dir='ltr'>adsertione</span> <span class='ocrx_word' id='word_1_175' title='bbox 1582 1953 1749 2048; x_wconf 80' lang='lat' dir='ltr'>utriusque</span> <span class='ocrx_word' id='word_1_176' title='bbox 1763 1956 1917 2048; x_wconf 80' lang='lat' dir='ltr'>repudii,</span> <span class='ocrx_word' id='word_1_177' title='bbox 1936 1953 2059 2051; x_wconf 79' lang='lat' dir='ltr'>locess,</span> 
     </span>
     <span class='ocr_line' id='line_1_16' title="bbox 275 2042 2058 2148; baseline -0.002 -21"><span class='ocrx_word' id='word_1_178' title='bbox 275 2086 283 2098; x_wconf 77' lang='lat'><em>·</em></span> <span class='ocrx_word' id='word_1_179' title='bbox 408 2055 669 2140; x_wconf 81' lang='lat' dir='ltr'>uus,Cajetanus</span> <span class='ocrx_word' id='word_1_180' title='bbox 682 2057 747 2119; x_wconf 76' lang='lat' dir='ltr'>&amp;c</span> <span class='ocrx_word' id='word_1_181' title='bbox 773 2071 841 2134; x_wconf 27' lang='lat' dir='ltr'>non·</span> <span class='ocrx_word' id='word_1_182' title='bbox 856 2042 1050 2128; x_wconf 83' lang='lat' dir='ltr'>diffitentur,</span> <span class='ocrx_word' id='word_1_183' title='bbox 1069 2049 1227 2132; x_wconf 87' lang='lat' dir='ltr'>quosdam</span> <span class='ocrx_word' id='word_1_184' title='bbox 1252 2044 1501 2119; x_wconf 82' lang='lat' dir='ltr'>ncontubernio</span> <span class='ocrx_word' id='word_1_185' title='bbox 1520 2047 1561 2121; x_wconf 59' lang='grc' dir='ltr'>ὅ</span> <span class='ocrx_word' id='word_1_186' title='bbox 1576 2051 1738 2123; x_wconf 82' lang='lat' dir='ltr'>connubio</span> <span class='ocrx_word' id='word_1_187' title='bbox 1758 2052 1932 2125; x_wconf 83' lang='lat' dir='ltr'>licentium</span> <span class='ocrx_word' id='word_1_188' title='bbox 1948 2055 2058 2148; x_wconf 75' lang='lat' dir='ltr'>adpro·</span> 
     </span>
     <span class='ocr_line' id='line_1_17' title="bbox 405 2138 2094 2240; baseline -0.001 -14"><span class='ocrx_word' id='word_1_189' title='bbox 405 2176 448 2226; x_wconf 84' lang='lat' dir='ltr'>ex</span> <span class='ocrx_word' id='word_1_190' title='bbox 477 2149 626 2240; x_wconf 85' lang='lat' dir='ltr'>patribus</span> <span class='ocrx_word' id='word_1_191' title='bbox 662 2143 880 2217; x_wconf 81' lang='lat' dir='ltr'>vetustillimis</span> <span class='ocrx_word' id='word_1_192' title='bbox 911 2146 1027 2214; x_wconf 82' lang='lat' dir='ltr'>nostrae</span> <span class='ocrx_word' id='word_1_193' title='bbox 1061 2138 1227 2214; x_wconf 75' lang='lat' dir='ltr'>sententiae</span> <span class='ocrx_word' id='word_1_194' title='bbox 1251 2140 1394 2231; x_wconf 80' lang='lat' dir='ltr'>barunt3</span> <span class='ocrx_word' id='word_1_195' title='bbox 1427 2147 1643 2219; x_wconf 87' lang='lat' dir='ltr'>Bellarminus</span> <span class='ocrx_word' id='word_1_196' title='bbox 1669 2176 1747 2222; x_wconf 81' lang='lat' dir='ltr'>eum</span> <span class='ocrx_word' id='word_1_197' title='bbox 1768 2176 1832 2238; x_wconf 88' lang='lat' dir='ltr'>pro</span> <span class='ocrx_word' id='word_1_198' title='bbox 1858 2148 1915 2223; x_wconf 85' lang='lat' dir='ltr'>sua</span> <span class='ocrx_word' id='word_1_199' title='bbox 1938 2149 2060 2223; x_wconf 85' lang='lat' dir='ltr'>adducit</span> <span class='ocrx_word' id='word_1_200' title='bbox 2092 2209 2094 2222; x_wconf 86' lang='lat'><em>.</em></span> 
     </span>
     <span class='ocr_line' id='line_1_18' title="bbox 408 2235 2094 2340; baseline 0.007 -28"><span class='ocrx_word' id='word_1_201' title='bbox 408 2244 592 2340; x_wconf 69' lang='grc' dir='ltr'>ὁμοψήφες</span> <span class='ocrx_word' id='word_1_202' title='bbox 609 2240 683 2315; x_wconf 83' lang='lat' dir='ltr'>elle.</span> <span class='ocrx_word' id='word_1_203' title='bbox 717 2255 751 2335; x_wconf 77' lang='lat'>5)</span> <span class='ocrx_word' id='word_1_204' title='bbox 771 2243 934 2334; x_wconf 79' lang='lat' dir='ltr'>Quadam</span> <span class='ocrx_word' id='word_1_205' title='bbox 950 2242 1136 2314; x_wconf 82' lang='lat' dir='ltr'>testimonia</span> <span class='ocrx_word' id='word_1_206' title='bbox 1153 2235 1227 2310; x_wconf 89' lang='lat' dir='ltr'>sunt</span> <span class='ocrx_word' id='word_1_207' title='bbox 1251 2235 1418 2313; x_wconf 87' lang='lat' dir='ltr'>sententia.</span> <span class='ocrx_word' id='word_1_208' title='bbox 1470 2245 1637 2319; x_wconf 83' lang='lat' dir='ltr'>conciliet</span> <span class='ocrx_word' id='word_1_209' title='bbox 1660 2246 1749 2327; x_wconf 81' lang='lat' dir='ltr'>haec,</span> <span class='ocrx_word' id='word_1_210' title='bbox 1774 2252 1832 2335; x_wconf 91' lang='lat' dir='ltr'>qui</span> <span class='ocrx_word' id='word_1_211' title='bbox 1856 2251 1975 2336; x_wconf 82' lang='lat' dir='ltr'>potest.</span> <span class='ocrx_word' id='word_1_212' title='bbox 2020 2249 2058 2338; x_wconf 88' lang='lat'>4)</span> <span class='ocrx_word' id='word_1_213' title='bbox 2093 2237 2094 2324; x_wconf 71' lang='lat' dir='ltr'>i</span> 
     </span>
     <span class='ocr_line' id='line_1_19' title="bbox 407 2339 2094 2434; baseline 0.001 -18"><span class='ocrx_word' id='word_1_214' title='bbox 407 2347 618 2434; x_wconf 81' lang='lat' dir='ltr'>aqoaellione</span> <span class='ocrx_word' id='word_1_215' title='bbox 633 2339 755 2418; x_wconf 85' lang='lat' dir='ltr'>aliena,</span> <span class='ocrx_word' id='word_1_216' title='bbox 775 2343 923 2427; x_wconf 74' lang='lat' dir='ltr'>quadam</span> <span class='ocrx_word' id='word_1_217' title='bbox 940 2339 1115 2430; x_wconf 75' lang='lat' dir='ltr'>ambigua,</span> <span class='ocrx_word' id='word_1_218' title='bbox 1135 2362 1226 2426; x_wconf 81' lang='lat' dir='ltr'>qoae·</span> <span class='ocrx_word' id='word_1_219' title='bbox 1251 2343 1297 2409; x_wconf 84' lang='lat' dir='ltr'>Ex</span> <span class='ocrx_word' id='word_1_220' title='bbox 1315 2340 1458 2412; x_wconf 86' lang='lat' dir='ltr'>concilio</span> <span class='ocrx_word' id='word_1_221' title='bbox 1474 2340 1655 2416; x_wconf 87' lang='lat' dir='ltr'>Eliberr&#39;no</span> <span class='ocrx_word' id='word_1_222' title='bbox 1674 2345 1740 2416; x_wconf 87' lang='lat' dir='ltr'>sive</span> <span class='ocrx_word' id='word_1_223' title='bbox 1768 2345 1966 2422; x_wconf 81' lang='lat' dir='ltr'>Elibertr&#39;no</span> <span class='ocrx_word' id='word_1_224' title='bbox 1985 2352 2059 2418; x_wconf 79' lang='lat' dir='ltr'>Gra·</span> <span class='ocrx_word' id='word_1_225' title='bbox 2090 2339 2094 2428; x_wconf 67' lang='lat' dir='ltr'>J</span> 
     </span>
     <span class='ocr_line' id='line_1_20' title="bbox 407 2431 2060 2535; baseline 0.003 -24"><span class='ocrx_word' id='word_1_226' title='bbox 407 2450 505 2522; x_wconf 79' lang='lat' dir='ltr'>dam,</span> <span class='ocrx_word' id='word_1_227' title='bbox 534 2461 650 2528; x_wconf 90' lang='lat' dir='ltr'>utpote</span> <span class='ocrx_word' id='word_1_228' title='bbox 674 2440 878 2514; x_wconf 84' lang='lat' dir='ltr'>recentiora,</span> <span class='ocrx_word' id='word_1_229' title='bbox 904 2432 977 2506; x_wconf 87' lang='lat' dir='ltr'>sunt</span> <span class='ocrx_word' id='word_1_230' title='bbox 1003 2431 1166 2523; x_wconf 66' lang='lat' dir='ltr'>suspetsta,</span> <span class='ocrx_word' id='word_1_231' title='bbox 1187 2454 1225 2504; x_wconf 87' lang='lat' dir='ltr'>ut</span> <span class='ocrx_word' id='word_1_232' title='bbox 1250 2437 1354 2505; x_wconf 88' lang='lat' dir='ltr'>tianus</span> <span class='ocrx_word' id='word_1_233' title='bbox 1368 2436 1452 2512; x_wconf 86' lang='lat' dir='ltr'>caus.</span> <span class='ocrx_word' id='word_1_234' title='bbox 1472 2466 1528 2525; x_wconf 81' lang='lat'>32.</span> <span class='ocrx_word' id='word_1_235' title='bbox 1554 2467 1586 2529; x_wconf 91' lang='lat' dir='ltr'>q.</span> <span class='ocrx_word' id='word_1_236' title='bbox 1605 2470 1638 2522; x_wconf 87' lang='lat'>7.</span> <span class='ocrx_word' id='word_1_237' title='bbox 1660 2447 1794 2516; x_wconf 87' lang='lat' dir='ltr'>adducit</span> <span class='ocrx_word' id='word_1_238' title='bbox 1818 2452 2060 2535; x_wconf 86' lang='lat' dir='ltr'>quemdamca·</span> 
     </span>
     <span class='ocr_line' id='line_1_21' title="bbox 406 2530 2061 2631; baseline -0.001 -16"><span class='ocrx_word' id='word_1_239' title='bbox 406 2565 449 2616; x_wconf 83' lang='lat' dir='ltr'>ea</span> <span class='ocrx_word' id='word_1_240' title='bbox 471 2536 602 2630; x_wconf 86' lang='lat' dir='ltr'>speciali</span> <span class='ocrx_word' id='word_1_241' title='bbox 626 2532 831 2624; x_wconf 80' lang='lat' dir='ltr'>lingulorum</span> <span class='ocrx_word' id='word_1_242' title='bbox 860 2536 1010 2606; x_wconf 86' lang='lat' dir='ltr'>examine</span> <span class='ocrx_word' id='word_1_243' title='bbox 1038 2530 1222 2622; x_wconf 85' lang='lat' dir='ltr'>adparebit.</span> <span class='ocrx_word' id='word_1_244' title='bbox 1247 2557 1367 2604; x_wconf 84' lang='lat' dir='ltr'>nonem</span> <span class='ocrx_word' id='word_1_245' title='bbox 1380 2586 1391 2618; x_wconf 88' lang='lat'><em>,</em></span> <span class='ocrx_word' id='word_1_246' title='bbox 1423 2541 1479 2624; x_wconf 93' lang='lat' dir='ltr'>qui</span> <span class='ocrx_word' id='word_1_247' title='bbox 1515 2543 1635 2612; x_wconf 84' lang='lat' dir='ltr'>marito</span> <span class='ocrx_word' id='word_1_248' title='bbox 1660 2545 1847 2629; x_wconf 83' lang='lat' dir='ltr'>perurittit,</span> <span class='ocrx_word' id='word_1_249' title='bbox 1879 2567 1919 2615; x_wconf 92' lang='lat' dir='ltr'>ut</span> <span class='ocrx_word' id='word_1_250' title='bbox 1944 2544 2061 2631; x_wconf 74' lang='lat' dir='ltr'>abjeoa</span> 
     </span>
     <span class='ocr_line' id='line_1_22' title="bbox 507 2625 2058 2733; baseline 0.003 -27"><span class='ocrx_word' id='word_1_251' title='bbox 507 2639 768 2726; x_wconf 68' lang='lat' dir='ltr'>§.tnxxxtit</span> <span class='ocrx_word' id='word_1_252' title='bbox 811 2629 1045 2726; x_wconf 80' lang='lat' dir='ltr'>ll)lnspecie.</span> <span class='ocrx_word' id='word_1_253' title='bbox 1092 2635 1131 2720; x_wconf 90' lang='grc' dir='ltr'>ι)</span> <span class='ocrx_word' id='word_1_254' title='bbox 1154 2625 1223 2701; x_wconf 87' lang='lat' dir='ltr'>Cu·</span> <span class='ocrx_word' id='word_1_255' title='bbox 1246 2651 1364 2714; x_wconf 86' lang='lat' dir='ltr'>uxore,</span> <span class='ocrx_word' id='word_1_256' title='bbox 1392 2659 1555 2718; x_wconf 82' lang='lat' dir='ltr'>quaecum</span> <span class='ocrx_word' id='word_1_257' title='bbox 1580 2637 2058 2733; x_wconf 81' lang='lat' dir='ltr'>fratremaritisemiscuerat‚</span> 
     </span>
     <span class='ocr_line' id='line_1_23' title="bbox 407 2725 2057 2832; baseline -0.001 -20"><span class='ocrx_word' id='word_1_258' title='bbox 407 2760 509 2812; x_wconf 84' lang='lat' dir='ltr'>nones</span> <span class='ocrx_word' id='word_1_259' title='bbox 523 2730 764 2832; x_wconf 79' lang='lat' dir='ltr'>oposto‘licora</span> <span class='ocrx_word' id='word_1_260' title='bbox 778 2725 954 2803; x_wconf 88' lang='lat' dir='ltr'>Clemente</span> <span class='ocrx_word' id='word_1_261' title='bbox 975 2734 1129 2800; x_wconf 86' lang='lat' dir='ltr'>Romano</span> <span class='ocrx_word' id='word_1_262' title='bbox 1151 2730 1222 2799; x_wconf 79' lang='lat' dir='ltr'>eli·</span> <span class='ocrx_word' id='word_1_263' title='bbox 1246 2734 1343 2800; x_wconf 82' lang='lat' dir='ltr'>duent</span> <span class='ocrx_word' id='word_1_264' title='bbox 1356 2728 1463 2803; x_wconf 88' lang='lat' dir='ltr'>aliam.</span> <span class='ocrx_word' id='word_1_265' title='bbox 1519 2744 1551 2820; x_wconf 77' lang='grc' dir='ltr'>ς)</span> <span class='ocrx_word' id='word_1_266' title='bbox 1571 2731 1770 2824; x_wconf 77' lang='lat' dir='ltr'>Ambrofinr</span> <span class='ocrx_word' id='word_1_267' title='bbox 1790 2739 1941 2828; x_wconf 86' lang='lat' dir='ltr'>loquitur</span> <span class='ocrx_word' id='word_1_268' title='bbox 1955 2749 1995 2812; x_wconf 90' lang='lat' dir='ltr'>de</span> <span class='ocrx_word' id='word_1_269' title='bbox 2009 2738 2057 2812; x_wconf 86' lang='lat' dir='ltr'>n·-</span> 
     </span>
     <span class='ocr_line' id='line_1_24' title="bbox 309 2822 2058 2933; baseline 0.005 -31"><span class='ocrx_word' id='word_1_270' title='bbox 309 2891 315 2902; x_wconf 88' lang='lat'>.</span> <span class='ocrx_word' id='word_1_271' title='bbox 407 2858 458 2909; x_wconf 90' lang='lat' dir='ltr'>tos</span> <span class='ocrx_word' id='word_1_272' title='bbox 474 2835 538 2907; x_wconf 77' lang='lat' dir='ltr'>eise</span> <span class='ocrx_word' id='word_1_273' title='bbox 562 2825 788 2920; x_wconf 70' lang='lat' dir='ltr'>apocryphos,</span> <span class='ocrx_word' id='word_1_274' title='bbox 811 2835 846 2898; x_wconf 86' lang='lat'>&amp;</span> <span class='ocrx_word' id='word_1_275' title='bbox 869 2822 950 2896; x_wconf 80' lang='lat' dir='ltr'>falso</span> <span class='ocrx_word' id='word_1_276' title='bbox 973 2827 1073 2896; x_wconf 77' lang='lat' dir='ltr'>tribui</span> <span class='ocrx_word' id='word_1_277' title='bbox 1093 2829 1222 2911; x_wconf 84' lang='lat' dir='ltr'>aposto.</span> <span class='ocrx_word' id='word_1_278' title='bbox 1246 2824 1409 2933; x_wconf 76' lang='lat' dir='ltr'>miffione,</span> <span class='ocrx_word' id='word_1_279' title='bbox 1435 2851 1506 2923; x_wconf 85' lang='lat' dir='ltr'>qnae</span> <span class='ocrx_word' id='word_1_280' title='bbox 1519 2832 1649 2930; x_wconf 80' lang='lat' dir='ltr'>fitstne</span> <span class='ocrx_word' id='word_1_281' title='bbox 1671 2826 1827 2917; x_wconf 71' lang='lat' dir='ltr'>crineine,</span> <span class='ocrx_word' id='word_1_282' title='bbox 1855 2862 1893 2909; x_wconf 87' lang='lat' dir='ltr'>ut</span> <span class='ocrx_word' id='word_1_283' title='bbox 1913 2835 2058 2928; x_wconf 80' lang='lat' dir='ltr'>seipsum</span> 
     </span>
     <span class='ocr_line' id='line_1_25' title="bbox 306 2920 2056 3029; baseline 0.005 -33"><span class='ocrx_word' id='word_1_284' title='bbox 306 2991 309 2996; x_wconf 82' lang='grc'><strong>.</strong></span> <span class='ocrx_word' id='word_1_285' title='bbox 407 2934 464 3019; x_wconf 82' lang='lat' dir='ltr'>lis,</span> <span class='ocrx_word' id='word_1_286' title='bbox 484 2921 1022 3018; x_wconf 77' lang='lat' dir='ltr'>inpatrologiademonllrabimus</span> <span class='ocrx_word' id='word_1_287' title='bbox 1036 2920 1224 3004; x_wconf 76' lang='lat' dir='ltr'>eustyli-ra·</span> <span class='ocrx_word' id='word_1_288' title='bbox 1247 2927 1372 2995; x_wconf 85' lang='lat' dir='ltr'>ditertis</span> <span class='ocrx_word' id='word_1_289' title='bbox 1390 2929 1499 2998; x_wconf 85' lang='lat' dir='ltr'>verbis</span> <span class='ocrx_word' id='word_1_290' title='bbox 1521 2933 1682 3018; x_wconf 80' lang='lat' dir='ltr'>explicat,</span> <span class='ocrx_word' id='word_1_291' title='bbox 1710 2938 1801 3029; x_wconf 87' lang='lat' dir='ltr'>quod</span> <span class='ocrx_word' id='word_1_292' title='bbox 1820 2940 1912 3007; x_wconf 89' lang='lat' dir='ltr'>enim</span> <span class='ocrx_word' id='word_1_293' title='bbox 1933 2939 1966 3007; x_wconf 90' lang='lat' dir='ltr'>in</span> <span class='ocrx_word' id='word_1_294' title='bbox 1989 2959 2056 3007; x_wconf 90' lang='lat' dir='ltr'>cau·</span> 
     </span>
     <span class='ocr_line' id='line_1_26' title="bbox 406 3019 2055 3127; baseline 0.001 -23"><span class='ocrx_word' id='word_1_295' title='bbox 406 3020 1221 3113; x_wconf 83' lang='lat' dir='ltr'>tione,·temporiscollatione,contentoromexa·</span> <span class='ocrx_word' id='word_1_296' title='bbox 1247 3019 1277 3092; x_wconf 84' lang='lat' dir='ltr'>sa</span> <span class='ocrx_word' id='word_1_297' title='bbox 1301 3026 1440 3094; x_wconf 85' lang='lat' dir='ltr'>divortii</span> <span class='ocrx_word' id='word_1_298' title='bbox 1467 3050 1608 3116; x_wconf 86' lang='lat' dir='ltr'>propter</span> <span class='ocrx_word' id='word_1_299' title='bbox 1622 3028 1821 3102; x_wconf 86' lang='lat' dir='ltr'>adulterium</span> <span class='ocrx_word' id='word_1_300' title='bbox 1846 3034 1998 3127; x_wconf 81' lang='lat' dir='ltr'>legitime</span> <span class='ocrx_word' id='word_1_301' title='bbox 2012 3031 2055 3106; x_wconf 84' lang='lat' dir='ltr'>ft·</span> 
     </span>
     <span class='ocr_line' id='line_1_27' title="bbox 406 3114 2053 3212; baseline 0.007 -12"><span class='ocrx_word' id='word_1_302' title='bbox 406 3129 607 3204; x_wconf 86' lang='lat' dir='ltr'>minatione,</span> <span class='ocrx_word' id='word_1_303' title='bbox 629 3124 778 3206; x_wconf 84' lang='lat' dir='ltr'>adeoque</span> <span class='ocrx_word' id='word_1_304' title='bbox 795 3114 1000 3212; x_wconf 81' lang='lat' dir='ltr'>exipsorum</span> <span class='ocrx_word' id='word_1_305' title='bbox 1021 3115 1222 3188; x_wconf 84' lang='lat' dir='ltr'>adversario·</span> <span class='ocrx_word' id='word_1_306' title='bbox 1246 3123 1336 3191; x_wconf 72' lang='lat' dir='ltr'>&amp;um</span> <span class='ocrx_word' id='word_1_307' title='bbox 1361 3125 1480 3194; x_wconf 89' lang='lat' dir='ltr'>marito</span> <span class='ocrx_word' id='word_1_308' title='bbox 1495 3132 1546 3211; x_wconf 88' lang='lat' dir='ltr'>jus</span> <span class='ocrx_word' id='word_1_309' title='bbox 1561 3131 1641 3199; x_wconf 83' lang='lat' dir='ltr'>nori</span> <span class='ocrx_word' id='word_1_310' title='bbox 1663 3132 1867 3202; x_wconf 88' lang='lat' dir='ltr'>matrimonii</span> <span class='ocrx_word' id='word_1_311' title='bbox 1883 3139 2053 3211; x_wconf 76' lang='lat' dir='ltr'>concedats</span> 
     </span>
     <span class='ocr_line' id='line_1_28' title="bbox 406 3211 2052 3315; baseline 0.001 -15"><span class='ocrx_word' id='word_1_312' title='bbox 406 3251 483 3301; x_wconf 85' lang='lat' dir='ltr'>cum</span> <span class='ocrx_word' id='word_1_313' title='bbox 510 3215 721 3295; x_wconf 82' lang='lat' dir='ltr'>eonfeffione.</span> <span class='ocrx_word' id='word_1_314' title='bbox 771 3211 931 3284; x_wconf 76' lang='lat' dir='ltr'>Contulit</span> <span class='ocrx_word' id='word_1_315' title='bbox 945 3218 1077 3284; x_wconf 89' lang='lat' dir='ltr'>interim</span> <span class='ocrx_word' id='word_1_316' title='bbox 1100 3213 1221 3285; x_wconf 87' lang='lat' dir='ltr'>Bellar·</span> <span class='ocrx_word' id='word_1_317' title='bbox 1245 3216 1445 3292; x_wconf 86' lang='lat' dir='ltr'>ostendimus</span> <span class='ocrx_word' id='word_1_318' title='bbox 1467 3218 1632 3310; x_wconf 89' lang='lat' dir='ltr'>superius,</span> <span class='ocrx_word' id='word_1_319' title='bbox 1664 3252 1724 3298; x_wconf 89' lang='lat' dir='ltr'>nec</span> <span class='ocrx_word' id='word_1_320' title='bbox 1743 3232 1854 3315; x_wconf 87' lang='lat' dir='ltr'>potuit</span> <span class='ocrx_word' id='word_1_321' title='bbox 1878 3235 1985 3303; x_wconf 83' lang='lat' dir='ltr'>Sixtus</span> <span class='ocrx_word' id='word_1_322' title='bbox 2003 3237 2052 3304; x_wconf 91' lang='lat' dir='ltr'>Se·</span> 
     </span>
     <span class='ocr_line' id='line_1_29' title="bbox 406 3309 2052 3419; baseline 0.002 -25"><span class='ocrx_word' id='word_1_323' title='bbox 406 3330 515 3400; x_wconf 85' lang='lat' dir='ltr'>minos</span> <span class='ocrx_word' id='word_1_324' title='bbox 534 3321 695 3409; x_wconf 81' lang='lat' dir='ltr'>judicium</span> <span class='ocrx_word' id='word_1_325' title='bbox 719 3309 835 3381; x_wconf 83' lang='lat' dir='ltr'>Gelalii</span> <span class='ocrx_word' id='word_1_326' title='bbox 857 3311 1019 3397; x_wconf 82' lang='lat' dir='ltr'>pontificis</span> <span class='ocrx_word' id='word_1_327' title='bbox 1041 3339 1068 3382; x_wconf 91' lang='lat' dir='ltr'>c.</span> <span class='ocrx_word' id='word_1_328' title='bbox 1093 3310 1218 3385; x_wconf 65' lang='lat' dir='ltr'>Saena</span> <span class='ocrx_word' id='word_1_329' title='bbox 1245 3315 1349 3386; x_wconf 80' lang='lat' dir='ltr'>uetilis</span> <span class='ocrx_word' id='word_1_330' title='bbox 1372 3319 1518 3391; x_wconf 83' lang='lat' dir='ltr'>inficiari.</span> <span class='ocrx_word' id='word_1_331' title='bbox 1571 3329 1615 3416; x_wconf 76' lang='lat'>6)</span> <span class='ocrx_word' id='word_1_332' title='bbox 1646 3322 1849 3419; x_wconf 77' lang='lat' dir='ltr'>Hieronymi</span> <span class='ocrx_word' id='word_1_333' title='bbox 1867 3325 2052 3402; x_wconf 84' lang='lat' dir='ltr'>seutentiam</span> 
     </span>
     <span class='ocr_line' id='line_1_30' title="bbox 407 3409 2052 3514; baseline 0.005 -26"><span class='ocrx_word' id='word_1_334' title='bbox 407 3424 563 3499; x_wconf 81' lang='lat' dir='ltr'>Romano</span> <span class='ocrx_word' id='word_1_335' title='bbox 587 3416 627 3485; x_wconf 87' lang='lat' dir='ltr'>sc.</span> <span class='ocrx_word' id='word_1_336' title='bbox 647 3412 786 3480; x_wconf 67' lang='lat' dir='ltr'>distinet.</span> <span class='ocrx_word' id='word_1_337' title='bbox 819 3432 870 3492; x_wconf 73' lang='grc' dir='ltr'>ις.</span> <span class='ocrx_word' id='word_1_338' title='bbox 890 3412 957 3476; x_wconf 90' lang='lat' dir='ltr'>imo</span> <span class='ocrx_word' id='word_1_339' title='bbox 982 3412 1092 3478; x_wconf 87' lang='lat' dir='ltr'>audiat</span> <span class='ocrx_word' id='word_1_340' title='bbox 1112 3409 1142 3479; x_wconf 84' lang='lat' dir='ltr'>se</span> <span class='ocrx_word' id='word_1_341' title='bbox 1169 3415 1219 3498; x_wconf 87' lang='lat' dir='ltr'>ip.</span> <span class='ocrx_word' id='word_1_342' title='bbox 1237 3416 1384 3492; x_wconf 68' lang='lat' dir='ltr'>¹rii-limus</span> <span class='ocrx_word' id='word_1_343' title='bbox 1410 3415 1565 3505; x_wconf 79' lang='lat' dir='ltr'>lupetius.</span> <span class='ocrx_word' id='word_1_344' title='bbox 1601 3429 1671 3491; x_wconf 86' lang='lat' dir='ltr'>Fuit</span> <span class='ocrx_word' id='word_1_345' title='bbox 1700 3428 1725 3493; x_wconf 90' lang='lat' dir='ltr'>is</span> <span class='ocrx_word' id='word_1_346' title='bbox 1738 3428 1771 3494; x_wconf 88' lang='lat' dir='ltr'>in</span> <span class='ocrx_word' id='word_1_347' title='bbox 1795 3422 1953 3498; x_wconf 83' lang='lat' dir='ltr'>secundas</span> <span class='ocrx_word' id='word_1_348' title='bbox 1975 3452 2052 3514; x_wconf 91' lang='lat' dir='ltr'>nup·</span> 
     </span>
     <span class='ocr_line' id='line_1_31' title="bbox 404 3499 2050 3616; baseline 0.002 -24"><span class='ocrx_word' id='word_1_349' title='bbox 404 3523 476 3595; x_wconf 82' lang='lat' dir='ltr'>lum</span> <span class='ocrx_word' id='word_1_350' title='bbox 507 3523 584 3587; x_wconf 85' lang='lat' dir='ltr'>libr.</span> <span class='ocrx_word' id='word_1_351' title='bbox 602 3524 625 3579; x_wconf 90' lang='grc' dir='ltr'>Ι.</span> <span class='ocrx_word' id='word_1_352' title='bbox 644 3517 685 3575; x_wconf 86' lang='lat' dir='ltr'>de</span> <span class='ocrx_word' id='word_1_353' title='bbox 713 3504 816 3572; x_wconf 86' lang='lat' dir='ltr'>verbo</span> <span class='ocrx_word' id='word_1_354' title='bbox 837 3507 900 3613; x_wconf 77' lang='lat' dir='ltr'>Dei</span> <span class='ocrx_word' id='word_1_355' title='bbox 923 3530 994 3589; x_wconf 85' lang='lat' dir='ltr'>cap.</span> <span class='ocrx_word' id='word_1_356' title='bbox 1013 3514 1086 3578; x_wconf 77' lang='lat' dir='ltr'>XX.</span> <span class='ocrx_word' id='word_1_357' title='bbox 1138 3506 1218 3578; x_wconf 91' lang='lat' dir='ltr'>Non</span> <span class='ocrx_word' id='word_1_358' title='bbox 1239 3499 1303 3579; x_wconf 74' lang='lat' dir='ltr'>&#39;tias</span> <span class='ocrx_word' id='word_1_359' title='bbox 1323 3519 1394 3599; x_wconf 87' lang='lat' dir='ltr'>post</span> <span class='ocrx_word' id='word_1_360' title='bbox 1419 3539 1560 3587; x_wconf 88' lang='lat' dir='ltr'>mortem</span> <span class='ocrx_word' id='word_1_361' title='bbox 1579 3522 1677 3591; x_wconf 89' lang='lat' dir='ltr'>etiam</span> <span class='ocrx_word' id='word_1_362' title='bbox 1692 3501 1811 3607; x_wconf 87' lang='lat' dir='ltr'>prioris</span> <span class='ocrx_word' id='word_1_363' title='bbox 1826 3532 1979 3616; x_wconf 83' lang='lat' dir='ltr'>conjugis</span> <span class='ocrx_word' id='word_1_364' title='bbox 1996 3526 2050 3595; x_wconf 91' lang='lat' dir='ltr'>ini·</span> 
     </span>
     <span class='ocr_line' id='line_1_32' title="bbox 397 3597 2048 3723; baseline 0.004 -34"><span class='ocrx_word' id='word_1_365' title='bbox 397 3624 470 3723; x_wconf 76' lang='lat' dir='ltr'>stne</span> <span class='ocrx_word' id='word_1_366' title='bbox 490 3607 590 3703; x_wconf 78' lang='lat' dir='ltr'>cansa</span> <span class='ocrx_word' id='word_1_367' title='bbox 620 3601 771 3694; x_wconf 72' lang='lat' dir='ltr'>&amp;elafius</span> <span class='ocrx_word' id='word_1_368' title='bbox 791 3597 903 3694; x_wconf 77' lang='lat' dir='ltr'>posuit</span> <span class='ocrx_word' id='word_1_369' title='bbox 922 3604 1009 3672; x_wconf 78' lang='lat' dir='ltr'>inter</span> <span class='ocrx_word' id='word_1_370' title='bbox 1027 3606 1218 3698; x_wconf 70' lang='lat' dir='ltr'>apocrypho</span> <span class='ocrx_word' id='word_1_371' title='bbox 1242 3629 1289 3675; x_wconf 86' lang='lat' dir='ltr'>tas</span> <span class='ocrx_word' id='word_1_372' title='bbox 1306 3635 1466 3700; x_wconf 87' lang='lat' dir='ltr'>perquam</span> <span class='ocrx_word' id='word_1_373' title='bbox 1482 3616 1637 3703; x_wconf 88' lang='lat' dir='ltr'>injurius,</span> <span class='ocrx_word' id='word_1_374' title='bbox 1665 3624 1744 3707; x_wconf 92' lang='lat' dir='ltr'>quin</span> <span class='ocrx_word' id='word_1_375' title='bbox 1761 3632 1794 3693; x_wconf 82' lang='grc' dir='ltr'>δι</span> <span class='ocrx_word' id='word_1_376' title='bbox 1811 3626 1929 3708; x_wconf 89' lang='lat' dir='ltr'>primis</span> <span class='ocrx_word' id='word_1_377' title='bbox 1939 3648 2048 3712; x_wconf 78' lang='lat' dir='ltr'>parum</span> 
     </span>
     <span class='ocr_line' id='line_1_33' title="bbox 405 3699 2047 3800; baseline 0.002 -12"><span class='ocrx_word' id='word_1_378' title='bbox 405 3731 544 3789; x_wconf 82' lang='lat' dir='ltr'>conones</span> <span class='ocrx_word' id='word_1_379' title='bbox 566 3699 806 3800; x_wconf 85' lang='lat' dir='ltr'>apostolorum,</span> <span class='ocrx_word' id='word_1_380' title='bbox 831 3699 918 3791; x_wconf 78' lang='lat' dir='ltr'>qnod</span> <span class='ocrx_word' id='word_1_381' title='bbox 936 3714 1070 3794; x_wconf 70' lang='lat' dir='ltr'>propter</span> <span class='ocrx_word' id='word_1_382' title='bbox 1087 3703 1218 3796; x_wconf 79' lang='lat' dir='ltr'>aliquos</span> <span class='ocrx_word' id='word_1_383' title='bbox 1242 3731 1371 3791; x_wconf 81' lang='lat' dir='ltr'>aequus,</span> <span class='ocrx_word' id='word_1_384' title='bbox 1409 3735 1447 3779; x_wconf 89' lang='lat' dir='ltr'>ut</span> <span class='ocrx_word' id='word_1_385' title='bbox 1463 3735 1502 3780; x_wconf 85' lang='lat' dir='ltr'>eit</span> <span class='ocrx_word' id='word_1_386' title='bbox 1524 3711 1669 3799; x_wconf 86' lang='lat' dir='ltr'>ipsorum</span> <span class='ocrx_word' id='word_1_387' title='bbox 1694 3716 1958 3791; x_wconf 87' lang='lat' dir='ltr'>adversariorum</span> <span class='ocrx_word' id='word_1_388' title='bbox 1979 3747 2047 3791; x_wconf 89' lang='lat' dir='ltr'>con·</span> 
     </span>
     <span class='ocr_line' id='line_1_34' title="bbox 401 3794 2045 3910; baseline 0.002 -24"><span class='ocrx_word' id='word_1_389' title='bbox 401 3811 455 3886; x_wconf 85' lang='lat' dir='ltr'>nel</span> <span class='ocrx_word' id='word_1_390' title='bbox 472 3813 645 3880; x_wconf 75' lang='lat' dir='ltr'>corruptor</span> <span class='ocrx_word' id='word_1_391' title='bbox 671 3795 723 3868; x_wconf 87' lang='lat' dir='ltr'>nel</span> <span class='ocrx_word' id='word_1_392' title='bbox 737 3794 870 3868; x_wconf 78' lang='lat' dir='ltr'>obditos</span> <span class='ocrx_word' id='word_1_393' title='bbox 881 3796 928 3867; x_wconf 84' lang='lat' dir='ltr'>&#39;ob</span> <span class='ocrx_word' id='word_1_394' title='bbox 942 3799 1104 3872; x_wconf 78' lang='lat' dir='ltr'>hereticis</span> <span class='ocrx_word' id='word_1_395' title='bbox 1114 3800 1217 3896; x_wconf 83' lang='lat' dir='ltr'>secis—</span> <span class='ocrx_word' id='word_1_396' title='bbox 1241 3800 1377 3879; x_wconf 82' lang='lat' dir='ltr'>leilione</span> <span class='ocrx_word' id='word_1_397' title='bbox 1392 3806 1449 3878; x_wconf 87' lang='lat' dir='ltr'>suo</span> <span class='ocrx_word' id='word_1_398' title='bbox 1463 3807 1537 3880; x_wconf 86' lang='lat' dir='ltr'>loeo</span> <span class='ocrx_word' id='word_1_399' title='bbox 1553 3815 1768 3900; x_wconf 85' lang='lat' dir='ltr'>ostendimus,</span> <span class='ocrx_word' id='word_1_400' title='bbox 1793 3822 1873 3904; x_wconf 89' lang='lat' dir='ltr'>quid</span> <span class='ocrx_word' id='word_1_401' title='bbox 1890 3845 1972 3910; x_wconf 85' lang='lat' dir='ltr'>ergo</span> <span class='ocrx_word' id='word_1_402' title='bbox 1990 3822 2045 3890; x_wconf 91' lang='lat' dir='ltr'>mi·</span> 
     </span>
     <span class='ocr_line' id='line_1_35' title="bbox 393 3898 2045 4009; baseline 0.015 -46"><span class='ocrx_word' id='word_1_403' title='bbox 393 3899 592 4009; x_wconf 59' lang='lat' dir='ltr'>[evidetur.</span> <span class='ocrx_word' id='word_1_404' title='bbox 643 3899 746 3983; x_wconf 79' lang='lat' dir='ltr'>Atqui</span> <span class='ocrx_word' id='word_1_405' title='bbox 761 3919 801 3964; x_wconf 87' lang='lat' dir='ltr'>ex</span> <span class='ocrx_word' id='word_1_406' title='bbox 816 3898 1032 3968; x_wconf 82' lang='lat' dir='ltr'>instrumento</span> <span class='ocrx_word' id='word_1_407' title='bbox 1055 3925 1216 3988; x_wconf 85' lang='lat' dir='ltr'>corrupto</span> <span class='ocrx_word' id='word_1_408' title='bbox 1240 3928 1333 3982; x_wconf 86' lang='lat' dir='ltr'>rom,</span> <span class='ocrx_word' id='word_1_409' title='bbox 1359 3913 1446 3992; x_wconf 88' lang='lat' dir='ltr'>quod</span> <span class='ocrx_word' id='word_1_410' title='bbox 1470 3911 1599 3995; x_wconf 84' lang='lat' dir='ltr'>nuptias</span> <span class='ocrx_word' id='word_1_411' title='bbox 1618 3914 1690 3997; x_wconf 89' lang='lat' dir='ltr'>post</span> <span class='ocrx_word' id='word_1_412' title='bbox 1704 3918 1885 3985; x_wconf 85' lang='lat' dir='ltr'>divortium</span> <span class='ocrx_word' id='word_1_413' title='bbox 1902 3918 2045 3988; x_wconf 89' lang='lat' dir='ltr'>adulterii</span> 
     </span>
     <span class='ocr_line' id='line_1_36' title="bbox 401 3995 2045 4096; baseline 0.007 -22"><span class='ocrx_word' id='word_1_414' title='bbox 401 4001 563 4083; x_wconf 78' lang='lat' dir='ltr'>&amp;falsato</span> <span class='ocrx_word' id='word_1_415' title='bbox 581 4018 729 4085; x_wconf 74' lang='lat' dir='ltr'>quanam</span> <span class='ocrx_word' id='word_1_416' title='bbox 743 3995 849 4096; x_wconf 82' lang='lat' dir='ltr'>potell</span> <span class='ocrx_word' id='word_1_417' title='bbox 862 3997 931 4078; x_wconf 80' lang='lat' dir='ltr'>peti</span> <span class='ocrx_word' id='word_1_418' title='bbox 946 3995 1121 4083; x_wconf 75' lang='lat' dir='ltr'>prabatio?</span> <span class='ocrx_word' id='word_1_419' title='bbox 1149 4004 1215 4071; x_wconf 82' lang='lat' dir='ltr'>Ad·</span> <span class='ocrx_word' id='word_1_420' title='bbox 1238 3998 1330 4071; x_wconf 83' lang='lat' dir='ltr'>causa</span> <span class='ocrx_word' id='word_1_421' title='bbox 1349 4001 1472 4075; x_wconf 72' lang='lat' dir='ltr'>facium</span> <span class='ocrx_word' id='word_1_422' title='bbox 1499 4031 1537 4074; x_wconf 87' lang='lat' dir='ltr'>ex</span> <span class='ocrx_word' id='word_1_423' title='bbox 1554 4006 1709 4091; x_wconf 71' lang='lat' dir='ltr'>perieris</span> <span class='ocrx_word' id='word_1_424' title='bbox 1736 4014 1915 4085; x_wconf 88' lang='lat' dir='ltr'>verborum</span> <span class='ocrx_word' id='word_1_425' title='bbox 1931 4017 2045 4088; x_wconf 81' lang='lat' dir='ltr'>Christi</span> 
     </span>
     <span class='ocr_line' id='line_1_37' title="bbox 348 4093 2045 4206; baseline 0.01 -37"><span class='ocrx_word' id='word_1_426' title='bbox 348 4133 379 4190; x_wconf 51' lang='grc' dir='ltr'>χ</span> <span class='ocrx_word' id='word_1_427' title='bbox 398 4107 441 4179; x_wconf 80' lang='lat' dir='ltr'>de</span> <span class='ocrx_word' id='word_1_428' title='bbox 456 4105 547 4188; x_wconf 89' lang='lat' dir='ltr'>quod</span> <span class='ocrx_word' id='word_1_429' title='bbox 562 4120 632 4165; x_wconf 87' lang='lat' dir='ltr'>can.</span> <span class='ocrx_word' id='word_1_430' title='bbox 647 4096 799 4160; x_wconf 84' lang='lat' dir='ltr'>XLVlil.</span> <span class='ocrx_word' id='word_1_431' title='bbox 831 4093 872 4158; x_wconf 90' lang='lat' dir='ltr'>ad</span> <span class='ocrx_word' id='word_1_432' title='bbox 887 4116 985 4177; x_wconf 91' lang='lat' dir='ltr'>quem</span> <span class='ocrx_word' id='word_1_433' title='bbox 1001 4093 1213 4166; x_wconf 86' lang='lat' dir='ltr'>ssellarminus</span> <span class='ocrx_word' id='word_1_434' title='bbox 1238 4107 1271 4167; x_wconf 78' lang='lat' dir='ltr'>dt</span> <span class='ocrx_word' id='word_1_435' title='bbox 1287 4104 1425 4185; x_wconf 82' lang='lat' dir='ltr'>apostoli</span> <span class='ocrx_word' id='word_1_436' title='bbox 1449 4104 1616 4174; x_wconf 67' lang='lat' dir='ltr'>intellectu</span> <span class='ocrx_word' id='word_1_437' title='bbox 1636 4109 1823 4195; x_wconf 76' lang='lat' dir='ltr'>improbet?</span> <span class='ocrx_word' id='word_1_438' title='bbox 1878 4116 1922 4206; x_wconf 87' lang='lat'>7)</span> <span class='ocrx_word' id='word_1_439' title='bbox 1947 4110 2045 4206; x_wconf 78' lang='lat' dir='ltr'>Ciny·</span> 
     </span>
     <span class='ocr_line' id='line_1_38' title="bbox 396 4187 2043 4301; baseline 0.015 -44"><span class='ocrx_word' id='word_1_440' title='bbox 396 4218 584 4294; x_wconf 76' lang='lat' dir='ltr'>provocat,</span> <span class='ocrx_word' id='word_1_441' title='bbox 607 4187 732 4259; x_wconf 89' lang='lat' dir='ltr'>nullam</span> <span class='ocrx_word' id='word_1_442' title='bbox 745 4189 879 4255; x_wconf 77' lang='lat' dir='ltr'>divortii</span> <span class='ocrx_word' id='word_1_443' title='bbox 891 4189 934 4257; x_wconf 88' lang='lat' dir='ltr'>ob</span> <span class='ocrx_word' id='word_1_444' title='bbox 950 4188 1148 4262; x_wconf 88' lang='lat' dir='ltr'>adulterium</span> <span class='ocrx_word' id='word_1_445' title='bbox 1164 4191 1211 4263; x_wconf 84' lang='lat' dir='ltr'>fa·</span> <span class='ocrx_word' id='word_1_446' title='bbox 1228 4190 1390 4291; x_wconf 79' lang='lat' dir='ltr'>sostonrns</span> <span class='ocrx_word' id='word_1_447' title='bbox 1409 4224 1521 4270; x_wconf 87' lang='lat' dir='ltr'>contra</span> <span class='ocrx_word' id='word_1_448' title='bbox 1538 4205 1678 4274; x_wconf 83' lang='lat' dir='ltr'>divortia</span> <span class='ocrx_word' id='word_1_449' title='bbox 1701 4215 1873 4280; x_wconf 86' lang='lat' dir='ltr'>temeraria</span> <span class='ocrx_word' id='word_1_450' title='bbox 1891 4209 2043 4301; x_wconf 81' lang='lat' dir='ltr'>disputat,</span> 
     </span>
     <span class='ocr_line' id='line_1_39' title="bbox 395 4281 2043 4396; baseline 0.013 -39"><span class='ocrx_word' id='word_1_451' title='bbox 395 4302 442 4372; x_wconf 67' lang='lat' dir='ltr'>&amp;i</span> <span class='ocrx_word' id='word_1_452' title='bbox 459 4295 660 4365; x_wconf 81' lang='lat' dir='ltr'>mentionem</span> <span class='ocrx_word' id='word_1_453' title='bbox 680 4287 846 4372; x_wconf 90' lang='lat' dir='ltr'>continet,</span> <span class='ocrx_word' id='word_1_454' title='bbox 871 4281 924 4356; x_wconf 88' lang='lat' dir='ltr'>sed</span> <span class='ocrx_word' id='word_1_455' title='bbox 952 4286 1143 4373; x_wconf 79' lang='lat' dir='ltr'>fimpliciter</span> <span class='ocrx_word' id='word_1_456' title='bbox 1161 4295 1211 4360; x_wconf 92' lang='lat' dir='ltr'>di·</span> <span class='ocrx_word' id='word_1_457' title='bbox 1235 4293 1395 4379; x_wconf 84' lang='lat' dir='ltr'>prohibiti</span> <span class='ocrx_word' id='word_1_458' title='bbox 1426 4302 1496 4383; x_wconf 85' lang='lat' dir='ltr'>post</span> <span class='ocrx_word' id='word_1_459' title='bbox 1519 4302 1698 4375; x_wconf 87' lang='lat' dir='ltr'>divortium</span> <span class='ocrx_word' id='word_1_460' title='bbox 1723 4307 1911 4396; x_wconf 81' lang='lat' dir='ltr'>legitimum</span> <span class='ocrx_word' id='word_1_461' title='bbox 1939 4314 2043 4381; x_wconf 87' lang='lat' dir='ltr'>matti·</span> 
     </span>
     <span class='ocr_line' id='line_1_40' title="bbox 294 4379 2050 4492; baseline 0.009 -27"><span class='ocrx_word' id='word_1_462' title='bbox 294 4457 297 4461; x_wconf 96' lang='lat'>.</span> <span class='ocrx_word' id='word_1_463' title='bbox 394 4400 458 4468; x_wconf 86' lang='lat' dir='ltr'>cit:</span> <span class='ocrx_word' id='word_1_464' title='bbox 485 4384 527 4462; x_wconf 80' lang='lat' dir='ltr'>Si</span> <span class='ocrx_word' id='word_1_465' title='bbox 549 4386 640 4483; x_wconf 86' lang='lat' dir='ltr'>quir,</span> <span class='ocrx_word' id='word_1_466' title='bbox 666 4406 736 4475; x_wconf 75' lang='lat' dir='ltr'>etin</span> <span class='ocrx_word' id='word_1_467' title='bbox 750 4379 850 4474; x_wconf 86' lang='lat' dir='ltr'>suom</span> <span class='ocrx_word' id='word_1_468' title='bbox 871 4380 940 4474; x_wconf 84' lang='lat' dir='ltr'>ose</span> <span class='ocrx_word' id='word_1_469' title='bbox 962 4408 1099 4456; x_wconf 79' lang='lat' dir='ltr'>uxorem</span> <span class='ocrx_word' id='word_1_470' title='bbox 1122 4387 1209 4481; x_wconf 87' lang='lat' dir='ltr'>obji·</span> <span class='ocrx_word' id='word_1_471' title='bbox 1234 4394 1335 4462; x_wconf 90' lang='lat' dir='ltr'>monii</span> <span class='ocrx_word' id='word_1_472' title='bbox 1361 4394 1484 4465; x_wconf 87' lang='lat' dir='ltr'>nullam</span> <span class='ocrx_word' id='word_1_473' title='bbox 1511 4400 1646 4468; x_wconf 87' lang='lat' dir='ltr'>omnino</span> <span class='ocrx_word' id='word_1_474' title='bbox 1668 4407 1869 4477; x_wconf 84' lang='lat' dir='ltr'>mentionem</span> <span class='ocrx_word' id='word_1_475' title='bbox 1892 4406 1984 4492; x_wconf 83' lang='lat' dir='ltr'>facit,</span> <span class='ocrx_word' id='word_1_476' title='bbox 2007 4433 2050 4480; x_wconf 86' lang='lat' dir='ltr'>ac·</span> 
     </span>
     <span class='ocr_line' id='line_1_41' title="bbox 393 4479 2040 4592; baseline 0.019 -42"><span class='ocrx_word' id='word_1_477' title='bbox 393 4496 457 4572; x_wconf 65' lang='lat' dir='ltr'>cie,</span> <span class='ocrx_word' id='word_1_478' title='bbox 484 4482 766 4561; x_wconf 78' lang='lat' dir='ltr'>alinmrlnieerit,</span> <span class='ocrx_word' id='word_1_479' title='bbox 792 4479 911 4552; x_wconf 73' lang='lat' dir='ltr'>uitiati</span> <span class='ocrx_word' id='word_1_480' title='bbox 931 4481 1205 4579; x_wconf 72' lang='lat' dir='ltr'>oliodimiffom,</span> <span class='ocrx_word' id='word_1_481' title='bbox 1233 4492 1347 4560; x_wconf 78' lang='lat' dir='ltr'>nostra</span> <span class='ocrx_word' id='word_1_482' title='bbox 1382 4495 1490 4579; x_wconf 82' lang='lat' dir='ltr'>potitis</span> <span class='ocrx_word' id='word_1_483' title='bbox 1529 4490 1693 4569; x_wconf 75' lang='lat' dir='ltr'>sententiae</span> <span class='ocrx_word' id='word_1_484' title='bbox 1726 4498 1833 4585; x_wconf 85' lang='lat' dir='ltr'>ipsum</span> <span class='ocrx_word' id='word_1_485' title='bbox 1867 4517 2040 4592; x_wconf 85' lang='lat' dir='ltr'>accedere,</span> 
     </span>
     <span class='ocr_line' id='line_1_42' title="bbox 390 4577 2041 4686; baseline 0.001 -24"><span class='ocrx_word' id='word_1_486' title='bbox 390 4585 653 4664; x_wconf 81' lang='lat' dir='ltr'>ocoinrnonione</span> <span class='ocrx_word' id='word_1_487' title='bbox 666 4577 874 4674; x_wconf 80' lang='lat' dir='ltr'>segregator.</span> <span class='ocrx_word' id='word_1_488' title='bbox 930 4586 1128 4653; x_wconf 87' lang='lat' dir='ltr'>Temerariis</span> <span class='ocrx_word' id='word_1_489' title='bbox 1144 4587 1206 4675; x_wconf 82' lang='lat' dir='ltr'>igi·</span> <span class='ocrx_word' id='word_1_490' title='bbox 1230 4588 1427 4661; x_wconf 88' lang='lat' dir='ltr'>ostendimus</span> <span class='ocrx_word' id='word_1_491' title='bbox 1452 4585 1607 4679; x_wconf 85' lang='lat' dir='ltr'>superius.</span> <span class='ocrx_word' id='word_1_492' title='bbox 1662 4602 1702 4686; x_wconf 78' lang='lat'>8)</span> <span class='ocrx_word' id='word_1_493' title='bbox 1732 4596 1922 4675; x_wconf 72' lang='lat' dir='ltr'>Concilium</span> <span class='ocrx_word' id='word_1_494' title='bbox 1942 4604 2013 4677; x_wconf 61' lang='lat' dir='ltr'>siin</span> <span class='ocrx_word' id='word_1_495' title='bbox 2026 4643 2041 4664; x_wconf 89' lang='lat'><strong><em>.</em></strong></span> 
     </span>
     <span class='ocr_line' id='line_1_43' title="bbox 389 4680 2039 4797; baseline 0.008 -34"><span class='ocrx_word' id='word_1_496' title='bbox 389 4689 623 4772; x_wconf 67' lang='lat' dir='ltr'>turmulis,</span> <span class='ocrx_word' id='word_1_497' title='bbox 650 4706 715 4746; x_wconf 67' lang='lat' dir='ltr'>noi</span> <span class='ocrx_word' id='word_1_498' title='bbox 737 4701 847 4747; x_wconf 86' lang='lat' dir='ltr'>autem</span> <span class='ocrx_word' id='word_1_499' title='bbox 874 4680 958 4763; x_wconf 81' lang='lat' dir='ltr'>justo</span> <span class='ocrx_word' id='word_1_500' title='bbox 981 4681 1126 4751; x_wconf 85' lang='lat' dir='ltr'>divortio</span> <span class='ocrx_word' id='word_1_501' title='bbox 1147 4682 1202 4755; x_wconf 91' lang='lat' dir='ltr'>hic</span> <span class='ocrx_word' id='word_1_502' title='bbox 1230 4686 1403 4768; x_wconf 68' lang='lat' dir='ltr'>vitonum,</span> <span class='ocrx_word' id='word_1_503' title='bbox 1433 4697 1524 4773; x_wconf 87' lang='lat' dir='ltr'>cujus</span> <span class='ocrx_word' id='word_1_504' title='bbox 1551 4717 1709 4765; x_wconf 87' lang='lat' dir='ltr'>canonem</span> <span class='ocrx_word' id='word_1_505' title='bbox 1734 4701 1913 4773; x_wconf 83' lang='lat' dir='ltr'>concilium</span> <span class='ocrx_word' id='word_1_506' title='bbox 1938 4703 2039 4797; x_wconf 82' lang='lat' dir='ltr'>Afri·</span> 
     </span>
     <span class='ocr_line' id='line_1_44' title="bbox 387 4772 2037 4880; baseline 0.006 -23"><span class='ocrx_word' id='word_1_507' title='bbox 387 4812 491 4862; x_wconf 88' lang='lat' dir='ltr'>canon</span> <span class='ocrx_word' id='word_1_508' title='bbox 506 4786 552 4857; x_wconf 82' lang='lat' dir='ltr'>eil</span> <span class='ocrx_word' id='word_1_509' title='bbox 564 4772 753 4865; x_wconf 79' lang='lat' dir='ltr'>oppositus,</span> <span class='ocrx_word' id='word_1_510' title='bbox 781 4773 859 4844; x_wconf 85' lang='lat' dir='ltr'>sicut</span> <span class='ocrx_word' id='word_1_511' title='bbox 876 4784 909 4846; x_wconf 78' lang='grc' dir='ltr'>δι</span> <span class='ocrx_word' id='word_1_512' title='bbox 927 4774 1094 4847; x_wconf 77' lang='lat' dir='ltr'>lislsamon</span> <span class='ocrx_word' id='word_1_513' title='bbox 1110 4803 1200 4850; x_wconf 79' lang='lat' dir='ltr'>corr·</span> <span class='ocrx_word' id='word_1_514' title='bbox 1228 4802 1348 4852; x_wconf 81' lang='lat' dir='ltr'>runrirn</span> <span class='ocrx_word' id='word_1_515' title='bbox 1367 4791 1506 4870; x_wconf 73' lang='lat' dir='ltr'>repetit,</span> <span class='ocrx_word' id='word_1_516' title='bbox 1525 4790 1664 4860; x_wconf 88' lang='lat' dir='ltr'>vidimus</span> <span class='ocrx_word' id='word_1_517' title='bbox 1680 4789 1849 4880; x_wconf 79' lang='lat' dir='ltr'>superius..</span> <span class='ocrx_word' id='word_1_518' title='bbox 1881 4799 2037 4875; x_wconf 75' lang='lat' dir='ltr'>Innoten.</span> 
     </span>
     <span class='ocr_line' id='line_1_45' title="bbox 384 4870 2033 4985; baseline 0.005 -29"><span class='ocrx_word' id='word_1_519' title='bbox 384 4904 550 4972; x_wconf 72' lang='lat' dir='ltr'>attentator</span> <span class='ocrx_word' id='word_1_520' title='bbox 574 4884 644 4965; x_wconf 84' lang='lat' dir='ltr'>ejus</span> <span class='ocrx_word' id='word_1_521' title='bbox 663 4875 696 4942; x_wconf 82' lang='lat' dir='ltr'>iri</span> <span class='ocrx_word' id='word_1_522' title='bbox 728 4893 794 4942; x_wconf 90' lang='lat' dir='ltr'>not.</span> <span class='ocrx_word' id='word_1_523' title='bbox 818 4874 970 4958; x_wconf 83' lang='lat' dir='ltr'>exponit:</span> <span class='ocrx_word' id='word_1_524' title='bbox 1017 4870 1198 4969; x_wconf 71' lang='lat' dir='ltr'>Quisnam</span> <span class='ocrx_word' id='word_1_525' title='bbox 1224 4879 1362 4952; x_wconf 79' lang='lat' dir='ltr'>siusili.</span> <span class='ocrx_word' id='word_1_526' title='bbox 1380 4887 1473 4954; x_wconf 83' lang='lat' dir='ltr'>deco</span> <span class='ocrx_word' id='word_1_527' title='bbox 1491 4889 1634 4957; x_wconf 84' lang='lat' dir='ltr'>divortio</span> <span class='ocrx_word' id='word_1_528' title='bbox 1650 4892 1814 4977; x_wconf 87' lang='lat' dir='ltr'>loquitor,</span> <span class='ocrx_word' id='word_1_529' title='bbox 1836 4906 1923 4985; x_wconf 75' lang='lat' dir='ltr'>qnod</span> <span class='ocrx_word' id='word_1_530' title='bbox 1941 4903 2033 4975; x_wconf 81' lang='lat' dir='ltr'>Chri.</span> 
     </span>
     <span class='ocr_line' id='line_1_46' title="bbox 383 4970 2033 5090; baseline 0.001 -33"><span class='ocrx_word' id='word_1_531' title='bbox 383 5006 522 5057; x_wconf 81' lang='lat' dir='ltr'>nxorem</span> <span class='ocrx_word' id='word_1_532' title='bbox 548 4984 670 5073; x_wconf 74' lang='lat' dir='ltr'>preter</span> <span class='ocrx_word' id='word_1_533' title='bbox 684 4972 847 5043; x_wconf 78' lang='lat' dir='ltr'>rationem</span> <span class='ocrx_word' id='word_1_534' title='bbox 869 4970 979 5062; x_wconf 82' lang='lat' dir='ltr'>ejicit,</span> <span class='ocrx_word' id='word_1_535' title='bbox 1004 4982 1064 5042; x_wconf 80' lang='lat' dir='ltr'>nat</span> <span class='ocrx_word' id='word_1_536' title='bbox 1082 4973 1138 5067; x_wconf 86' lang='lat' dir='ltr'>qni</span> <span class='ocrx_word' id='word_1_537' title='bbox 1152 4974 1198 5047; x_wconf 88' lang='lat' dir='ltr'>li·</span> <span class='ocrx_word' id='word_1_538' title='bbox 1222 4977 1285 5046; x_wconf 86' lang='lat' dir='ltr'>stus</span> <span class='ocrx_word' id='word_1_539' title='bbox 1301 4981 1421 5052; x_wconf 81' lang='lat' dir='ltr'>Martii.</span> <span class='ocrx_word' id='word_1_540' title='bbox 1438 4988 1478 5053; x_wconf 86' lang='lat' dir='ltr'>V.</span> <span class='ocrx_word' id='word_1_541' title='bbox 1493 5008 1547 5067; x_wconf 84' lang='lat'>32·</span> <span class='ocrx_word' id='word_1_542' title='bbox 1570 4986 1754 5072; x_wconf 87' lang='lat' dir='ltr'>prohibuit.</span> <span class='ocrx_word' id='word_1_543' title='bbox 1801 4999 1849 5084; x_wconf 86' lang='lat'>9)</span> <span class='ocrx_word' id='word_1_544' title='bbox 1871 4996 2033 5090; x_wconf 71' lang='lat' dir='ltr'>Arimini.</span> 
     </span>
    </p>
   </div>
   <div class='ocr_carea' id='block_1_3' title="bbox 379 5064 2031 5289">
    <p class='ocr_par' dir='ltr' id='par_1_3' title="bbox 379 5064 2031 5289">
     <span class='ocr_line' id='line_1_47' title="bbox 379 5064 2031 5270; baseline 0.002 -111"><span class='ocrx_word' id='word_1_545' title='bbox 379 5082 491 5160; x_wconf 78' lang='lat' dir='ltr'>beroen</span> <span class='ocrx_word' id='word_1_546' title='bbox 508 5101 573 5155; x_wconf 76' lang='lat' dir='ltr'>nan</span> <span class='ocrx_word' id='word_1_547' title='bbox 589 5071 732 5171; x_wconf 80' lang='lat' dir='ltr'>occepit,</span> <span class='ocrx_word' id='word_1_548' title='bbox 741 5067 805 5170; x_wconf 75' lang='lat' dir='ltr'>sni</span> <span class='ocrx_word' id='word_1_549' title='bbox 820 5064 1106 5165; x_wconf 71' lang='grc' dir='ltr'>ς’πιλιλυμέιιι,</span> <span class='ocrx_word' id='word_1_550' title='bbox 1122 5093 1194 5171; x_wconf 82' lang='lat' dir='ltr'>quae</span> <span class='ocrx_word' id='word_1_551' title='bbox 1219 5075 1259 5151; x_wconf 89' lang='lat' dir='ltr'>ni</span> <span class='ocrx_word' id='word_1_552' title='bbox 1273 5100 1376 5181; x_wconf 38' lang='lat' dir='ltr'>aetate·</span> <span class='ocrx_word' id='word_1_553' title='bbox 1390 5078 1476 5156; x_wconf 83' lang='lat' dir='ltr'>hanc</span> <span class='ocrx_word' id='word_1_554' title='bbox 1495 5085 1705 5174; x_wconf 84' lang='lat' dir='ltr'>quaestionem</span> <span class='ocrx_word' id='word_1_555' title='bbox 1719 5087 1812 5167; x_wconf 73' lang='lat' dir='ltr'>fuine</span> <span class='ocrx_word' id='word_1_556' title='bbox 1828 5083 1977 5270; x_wconf 67' lang='lat' dir='ltr'>rigidiuss</span> <span class='ocrx_word' id='word_1_557' title='bbox 1984 5102 2031 5170; x_wconf 79' lang='lat' dir='ltr'>di.</span> 
     </span>
     <span class='ocr_line' id='line_1_48' title="bbox 1067 5213 2027 5289; baseline 0.002 -57"><span class='ocrx_word' id='word_1_558' title='bbox 1067 5213 1074 5232; x_wconf 76' lang='lat'><strong>.</strong></span> <span class='ocrx_word' id='word_1_559' title='bbox 1969 5223 2027 5289; x_wconf 49' lang='lat' dir='ltr'>pu·</span> 
     </span>
    </p>
   </div>
   <div class='ocr_carea' id='block_1_4' title="bbox 0 0 2446 5984">
    <p class='ocr_par' dir='ltr' id='par_1_4' title="bbox 0 0 2446 5984">
     <span class='ocr_line' id='line_1_49' title="bbox 0 0 2446 5984; baseline 0 3"><span class='ocrx_word' id='word_1_560' title='bbox 0 0 2446 5984; x_wconf 95' lang='lat' dir='ltr'> </span> 
     </span>
    </p>
   </div>
  </div>
 </body>
</html>
