4884 5984
593 469 680 576 uu-
709 467 973 544 cousensus
1021 467 1281 546 utrumme
1329 467 1686 544 maceranum·
1914 485 1982 570 η·

280 661 942 838 ιιιιιιιιιιιιιιιιιιι
968 667 1110 838 ιιι.
1131 690 1258 838 ιιι
1276 661 1683 846 mmmm:
1716 762 1982 844 a.
2079 833 2088 844 ,

239 911 242 916 -
277 859 381 951 pler,
404 859 483 936 alias
498 863 587 936 enim
603 860 718 934 liceret
736 865 836 935 etiam
855 887 972 936 contra
986 867 1109 956 maduo
1134 860 1197 936 lV.
1214 869 1258 936 de
1276 884 1371 952 nupt.
1393 888 1465 952 cap.
1492 871 1515 934 Ι.
1572 859 1718 936 Omnino
1738 874 1900 937 onoma
1915 867 1959 963 est

278 960 442 1032 diuinitas
460 957 872 1058 prohibitotmatrtmania
892 959 1109 1034 contrahere.
1128 965 1273 1062 potestas
1289 963 1427 1058 patria,
1453 963 1531 1033 lieet
1552 961 1604 1033 ali
1626 985 1703 1034 raom
1718 960 1872 1053 foratam
1895 961 1959 1034 lte·

275 1061 371 1145 quod
386 1053 480 1131 abir.
531 1055 617 1128 Filia
633 1059 826 1148 zelaplaead
836 1057 1049 1130 'matrimonii
1067 1056 1108 1128 li·
1131 1058 1208 1134 beat
1220 1085 1242 1134 a
1246 1063 1324 1156 jure
1333 1059 1487 1134 Romano
1497 1061 1585 1133 inter
1594 986 1958 1158 lornanmpropriam.

273 1151 447 1230 bertatem
461 1154 645 1239 habebant,
672 1159 805 1230 interim
828 1154 1030 1245 jubebantur
1047 1182 1110 1228 ou·
1132 1183 1199 1246 quo
1225 1157 1331 1232 refert
1352 1159 1547 1248 particulam
1576 1159 1798 1249 emphaticam
1827 1159 1957 1247 talem,

271 1249 362 1324 bere
379 1255 415 1326 in
429 1249 486 1326 sua
504 1252 613 1340 tribu,
639 1259 743 1328 Num.
764 1253 928 1328 xxxvl.
945 1259 980 1328 ό.
1006 1252 1111 1327 frater
1132 1260 1204 1328 inst.
1222 1261 1264 1329 de
1290 1279 1374 1347 patr.
1401 1261 1516 1346 potest.
1548 1265 1575 1347 §.
1598 1267 1650 1346 jus
1674 1279 1795 1328 autem.
1860 1253 1961 1331 Nudi

271 1349 358 1446 lege
387 1347 528 1426 Mosaica
555 1353 729 1426 tenebatur
746 1351 897 1425 relidam
917 1352 1028 1428 fratria
1048 1357 1110 1426 du·
1132 1355 1199 1428 alii
1224 1356 1371 1428 homines
1383 1353 1483 1450 ¹factal,
1505 1355 1681 1451 quitatem
1704 1356 1740 1427 ιἰι
1759 1353 1883 1430 liberos
1893 1379 1958 1453 po·

270 1473 368 1534 tere.
387 1454 488 1524 Deut
501 1449 615 1525 XXV.
639 1473 668 1538 5.
721 1453 794 1523 Nec
809 1453 992 1541 impeditur
1009 1450 1109 1524 liber·
1133 1457 1280 1554 testatem
1300 1453 1441 1540 habent,
1465 1457 1594 1552 qualem
1614 1477 1676 1527 nos
1694 1452 1871 1536 habemus.
1898 1454 1958 1528 ubi

272 1567 339 1620 tat
359 1550 588 1629 matrimonii,
621 1549 747 1622 etiamst
775 1551 935 1638 'utpedita
964 1550 1003 1624 stt
1029 1574 1106 1622 curn
1132 1558 1332 1643 interpretes
1357 1552 1458 1627 telem
1482 1553 1648 1642 explicant
1671 1563 1740 1626 iam
1761 1557 1960 1654 profluam

275 1671 347 1720 etna
362 1643 419 1718 vel
438 1643 541 1720 altera
560 1642 716 1736 persona,
741 1647 766 1720 l.
786 1671 860 1720 cunt
882 1651 933 1721 ito
948 1647 1108 1744 legatum
1132 1651 1375 1752 pacificatum,
1383 1651 1443 1747 seu
1458 1651 1649 1726 excellenter
1661 1649 1958 1744 limitatamQui'·

269 1747 333 1848 fit.
357 1755 420 1828 63.
436 1749 480 1818 de
499 1747 678 1820 condition.
699 1754 734 1820 dc
758 1748 936 1818 demoullr.
997 1753 1050 1843 4.)
1075 1749 1109 1818 Si
1133 1757 1209 1826 dant
1227 1777 1310 1844 ergo
1323 1754 1527 1842 distinguunt
1549 1754 1635 1823 inter
1650 1751 1802 1846 patrium
1814 1753 1959 1850 potesta-

276 1841 445 1932 pontifiaii
468 1865 593 1916 tantam
616 1841 733 1915 volunt
751 1841 815 1918 effi:
836 1848 871 1918 in
891 1845 1109 1918 matrimoniis
1133 1861 1218 1931 tem,
1244 1863 1277 1926 δι
1290 1853 1348 1946 jus
1361 1851 1487 1946 putria
1503 1853 1703 1950 potestatis:
1727 1849 1819 1922 illam
1843 1853 1960 1922 dicunt

281 1939 489 2024 libertatem,
513 1968 573 2016 atta
592 1961 642 2014 tot
667 1943 790 2033 gradus
806 1946 1013 2036 cognitionis
1029 1965 1110 2032 pro-
1134 1947 1198 2022 elle
1220 1948 1305 2036 juris
1332 1945 1508 2026 naturalis,
1543 1947 1606 2020 hoc
1631 1971 1712 2020 vero
1733 1951 1816 2037 iuris
1838 1945 1957 2020 ciuilis.

284 2039 399 2114 bibent
444 2041 504 2132 qui
517 2039 594 2132 lege
610 2042 723 2114 diuina
738 2063 806 2112 non
826 2036 900 2113 sunt
921 2039 1108 2132 prohibiti?
1134 2055 1269 2119 Vacuna
1285 2047 1439 2119 declarat.
1463 2056 1495 2124 8.
1548 2048 1609 2119 Sed
1637 2048 1715 2133 quia
1737 2047 1878 2136 potestas
1898 2067 1960 2134 pa·

236 2191 245 2212 .
286 2137 377 2216 olim
449 2140 495 2210 'm
519 2163 621 2228 usquo
644 2141 685 2212 td
707 2135 885 2226 septimum
904 2136 1111 2234 cognationis
1133 2147 1197 2217 tria
1216 2155 1251 2220 de
1274 2153 1324 2232 jus
1349 2147 1464 2234 patrie
1486 2146 1655 2238 potestatis
1682 2147 1718 2215 in
1740 2143 1870 2236 legibus
1892 2163 1958 2231 pro

288 2241 424 2330 gradum
438 2239 562 2327 nuptie
577 2259 672 2308 erant
686 2243 760 2324 jure
777 2240 936 2312 canouico
957 2233 1110 2330 prohibi-
1132 2247 1250 2317 eodem
1269 2239 1465 2324 sumuntur3
1493 2245 1567 2315 ideo
1596 2241 1651 2312 alii
1673 2241 1879 2336 distinguunt
1906 2240 1973 2312 lta-¹

290 2357 340 2424 ιτς
362 2361 426 2408 cur
445 2361 508 2426 per
527 2331 732 2426 spiritualem
749 2337 982 2428 cognationem
995 2335 1112 2408 matri·
1133 2364 1185 2415 ter
1201 2342 1396 2430 potestatem
1415 2341 1555 2428 patriam
1572 2340 1607 2412 in
1620 2363 1754 2434 genere,
1782 2365 1854 2429 que
1865 2357 1975 2410 com·

291 2436 439 2512 monium
461 2434 620 2524 impediri
639 2433 806 2505 tradunt‘i
848 2434 902 2530 5.)
929 2430 1047 2528 Qualis
1071 2431 1108 2504 li·
1134 2441 1292 2531 plettimr
1309 2439 1546 2519 reverentiam,
1573 2439 1734 2512 honorem
1750 2463 1787 2510 ac
1802 2436 1962 2512 obedian-

291 2531 392 2608 bertas
405 2535 442 2606 in
454 2525 610 2604 consensu
624 2529 890 2608 contrahentium
902 2533 1110 2622 requiratur,
1135 2542 1215 2612 tiam
1236 2535 1428 2628 parentibus
1446 2533 1592 2608 olibetis
1611 2533 1783 2617 debitam,
1808 2546 1843 2612 dt
1871 2537 1959 2607 inter

290 2631 382 2722 paulo
400 2633 475 2724 post
492 2628 723 2721 explicabitur.
1133 2637 1329 2730 potestatem
1349 2637 1490 2724 patriam
1513 2635 1549 2706 ιἰι
1559 2631 1691 2730 specle,
1716 2660 1789 2708 eam
1813 2627 1960 2716 scilieet.

588 2740 623 2820 §.
645 2733 812 2804 LXXXV.
864 2735 923 2816 11.)
943 2727 1051 2825 Leges
1064 2726 1113 2802 εἰ·
1135 2761 1236 2824 quam
1259 2737 1347 2807 cives
1368 2734 1512 2806 Romani
1533 2735 1566 2804 in
1592 2734 1713 2806 liberor
1736 2729 1887 2816 ltabent,
1919 2738 1958 2804 dt

290 2817 493 2918 ΨΜ·
540 2827 627 2902 uiles
644 2828 817 2924 requirunt
837 2841 1017 2924 pareatum
1035 2849 1113 2900 con·
1136 2831 1179 2906 fic
1205 2830 1382 2904 conciliant
1404 2830 1517 2922 leges,
1552 2855 1623 2918 qua
1652 2834 1793 2919 patriam
1816 2829 1960 2920 patella·

290 2907 494 2994 ‘mm‘
534 2925 668 3026 sensum
679 2937 820 3023 propter
833 2929 891 3021 jus
910 2928 1033 3024 patrie
1052 2950 1113 3022 po·
1136 2955 1205 3005 tem
1224 2929 1349 3002 faciunt
1368 2931 1450 3017 juria
1470 2927 1667 3000 civiliacum
1684 2927 1773 3007 illis,
1795 2953 1868 3015 que
1882 2949 1971 2998 eam·

305 2981 464 3065 ”ustam
542 3027 681 3128 testatis.
731 3023 788 3098 At
796 3028 856 3121 jus
878 3027 963 3100 illud
974 3027 1017 3127 esl
1036 3035 1113 3098 tan·
1135 3029 1262 3101 faciunt
1276 3031 1358 3118 juris
1372 3025 1540 3105 naturalis.
1560 3023 1625 3098 five
1644 3028 1821 3118 gentium,
1846 3043 1883 3124 ut
1898 3017 1960 3095 sei-
2069 3086 2071 3090 .

234 3141 241 3166 ·'
288 3140 355 3210 ιιιιιι
375 3128 501 3204 ciuium
522 3123 776 3212 Romanorum,
818 3125 916 3198 instit.
948 3127 990 3199 de
1026 3147 1111 3210 patr.
1136 3130 1213 3201 licet
1230 3124 1436 3217 intelligatur
1456 3147 1523 3196 non
1551 3148 1682 3196 merum
1705 3130 1757 3211 jus
1781 3119 1960 3204 naturale,

288 3229 450 3322 potest-5.
472 3253 508 3304 2.
526 3247 568 3298 uc
581 3223 714 3298 tollitur
730 3219 829 3298 civili
847 3223 967 3310 modo,
991 3219 1115 3296 ot'delr'·
1136 3223 1190 3298 sed
1209 3234 1261 3313 jus
1278 3222 1429 3297 naturale
1448 3223 1602 3294 institutis
1627 3220 1780 3294 civilibus
1798 3221 1959 3294 determi-

289 3339 334 3404 ιιι
365 3349 428 3424 per
466 3322 755 3422 deportationem,
790 3323 1113 3420 emancipationem,
1135 3347 1250 3398 aarum
1272 3333 1306 3398 &
1327 3321 1418 3396 velut
1433 3319 1676 3401 infamatam,
1702 3323 1821 3412 quade
1834 3344 1872 3394 re
1886 3316 1961 3410 ple·

289 3426 498 3524 adoptionem
517 3421 559 3498 Θ
569 3422 660 3496 alios
671 3421 786 3496 modos
794 3424 872 3517 jure
886 3422 986 3495 ciuili
996 3421 1110 3495 inuert-
1134 3427 1207 3495 niua
1222 3426 1367 3495 tractant
1377 3414 1609 3509 jurisconsulti.
1627 3424 1700 3505 ΙΙΙ.)
2032 3517 2034 3522 ,

290 3537 338 3601 ior
371 3521 414 3600 &
437 3519 672 3620 ‘latrocinalium
702 3522 801 3592 instit.
829 3523 920 3610 quib.
943 3524 1033 3593 mod.
1060 3527 1111 3606 jue
1135 3525 1297 3594 Audlores
1334 3521 1601 3614 antididagmatia
1636 3519 1705 3590 Co·
1749 3485 1962 3632 H‘fflfflsffi

285 3649 370 3718 patr.
381 3625 499 3714 potest.
510 3618 591 3694 solu.
618 3617 719 3714 Ergo
742 3631 919 3714 parentum
940 3614 1113 3714 consensus
1135 3615 1287 3693 lonienfis
1304 3613 1704 3722 utunturboeargumen.
1764 3645 1944 3731 sum-3435„
1967 3633 1969 3638 '

288 3725 441 3818 majore
459 3718 631 3804 naturali,
649 3718 713 3815 sed
736 3717 910 3792 dunmxat
932 3717 1030 3790 ciuili
1047 3720 1114 3792 erit
1135 3739 1190 3790 co:
1205 3711 1700 3814 Sijuueniburpermistumnort

288 3817 492 3922 aecefflarias.
556 3813 657 3908 Resp.
691 3821 737 3903 ι.)
768 3813 972 3892 Consentium
992 3819 1113 3905 pareo·
1129 3814 1243 3911 suerit
1266 3836 1332 3912 pro
1367 3810 1475 3887 libero
1502 3810 1675 3886 voluntate
1704 3811 1958 3888 matrimonium

290 3945 359 3996 tum
379 3922 415 3994 in
434 3920 559 4008 nuptiis
573 3913 757 3990 liberorum
776 3918 920 4002 requiri,
945 3916 1116 3988 statuimur
1137 3915 1247 4000 inire,
1279 3905 1420 3987 dubini
1441 3909 1638 4010 parentibus
1658 3911 1802 4010 occasio,
1827 3923 1866 3986 ut
1880 3913 1969 4009 p'roc.

287 4045 353 4096 non
373 4021 547 4110 primario,
561 4041 624 4088 nec
648 4015 744 4086 unice
767 4037 909 4104 propter
925 4018 979 4102 jus
998 4015 1114 4102 paniae
1137 4011 1200 4086 iem
1219 4010 1438 4096 acommoda,
1456 4022 1516 4085 uui
1540 4011 1621 4084 atili
1646 4011 1863 4083 matrimonio
1880 4031 1960 4107 pro·

288 4119 457 4210 potestatis
490 4117 615 4200 ciuium
649 4117 880 4185 Romanorum
912 4111 1115 4200 proprium,
1136 4109 1290 4196 iubeant,
1316 4119 1377 4210 atti
1398 4112 1573 4208 innuptam
1599 4109 1807 4204 relinquant,
1832 4120 1894 4182 aut
1912 4107 1972 4182 ud·

287 4214 341 4292 sed
373 4235 517 4306 propter
541 4215 704 4284 rationem
731 4233 769 4281 ac
798 4209 943 4282 foranum
971 4207 1115 4300 legitimi
1137 4212 1284 4307 ineptum
1314 4211 1564 4283 nummarium
1587 4219 1721 4304 cogant.
1784 4205 1886 4297 Resp.
1913 4211 1961 4282 At

289 4315 439 4408 coniugii
456 4311 591 4384 ineundi
603 4311 761 4381 divinitus
776 4306 1020 4398 praescriptamt
1036 4332 1114 4380 cum
1138 4311 1216 4381 huic
1231 4329 1407 4399 parentum
1425 4309 1592 4393 tyrannidi
1613 4306 1675 4378 alia
1693 4308 1820 4379 ratione
1843 4330 1970 4378 occur·-

234 4395 238 4410 ’
287 4419 377 4490 enim
394 4413 589 4502 conjugium
609 4406 648 4479 stt
668 4418 703 4480 dc
721 4403 785 4478 esse
807 4404 927 4482 debeat
953 4428 1021 4476 non
1042 4427 1113 4478 tan-
1138 4410 1167 4479 ri
1184 4409 1327 4498 poterit,
1352 4426 1388 4477 ut
1406 4406 1441 4476 in
1470 4403 1669 4481 formatione
1682 4409 1779 4478 ssatus
1795 4418 1824 4493 §.
1837 4409 1960 4477 LVlli.

289 4534 360 4588 tum
380 4508 517 4600 politica
539 4503 595 4578 seu
616 4505 782 4584 humana,
809 4501 864 4577 sod
890 4505 1010 4578 divina
1038 4525 1115 4577 con·
1139 4506 1281 4578 membr.
1303 4527 1338 4592 4.
1358 4499 1521 4576 ostensum
1539 4501 1613 4576 fuit.

255 4601 708 4710 ‚janfflmcenetliaa
736 4601 1116 4678 mannichaeum
1187 4619 1214 4694 §.
1238 4608 1420 4676 LXXXVI.
1487 4603 1703 4674 ueriturcir.
1755 4599 1947 4744 erestimet

288 4737 355 4786 oon
371 4703 495 4780 sufficit
525 4706 647 4790 quevis
673 4701 857 4788 copulatio,
888 4697 1116 4792 sedemque
1140 4724 1376 4793 capareutum
1405 4724 1467 4773 eon
1483 4695 1606 4772 ensutn.
1655 4700 1704 4792 i.)
1777 4687 1962 4764 'flamm'

1775 4759 1919 4841 consensa.

289 4806 447 4899 congruit
463 4805 583 4876 divinar
606 4801 799 4884 institutioni
825 4826 863 4872 ac
888 4798 1018 4890 legibus
1036 4826 1115 4874 con·
1137 4797 1199 4874 Aa
1224 4800 1344 4872 matris
1373 4796 1544 4897 consensus
1573 4798 1610 4871 t'n
1644 4819 1705 4868 ιιιι-
1755 4833 1798 4914 1.)
1819 4837 1872 4899 Αἰ
1893 4855 1961 4902 m,

287 4903 561 5004 jugii'diuinitus
591 4899 823 4990 promulgatis.
878 4904 927 4988 2.)
950 4899 1116 4990 Quamuis
1135 4901 1222 4998 pilis
1243 4895 1422 4971 liberorum
1449 4919 1477 4972 ιε
1500 4921 1538 4971 tte
1563 4891 1707 4989 neceffo·
1754 4922 1814 4978 ms
1868 4920 1961 4979 etiam

289 4994 515 5096 jurisconsulti
546 4995 711 5086 disputent
746 5000 885 5084 patriam
920 5001 1115 5085 potestatem
1138 4999 1208 5073 rius
1222 4997 1271 5097 stt
1290 5018 1331 5067 oc
1355 4920 1527 5093 crustulas
1560 4990 1705 5092 putris?
1754 4993 1903 5086 tonsmsaa
1918 4995 1961 5076 fit

290 5099 351 5178 eise
375 5099 458 5182 'uris
474 5096 587 5170 ciuilis
600 5119 641 5172 ac
658 5097 780 5172 ciuium
796 5094 1025 5174 literatorum
1035 5121 1116 5192 pru·
1137 5094 1319 5191 Jurecivili
1331 5096 1444 5174 mania
1455 5091 1625 5172 confertius
1636 5117 1706 5164 non
1754 5071 1961 5160 ”eftffflsimi

374 5223 441 5280 om.
468 5191 560 5276 XV.
1186 5198 1224 5271 N
1618 5193 1712 5271 aide-
