4884 5984
436 541 487 626 74
850 531 1001 606 noers
1026 523 1151 604 xxvi.
1203 525 1356 602 curva
1382 528 1427 600 x.
1477 527 1600 614 ster.
1631 534 1658 601 1.

439 771 497 844 B.)
522 769 646 834 Ram„
772 734 806 820 §.
830 731 989 799 Dxxrv.
1014 724 1071 817 B.)
1088 723 1233 798 Ratione
1257 727 1371 823 ιιιιιβ
1381 725 1639 822 prevaricatio,
1652 721 1715 822 sel
1731 719 2056 798 ravennantem

466 855 624 916 marem
695 829 845 899 nruteriae
857 824 975 915 papale
987 823 1160 895 colibatus
1174 845 1233 894 vo·
1256 823 1363 896 lertio.
1435 825 1537 916 Quod
1566 823 1588 896 si
1613 828 1679 898 iam
1704 825 1879 897 eoelibatus
1907 840 2053 894 votum·
2094 859 2098 866 ·

431 929 435 936 '
697 945 767 996 turn
792 951 812 998 ι
845 927 976 996 tramite
1004 922 1101 994 verbi
1128 922 1233 992 divini
1256 922 1353 1014 quale
1376 925 1411 993 in
1436 945 1560 1012 papatu
1590 927 1703 1016 viget,
1744 927 1834 996 iuxta
1862 921 1949 992 hanc
1977 939 2056 988 nor·

437 1027 604 1101 discedere
624 1023 780 1110 dicimus,
806 1025 882 1112 quia
902 1025 937 1093 in
954 1013 1102 1111 personis
1126 1023 1235 1091 tonti-
1256 1047 1348 1094 mem
1376 1021 1574 1102 estimetur,
1599 1022 1772 1112 adparebit
1797 1020 1880 1094 illud
1910 1018 1953 1088 ad
1979 1013 2060 1104 pri.-

371 1125 374 1130 ’
434 1128 556 1200 uentiae
577 1127 666 1196 dono
687 1145 755 1195 non
769 1125 934 1195 instructis
953 1123 1000 1191 eli
1019 1114 1232 1208 impoffibile.
1258 1145 1350 1194 mum
1367 1143 1491 1212 genus,
1518 1122 1672 1192 vilelicet
1692 1125 1732 1194 ad
1746 1115 2059 1210 impoffibilitner*

436 1231 474 1296 in
489 1225 593 1307 votis,
620 1223 748 1294 rationo
761 1222 906 1293 materie
919 1215 1147 1296 consideratis,
1168 1219 1233 1289 tria
1257 1222 1373 1294 tinere.
1427 1221 1516 1288 Nam
1536 1217 1601 1290 illie
1618 1223 1739 1302 etiam,
1763 1221 1821 1308 qui
1837 1241 1907 1290 non
1927 1209 2058 1284 habent

433 1348 474 1396 er
491 1316 687 1411 prescripto
706 1319 802 1392 verbi
820 1323 1041 1401 damnantur3
1073 1321 1120 1402 ι.)
1135 1312 1157 1386 sr
1172 1321 1233 1388 vu'·
1257 1323 1382 1390 donum
1413 1317 1650 1398 continentie,
1687 1321 1893 1408 imponunt,
1928 1307 1988 1383 vel
2012 1305 2058 1382 ab

435 1443 575 1494 veantur
599 1413 774 1503 ollriroroe,
810 1439 847 1489 ιιι
876 1415 898 1487 sr
927 1417 999 1503 quis
1025 1420 1080 1485 iro
1104 1435 1232 1502 paupe·
1256 1412 1332 1503 iulis
1358 1411 1535 1502 suscipiunt
1560 1439 1676 1487 votum
1702 1417 1858 1507 perpetui
1880 1408 2061 1484 coeiibnru

434 1521 505 1591 rior
528 1520 635 1606 regias
666 1538 804 1588 voveret
824 1515 967 1587 divitias.
999 1506 1121 1583 Eccles.
1138 1517 1179 1582 V.
1201 1535 1231 1596 3.
1258 1512 1344 1586 salla
1376 1513 1439 1582 illis
1478 1511 1691 1600 promiffione
1706 1567 1718 1600 ,
1755 1512 1809 1588 sed
1844 1511 1913 1585 fine
1951 1505 2059 1582 uerbo

437 1613 521 1689 Non
545 1617 589 1710 esi
618 1613 777 1686 voluntat
791 1614 864 1712 stne
889 1608 1131 1706 beneplacitum
1163 1605 1235 1680 Dei
1258 1615 1323 1684 Dei
1343 1613 1449 1702 gretia
1465 1620 1500 1684 δι
1521 1611 1642 1684 auxilio
1662 1615 1799 1704 divino,
1830 1614 1873 1684 de
1895 1603 2061 1680 facilitate

437 1697 608 1811 ῠῆῬΡέ,
634 1713 670 1785 in
680 1710 800 1812 stultit
816 1710 918 1782 uotis.
969 1707 1145 1778 Atliolida
1162 1703 1235 1776 sunt
1258 1712 1487 1789 continentie,
1514 1707 1536 1782 fi
1555 1714 1656 1782 modo
1674 1710 1778 1783 velint
1797 1722 1832 1785 &
1850 1707 2059 1782 adnitentum·

438 1849 535 1905 voto,
566 1821 740 1910 inquibus
764 1823 839 1890 Deo
860 1815 986 1905 aliquid
1003 1813 1234 1903 promittitur,
1264 1803 1506 1893 Continentia,
1546 1805 1660 1882 scribit
1683 1809 1904 1885 bellarminus
1919 1807 1966 1876 de
1985 1825 2060 1876 moa

436 1929 527 2015 qood
556 1946 624 1993 non
650 1921 696 1992 est
724 1919 759 1990 in
786 1913 932 1987 hominis
959 1912 1120 2004 potesiate
1148 1907 1235 2000 Post-
1259 1905 1355 1978 nach.
1381 1932 1454 1995 cap.
1478 1913 1603 1981 xxxi.
1630 1917 1658 2000 §.
1679 1908 1786 1982 ultim.
1809 1905 1964 2002 absolute
1987 1899 2059 2000 perr·

437 2044 520 2096 tum.
583 2021 636 2108 2.)
652 2019 683 2089 Si
701 2037 885 2089 voveantur
897 2011 1043 2101 alioquin
1059 2004 1235 2105 neceffario
1257 2008 1372 2103 potest,
1391 2003 1430 2079 ii
1440 2003 1673 2096 infallibiliter
1685 2008 1891 2096 conceditur,
1897 2005 1932 2106 β
1945 2001 2062 2076 altun-

437 2131 616 2195 euentnra,
639 2137 677 2184 ut
700 2113 811 2201 siquis
829 2133 949 2183 voveat
969 2107 1000 2183 se
1021 2129 1114 2181 terto
1133 2109 1234 2179 mori.
1260 2105 1300 2175 de
1318 2099 1445 2202 nonsit
1463 2102 1607 2197 deseHus
1626 2107 1663 2179 in
1682 2109 1844 2180 oratione.
1898 2107 2060 2178 Colierut

343 2233 347 2242 “
438 2240 578 2303 turum,
614 2212 665 2285 vel
689 2210 710 2283 st
736 2231 945 2290 runcantur,
981 2229 1054 2297 quae
1074 2209 1139 2278 iam
1159 2226 1236 2276 ente
1257 2207 1294 2274 in
1315 2202 1477 2276 enchirid.
1503 2211 1682 2292 mmlx.
1711 2229 1808 2296 prop.
1829 2231 1863 2291 7.
1914 2195 2059 2274 Nemini

438 2311 513 2388 sunt
536 2314 659 2388 debita.
692 2311 799 2380 Levit.
819 2313 961 2378 xxvii.
983 2317 1042 2376 26.
1100 2303 1236 2377 Primo·
1256 2299 1397 2398 prorsus
1411 2301 1541 2374 lroruini
1549 2358 1558 2384 ,
1583 2305 1642 2399 qui
1660 2307 1846 2406 castitatem
1861 2299 1966 2398 suom
1983 2295 2059 2372 Der

437 2415 583 2511 genitu,
618 2427 690 2506 qun
708 2407 756 2478 nt
780 2401 889 2476 Deum
908 2405 1097 2502 pertinent,
1124 2403 1161 2475 in
1183 2401 1235 2474 in·
1260 2397 1379 2497 offerre
1402 2399 1583 2487 deliberat,
1615 2403 1812 2498 imposibile
1832 2407 1893 2504 ιβ,
1932 2403 2057 2510 coslum

438 2513 559 2588 mentis
584 2532 679 2581 nemo
698 2501 914 2603 sundificore
938 2499 980 2578 Θ
999 2524 1117 2573 nouere
1143 2513 1233 2598 pote·
1259 2501 1366 2572 vitum
1377 2497 1532 2594 feruore,
1554 2503 1673 2576 nedum
1683 2497 1917 2600 sacerdotibus
1938 2499 1978 2576 fs
1995 2498 2062 2574 tle·

438 2613 512 2702 rit,
544 2612 617 2710 stne
635 2605 694 2680 bos
711 2604 783 2703 βιι
807 2605 880 2676 ouis
906 2601 1043 2695 suerit,
1088 2597 1235 2673 Domini
1258 2601 1366 2680 eicis,
1385 2600 1443 2698 qui
1455 2623 1514 2696 per
1531 2599 1650 2694 ,senos
1667 2606 1801 2678 ordines
1818 2603 1866 2676 ad
1887 2605 2063 2676 cominen-

430 2709 527 2810 sunt.
550 2733 582 2782 ιι.
600 2722 654 2793 30.
707 2701 859 2776 Decime
875 2701 1058 2868 ιειιιεβιιι
1074 2700 1113 2771 de
1124 2701 1236 2796 pontis
1260 2701 1343 2771 tium
1371 2698 1579 2795 obligantur.
1644 2711 1686 2775 nr
1709 2704 1780 2775 talia
1804 2693 2058 2794 perrnnfin'nn·

440 2809 615 2892 arborum,
636 2803 765 2903 firte‘de
777 2800 943 2898 frngiblrs
987 2797 1116 2871 lonrini
1131 2797 1232 2895 sunt,
1259 2819 1338 2890 gnat
1355 2825 1430 2868 cum
1453 2823 1567 2874 nature
1591 2801 1686 2874 liuius
1704 2808 1802 2883 duni,
1826 2805 1955 2892 quidpe
1968 2801 2061 2892 quud

443 2907 485 2982 si
507 2908 559 2980 illi
579 2903 846 3002 sontlificuntnr.
899 2907 988 2990 Ergo
1009 2925 1077 2968 non
1102 2896 1233 2986 poliunt
1258 2901 1384 2968 non-eii
1404 2920 1573 2970 commune
1589 2903 1742 2972 omnibus
1762 2907 1841 2988 pits,
1867 2925 1905 2974 oc
1926 2905 1970 2974 de
1989 2895 2059 2990 quo

439 3007 632 3083 secundario
661 3029 723 3094 per
753 3023 870 3072 votum
893 3001 1039 3070 Domino
1064 2995 1233 3068 consecro·
1258 3019 1324 3066 non
1348 2999 1471 3068 exstant
1495 2999 1665 3088 generales
1684 2999 1937 3084 promissiones,
1968 2998 2061 3087 quud
2095 3067 2099 3074 .

439 3109 480 3182 ri.
546 3109 602 3196 3.)
638 3103 670 3176 si
697 3121 883 3172 voveantur
919 3096 1042 3170 illicito
1068 3091 1109 3168 8
1134 3095 1232 3169 verbo
1260 3101 1350 3166 Dens
1377 3094 1531 3166 omnibus
1557 3099 1749 3186 petentibus
1776 3125 1815 3170 ae
1841 3097 2060 3172 desideranti·

344 3229 347 3236 ·
443 3202 514 3278 Dei
537 3199 729 3300 protenta,
762 3221 798 3268 ut
820 3195 841 3267 li
862 3198 935 3285 quit
966 3201 1039 3266 Deo
1066 3191 1233 3268 obtulisset
1258 3191 1319 3264 bus
1340 3190 1423 3264 illud
1450 3195 1652 3277 darevelit,
1688 3194 1741 3270 sed
1762 3199 1809 3269 eli
1830 3198 1960 3271 donum
1979 3193 2060 3295 spe·

444 3303 619 3380 ntercedern
653 3295 832 3398 prostibuli
859 3318 899 3365 uc
932 3297 1077 3390 pretinm
1113 3297 1232 3381 coreis,
1259 3291 1366 3376 ciale,
1392 3295 1482 3381 quod
1502 3295 1666 3366 distribuit
1686 3301 1794 3380 Deus,
1816 3296 1938 3384 quibus
1964 3297 2064 3377 vuit,'·

441 3407 742 3477 Deut.XXlll.18.
764 3394 785 3466 st
806 3398 878 3481 quis
892 3418 944 3465 res
954 3392 1111 3485 βιιτίυαι
1128 3418 1165 3464 rc
1185 3398 1233 3465 in·
1258 3396 1389 3480 quando
1408 3398 1625 3479 &quomodo
1648 3394 1732 3468 vult.
1784 3401 1876 3468 idem
1894 3420 1981 3487 ergo
2000 3398 2060 3482 eli,

440 3506 522 3576 inste
553 3521 662 3588 portas
688 3491 866 3566 obrutiss'et.
889 3496 986 3563 Prov.
1002 3499 1157 3563 XXVlll.
1177 3516 1232 3583 25.
1260 3489 1372 3578 siquis
1390 3515 1592 3578 perpetuum
1614 3494 1807 3565 coelibatum
1831 3516 1955 3567 rorent
1977 3518 2058 3568 con·

447 3601 563 3674 Ruina
601 3594 818 3687 uel-luqueus
848 3593 891 3688 esi
917 3587 1047 3662 lrornini
1075 3590 1235 3661 terior-nu
1260 3592 1403 3659 tinentia:
1437 3593 1526 3660 donu
1563 3594 1697 3663 interint
1730 3595 1929 3680 destitutus,
1972 3591 2056 3666 oefi

437 3695 590 3794 similos,
628 3687 669 3763 ΕΞ
686 3693 758 3787 poll
787 3700 867 3758 notu
895 3689 1050 3762 trallunt.
1101 3687 1234 3759 Schola·
1259 3691 1356 3772 quis,
1395 3690 1451 3772 qui
1481 3694 1607 3761 donum
1647 3717 1717 3762 non
1748 3691 1873 3776 habet,
1913 3714 2058 3772 voveat,

440 3795 510 3867 ttici
539 3795 679 3868 dicunt,
718 3791 863 3877 quinque
892 3782 981 3868 elle,
1017 3791 1234 3875 qur-voveri
1259 3782 1289 3855 se
1311 3784 1433 3877 linguis
1453 3786 1661 3869 locuturum,
1687 3791 1965 3871 vaticineturum,
1994 3794 2055 3862 mi.

441 3915 509 3965 non
543 3889 692 3978 poliunt:
760 3883 817 3982 ι.)
851 3882 956 3956 ΜιιΙα
978 3885 1039 3982 sen
1066 3896 1233 3980 peccotu3
1259 3882 1369 3956 rotulo
1391 3886 1582 3970 editurum,
1624 3887 1678 3960 vel
1698 3891 1754 3974 qui
1784 3890 1997 3961 vocationem
2020 3898 2053 3963 δι

414 4029 419 4038 ·
446 3983 700 4086 ι.)ιιιιςβιιιίιι
726 3995 771 4076 3.)
781 3980 950 4079 ensnulin,
971 4011 1113 4074 quorum
1132 4008 1233 4058 even·
1259 3985 1344 4053 viret
1363 4008 1430 4054 non
1451 3985 1589 4067 habeat,
1615 4010 1734 4060 vovent
1757 3982 1789 4062 se
1813 3989 1921 4060 hostes
1942 3986 2056 4079 profli-

445 4112 496 4162 tus
516 4089 711 4176 otnbigu1u3
755 4095 802 4173 4.)
813 4083 939 4180 stultu,
970 4104 1007 4153 ut
1033 4082 1054 4152 li
1078 4085 1150 4170 quis
1174 4109 1234 4153 vo.
1261 4103 1429 4172 gaturum.

445 4208 522 4259 vent
548 4181 579 4254 se
604 4183 691 4253 velie
715 4177 1025 4260 levarefestucnn13
1077 4182 1131 4276 5.)
1149 4181 1239 4252 indi·

437 4283 570 4383 screto,
604 4304 639 4350 ut
661 4281 762 4348 nimio
782 4282 959 4351 maceratio
984 4281 1147 4366 torporis.
1199 4286 1238 4349 in
1346 4282 1533 4366 §.DXXV.
1554 4285 1798 4357 Caerernmdo.

445 4383 510 4453 iliis
540 4382 650 4450 locum
677 4375 775 4446 habet
800 4378 916 4466 regulo
937 4376 1050 4446 isdori
1068 4377 1103 4443 in
1122 4372 1236 4458 synon.
1262 4400 1341 4445 nunt
1364 4382 1573 4449 continentie
1600 4405 1691 4452 extro
1719 4411 1797 4456 con.
1868 4374 1972 4464 ,ΨΜ
1990 4375 2052 4462 ⁶⁰⁸5

445 4479 523 4553 libr.
543 4487 584 4549 il.
605 4477 703 4566 cupit.
727 4477 769 4546 de
790 4476 981 4551 mendacio,
1005 4499 1043 4543 ac
1065 4477 1183 4545 citatur
1203 4477 1238 4546 in
1261 4475 1390 4565 iugium
1410 4479 1494 4547 rusie
1514 4482 1646 4551 vivendi
1668 4479 1796 4554 nones.
1847 4442 1994 4574 “ffli'ssaf
2007 4458 2052 4579 ἶ]

446 4585 520 4662 iure
542 4577 701 4648 canonico
716 4597 745 4644 c.
789 4579 825 4642 ln
847 4573 939 4644 mulis
955 4579 1062 4644 xxii.
1077 4597 1108 4659 q.
1124 4598 1158 4661 4.
1194 4569 1238 4645 In
1262 4566 1571 4660 sciturnomen,
1599 4603 1635 4648 ut
1658 4583 1796 4667 quirun·
1845 4509 2051 4666 fflpx‘ffi,

449 4677 536 4752 nrole
557 4672 721 4770 prorniffis
746 4668 889 4766 rescinde
908 4671 1040 4766 fidem,
1082 4672 1117 4742 in
1145 4675 1239 4770 turpi
1261 4676 1697 4767 quecoeiibatumelegerit‚
1724 4704 1796 4750 mo.
1840 4669 2052 4737 MaltinXlX.

450 4789 527 4850 noto
552 4783 644 4844 mutu
671 4770 864 4852 decretum,
921 4769 1009 4863 qnod
1029 4770 1158 4842 incunte
1180 4795 1238 4844 no·
1261 4773 1304 4838 do
1321 4771 1451 4842 velitne
1467 4798 1574 4859 petat,
1602 4775 1699 4863 possit
1713 4778 1795 4850 illud
1850 4768 1897 4813 ¹¹·
1915 4753 2053 4846 li'onon-

449 4875 544 4974 nisli‚
569 4896 607 4943 ne
616 4869 750 4964 socius,
779 4870 887 4966 inpio
905 4871 948 4967 ιβ
964 4867 1145 4973 prontifflo,
1166 4893 1237 4964 qnae
1266 4864 1408 4949 habere,
1434 4868 1486 4943 sed
1503 4870 1565 4944 ess'e
1580 4877 1703 4945 donum
1726 4872 1798 4960 spe.
1846 4839 2051 4974 ffatim?

443 4973 565 5072 scelere
585 4970 798 5060 adimpletur.
828 4992 902 5055 tau.
952 4965 1129 5039 Diihnitio.
1155 4965 1239 5040 caus.
1265 4965 1364 5045 tiele,
1388 4971 1568 5054 probamus
1588 4967 1796 5059 sequentibus
1852 4987 1911 5066 sed
1931 4953 2051 5072 ivibus

451 5079 485 5147 ει
506 5072 619 5157 quest..
635 5067 748 5139 iisdem
771 5092 812 5136 er
833 5062 949 5134 concil.
976 5063 1110 5136 Eliberr.
1153 5062 1241 5160 Drs—
1265 5061 1485 5136 fundamentis
1499 5070 1683 5152 introitio
1697 5068 1797 5142 Cleri·
1898 5066 2008 5135 datum

444 5172 563 5272 finitio
585 5168 722 5242 incauto
748 5161 972 5238 landabiliter
986 5158 1154 5261 soluendo
1177 5171 1238 5270 ιβ,
1258 5163 1305 5263 lli
1334 5165 1456 5240 Martie
1474 5175 1577 5244 xlii·
1596 5191 1647 5243 ιι.
1716 5167 1798 5241 Non
1932 5149 1986 5234 est.

1678 5290 1790 5344 timim
