<?xml version="1.0" encoding="UTF-8"?>
<!DOCTYPE html PUBLIC "-//W3C//DTD XHTML 1.0 Transitional//EN"
    "http://www.w3.org/TR/xhtml1/DTD/xhtml1-transitional.dtd">
<html xmlns="http://www.w3.org/1999/xhtml" xml:lang="en" lang="en">
 <head>
  <title>
</title>
<meta http-equiv="Content-Type" content="text/html;charset=utf-8" />
  <meta name='ocr-system' content='tesseract 3.04.00' />
  <meta name='ocr-capabilities' content='ocr_page ocr_carea ocr_par ocr_line ocrx_word'/>
</head>
<body>
  <div class='ocr_page' id='page_1' title='image "./locitheologicic06cottgoog_0604.png"; bbox 0 0 4884 5984; ppageno 0'>
   <div class='ocr_carea' id='block_1_1' title="bbox 422 511 1635 610">
    <p class='ocr_par' dir='ltr' id='par_1_1' title="bbox 422 511 1635 610">
     <span class='ocr_line' id='line_1_1' title="bbox 422 511 1635 610; baseline -0.012 -2"><span class='ocrx_word' id='word_1_1' title='bbox 422 527 475 610; x_wconf 76' lang='lat' dir='ltr'>aa</span> <span class='ocrx_word' id='word_1_2' title='bbox 680 535 686 556; x_wconf 84' lang='lat'>·</span> <span class='ocrx_word' id='word_1_3' title='bbox 845 511 996 602; x_wconf 73' lang='lat' dir='ltr'>locvs</span> <span class='ocrx_word' id='word_1_4' title='bbox 1020 522 1157 607; x_wconf 76' lang='lat' dir='ltr'>xxva</span> <span class='ocrx_word' id='word_1_5' title='bbox 1199 519 1352 596; x_wconf 83' lang='lat' dir='ltr'>ctrvr</span> <span class='ocrx_word' id='word_1_6' title='bbox 1377 525 1420 596; x_wconf 80' lang='lat' dir='ltr'>tc</span> <span class='ocrx_word' id='word_1_7' title='bbox 1458 521 1582 596; x_wconf 77' lang='lat' dir='ltr'>ator.</span> <span class='ocrx_word' id='word_1_8' title='bbox 1606 523 1635 594; x_wconf 92' lang='grc' dir='ltr'>ι.</span> 
     </span>
    </p>
   </div>
   <div class='ocr_carea' id='block_1_2' title="bbox 364 711 2098 2876">
    <p class='ocr_par' dir='ltr' id='par_1_2' title="bbox 364 711 2098 2086">
     <span class='ocr_line' id='line_1_2' title="bbox 433 711 2061 822; baseline -0.001 -29"><span class='ocrx_word' id='word_1_9' title='bbox 433 716 624 814; x_wconf 75' lang='lat' dir='ltr'>sacrificuli.</span> <span class='ocrx_word' id='word_1_10' title='bbox 648 717 856 794; x_wconf 83' lang='lat' dir='ltr'>monachiae</span> <span class='ocrx_word' id='word_1_11' title='bbox 875 717 1033 792; x_wconf 74' lang='lat' dir='ltr'>moniales</span> <span class='ocrx_word' id='word_1_12' title='bbox 1053 720 1088 792; x_wconf 93' lang='lat' dir='ltr'>in</span> <span class='ocrx_word' id='word_1_13' title='bbox 1108 737 1232 814; x_wconf 85' lang='lat' dir='ltr'>papatu</span> <span class='ocrx_word' id='word_1_14' title='bbox 1256 715 1369 792; x_wconf 76' lang='lat' dir='ltr'>nnat</span> <span class='ocrx_word' id='word_1_15' title='bbox 1383 721 1590 822; x_wconf 82' lang='lat' dir='ltr'>vastaverat,</span> <span class='ocrx_word' id='word_1_16' title='bbox 1603 712 1684 790; x_wconf 75' lang='lat' dir='ltr'>lilio</span> <span class='ocrx_word' id='word_1_17' title='bbox 1697 711 1864 816; x_wconf 77' lang='lat' dir='ltr'>eastitatis</span> <span class='ocrx_word' id='word_1_18' title='bbox 1882 725 2061 806; x_wconf 67' lang='lat' dir='ltr'>amarat</span> 
     </span>
     <span class='ocr_line' id='line_1_3' title="bbox 432 813 2061 914; baseline -0.005 -18"><span class='ocrx_word' id='word_1_19' title='bbox 432 821 600 896; x_wconf 79' lang='lat' dir='ltr'>constritti</span> <span class='ocrx_word' id='word_1_20' title='bbox 613 841 787 908; x_wconf 86' lang='lat' dir='ltr'>tenentur,</span> <span class='ocrx_word' id='word_1_21' title='bbox 828 815 1032 892; x_wconf 83' lang='lat' dir='ltr'>oeerfronem</span> <span class='ocrx_word' id='word_1_22' title='bbox 1059 815 1233 889; x_wconf 85' lang='lat' dir='ltr'>efficacem</span> <span class='ocrx_word' id='word_1_23' title='bbox 1260 813 1301 890; x_wconf 71' lang='lat' dir='ltr'>fi</span> <span class='ocrx_word' id='word_1_24' title='bbox 1318 818 1512 914; x_wconf 81' lang='lat' dir='ltr'>deploratas</span> <span class='ocrx_word' id='word_1_25' title='bbox 1528 813 1681 912; x_wconf 82' lang='lat' dir='ltr'>aniverso</span> <span class='ocrx_word' id='word_1_26' title='bbox 1699 813 1775 890; x_wconf 83' lang='lat' dir='ltr'>arbi</span> <span class='ocrx_word' id='word_1_27' title='bbox 1797 817 1993 890; x_wconf 79' lang='lat' dir='ltr'>animatam</span> <span class='ocrx_word' id='word_1_28' title='bbox 2009 814 2061 888; x_wconf 78' lang='lat' dir='ltr'>ia·</span> 
     </span>
     <span class='ocr_line' id='line_1_4' title="bbox 434 909 2060 1016; baseline -0.002 -25"><span class='ocrx_word' id='word_1_29' title='bbox 434 919 605 997; x_wconf 82' lang='lat' dir='ltr'>dederint,</span> <span class='ocrx_word' id='word_1_30' title='bbox 626 913 678 986; x_wconf 76' lang='lat' dir='ltr'>&#39;ex</span> <span class='ocrx_word' id='word_1_31' title='bbox 700 913 775 1010; x_wconf 83' lang='lat' dir='ltr'>ipsa</span> <span class='ocrx_word' id='word_1_32' title='bbox 796 911 1061 990; x_wconf 81' lang='lat' dir='ltr'>adversariorum</span> <span class='ocrx_word' id='word_1_33' title='bbox 1089 911 1234 1006; x_wconf 72' lang='lat' dir='ltr'>querella</span> <span class='ocrx_word' id='word_1_34' title='bbox 1257 916 1376 989; x_wconf 84' lang='lat' dir='ltr'>teritos</span> <span class='ocrx_word' id='word_1_35' title='bbox 1395 915 1513 1014; x_wconf 80' lang='lat' dir='ltr'>abiqrre</span> <span class='ocrx_word' id='word_1_36' title='bbox 1532 915 1705 1015; x_wconf 73' lang='lat' dir='ltr'><em>adparuit.</em></span> <span class='ocrx_word' id='word_1_37' title='bbox 1758 912 1947 989; x_wconf 80' lang='lat' dir='ltr'>Ubertinus</span> <span class='ocrx_word' id='word_1_38' title='bbox 1961 909 2060 1016; x_wconf 61' lang='lat' dir='ltr'>§lte</span> 
     </span>
     <span class='ocr_line' id='line_1_5' title="bbox 435 1004 2060 1108; baseline -0.003 -17"><span class='ocrx_word' id='word_1_39' title='bbox 435 1013 551 1108; x_wconf 73' lang='lat' dir='ltr'>colligi</span> <span class='ocrx_word' id='word_1_40' title='bbox 590 1017 716 1104; x_wconf 88' lang='lat' dir='ltr'>potest,</span> <span class='ocrx_word' id='word_1_41' title='bbox 753 1037 792 1089; x_wconf 86' lang='lat' dir='ltr'>ae</span> <span class='ocrx_word' id='word_1_42' title='bbox 820 1015 891 1088; x_wconf 85' lang='lat' dir='ltr'>dita</span> <span class='ocrx_word' id='word_1_43' title='bbox 906 1015 1045 1106; x_wconf 85' lang='lat' dir='ltr'>Domini</span> <span class='ocrx_word' id='word_1_44' title='bbox 1070 1009 1153 1084; x_wconf 83' lang='lat' dir='ltr'>illud</span> <span class='ocrx_word' id='word_1_45' title='bbox 1173 1008 1232 1082; x_wconf 89' lang='lat' dir='ltr'>rli·</span> <span class='ocrx_word' id='word_1_46' title='bbox 1258 1004 2060 1089; x_wconf 71' lang='lat' dir='ltr'>menfiainlibreuititulurtoausecelesaaSoet</span> 
     </span>
     <span class='ocr_line' id='line_1_6' title="bbox 364 1103 2098 1224; baseline -0.003 -37"><span class='ocrx_word' id='word_1_47' title='bbox 364 1147 373 1156; x_wconf 61' lang='lat'><strong><em>¹</em></strong></span> <span class='ocrx_word' id='word_1_48' title='bbox 414 1111 717 1206; x_wconf 71' lang='lat' dir='ltr'>ourndo‘pleniuc</span> <span class='ocrx_word' id='word_1_49' title='bbox 734 1110 965 1188; x_wconf 83' lang='lat' dir='ltr'>manifestabit.</span> <span class='ocrx_word' id='word_1_50' title='bbox 1021 1106 1078 1183; x_wconf 89' lang='lat' dir='ltr'>De</span> <span class='ocrx_word' id='word_1_51' title='bbox 1095 1109 1237 1182; x_wconf 83' lang='lat' dir='ltr'>clerico-</span> <span class='ocrx_word' id='word_1_52' title='bbox 1257 1111 1415 1188; x_wconf 84' lang='lat' dir='ltr'>aonaalio</span> <span class='ocrx_word' id='word_1_53' title='bbox 1433 1112 1632 1188; x_wconf 82' lang='lat' dir='ltr'>monialium</span> <span class='ocrx_word' id='word_1_54' title='bbox 1654 1103 1956 1211; x_wconf 66' lang='lat' dir='ltr'>marterteram</span> <span class='ocrx_word' id='word_1_55' title='bbox 1975 1131 2098 1224; x_wconf 70' lang='lat' dir='ltr'>pro·-</span> 
     </span>
     <span class='ocr_line' id='line_1_7' title="bbox 437 1203 2062 1314; baseline -0.004 -28"><span class='ocrx_word' id='word_1_56' title='bbox 437 1235 512 1286; x_wconf 86' lang='lat' dir='ltr'>rum</span> <span class='ocrx_word' id='word_1_57' title='bbox 535 1215 681 1286; x_wconf 83' lang='lat' dir='ltr'>ertlitate</span> <span class='ocrx_word' id='word_1_58' title='bbox 700 1213 842 1284; x_wconf 77' lang='lat' dir='ltr'>dirimat</span> <span class='ocrx_word' id='word_1_59' title='bbox 862 1213 899 1282; x_wconf 92' lang='lat' dir='ltr'>in</span> <span class='ocrx_word' id='word_1_60' title='bbox 919 1208 985 1284; x_wconf 89' lang='lat' dir='ltr'>loc.</span> <span class='ocrx_word' id='word_1_61' title='bbox 1031 1213 1075 1283; x_wconf 87' lang='lat' dir='ltr'>de</span> <span class='ocrx_word' id='word_1_62' title='bbox 1090 1207 1174 1284; x_wconf 79' lang='lat' dir='ltr'>eccl</span> <span class='ocrx_word' id='word_1_63' title='bbox 1196 1208 1233 1294; x_wconf 79' lang='lat' dir='ltr'>t·</span> <span class='ocrx_word' id='word_1_64' title='bbox 1255 1213 1404 1314; x_wconf 84' lang='lat' dir='ltr'>potata,</span> <span class='ocrx_word' id='word_1_65' title='bbox 1452 1225 1490 1288; x_wconf 89' lang='lat' dir='ltr'>at</span> <span class='ocrx_word' id='word_1_66' title='bbox 1510 1209 1674 1311; x_wconf 80' lang='lat' dir='ltr'>ipsaioao</span> <span class='ocrx_word' id='word_1_67' title='bbox 1702 1205 1846 1288; x_wconf 84' lang='lat' dir='ltr'>Veneris</span> <span class='ocrx_word' id='word_1_68' title='bbox 1873 1203 2062 1312; x_wconf 71' lang='lat' dir='ltr'>prostibulo</span> 
     </span>
     <span class='ocr_line' id='line_1_8' title="bbox 438 1303 2063 1414; baseline -0.002 -30"><span class='ocrx_word' id='word_1_69' title='bbox 438 1321 522 1396; x_wconf 81' lang='lat'><em>265.</em></span> <span class='ocrx_word' id='word_1_70' title='bbox 550 1319 585 1384; x_wconf 75' lang='lat' dir='ltr'>a</span> <span class='ocrx_word' id='word_1_71' title='bbox 602 1311 637 1382; x_wconf 89' lang='lat' dir='ltr'>in</span> <span class='ocrx_word' id='word_1_72' title='bbox 653 1307 716 1384; x_wconf 89' lang='lat' dir='ltr'>loc.</span> <span class='ocrx_word' id='word_1_73' title='bbox 733 1315 774 1383; x_wconf 89' lang='lat' dir='ltr'>de</span> <span class='ocrx_word' id='word_1_74' title='bbox 793 1309 974 1382; x_wconf 84' lang='lat' dir='ltr'>ministerio</span> <span class='ocrx_word' id='word_1_75' title='bbox 992 1305 1076 1382; x_wconf 86' lang='lat' dir='ltr'>eccl.</span> <span class='ocrx_word' id='word_1_76' title='bbox 1092 1307 1127 1394; x_wconf 72' lang='lat' dir='ltr'>t.</span> <span class='ocrx_word' id='word_1_77' title='bbox 1153 1317 1233 1398; x_wconf 79' lang='lat'>338·</span> <span class='ocrx_word' id='word_1_78' title='bbox 1252 1313 1323 1414; x_wconf 80' lang='lat' dir='ltr'>fiat</span> <span class='ocrx_word' id='word_1_79' title='bbox 1338 1309 1530 1411; x_wconf 78' lang='lat' dir='ltr'>finitimo,</span> <span class='ocrx_word' id='word_1_80' title='bbox 1561 1332 1660 1406; x_wconf 77' lang='lat' dir='ltr'>quarn</span> <span class='ocrx_word' id='word_1_81' title='bbox 1685 1303 1757 1384; x_wconf 86' lang='lat' dir='ltr'>Dei</span> <span class='ocrx_word' id='word_1_82' title='bbox 1770 1303 1956 1404; x_wconf 70' lang='lat' dir='ltr'>staceario,</span> <span class='ocrx_word' id='word_1_83' title='bbox 1987 1307 2063 1380; x_wconf 79' lang='lat' dir='ltr'>tiae</span> 
     </span>
     <span class='ocr_line' id='line_1_9' title="bbox 435 1403 2082 1576; baseline -0.002 -94"><span class='ocrx_word' id='word_1_84' title='bbox 435 1407 472 1482; x_wconf 74' lang='lat' dir='ltr'>dt</span> <span class='ocrx_word' id='word_1_85' title='bbox 486 1404 573 1496; x_wconf 88' lang='lat' dir='ltr'>seqq.</span> <span class='ocrx_word' id='word_1_86' title='bbox 587 1433 663 1480; x_wconf 87' lang='lat' dir='ltr'>cum</span> <span class='ocrx_word' id='word_1_87' title='bbox 679 1407 799 1498; x_wconf 80' lang='lat' dir='ltr'>quibus</span> <span class='ocrx_word' id='word_1_88' title='bbox 811 1409 978 1500; x_wconf 74' lang='lat' dir='ltr'>coniunge</span> <span class='ocrx_word' id='word_1_89' title='bbox 1000 1431 1057 1492; x_wconf 88' lang='lat' dir='ltr'>er,</span> <span class='ocrx_word' id='word_1_90' title='bbox 1095 1429 1168 1497; x_wconf 76' lang='lat' dir='ltr'>qua</span> <span class='ocrx_word' id='word_1_91' title='bbox 1193 1406 1236 1475; x_wconf 87' lang='lat' dir='ltr'>de</span> <span class='ocrx_word' id='word_1_92' title='bbox 1258 1410 1477 1508; x_wconf 75' lang='lat' dir='ltr'>procacitas,</span> <span class='ocrx_word' id='word_1_93' title='bbox 1509 1411 1693 1576; x_wconf 51' lang='lat' dir='ltr'>(laynam,</span> <span class='ocrx_word' id='word_1_94' title='bbox 1724 1405 1861 1505; x_wconf 83' lang='lat' dir='ltr'>incestat</span> <span class='ocrx_word' id='word_1_95' title='bbox 1884 1403 2082 1481; x_wconf 74' lang='lat' dir='ltr'>atatim·</span> 
     </span>
     <span class='ocr_line' id='line_1_10' title="bbox 436 1501 2065 1607; baseline -0.002 -29"><span class='ocrx_word' id='word_1_96' title='bbox 436 1501 601 1580; x_wconf 71' lang='lat' dir='ltr'>frutribus</span> <span class='ocrx_word' id='word_1_97' title='bbox 623 1506 826 1586; x_wconf 81' lang='lat' dir='ltr'>ctelibatus,</span> <span class='ocrx_word' id='word_1_98' title='bbox 859 1507 900 1576; x_wconf 86' lang='lat' dir='ltr'>ad</span> <span class='ocrx_word' id='word_1_99' title='bbox 925 1529 1025 1594; x_wconf 82' lang='lat' dir='ltr'>quent</span> <span class='ocrx_word' id='word_1_100' title='bbox 1053 1501 1236 1578; x_wconf 75' lang='lat' dir='ltr'>sacerdotes</span> <span class='ocrx_word' id='word_1_101' title='bbox 1257 1507 1447 1607; x_wconf 66' lang='lat' dir='ltr'>fanornm,</span> <span class='ocrx_word' id='word_1_102' title='bbox 1472 1516 1506 1592; x_wconf 83' lang='lat' dir='ltr'>tn</span> <span class='ocrx_word' id='word_1_103' title='bbox 1532 1531 1631 1580; x_wconf 79' lang='lat' dir='ltr'>aranea</span> <span class='ocrx_word' id='word_1_104' title='bbox 1648 1505 1741 1580; x_wconf 79' lang='lat' dir='ltr'>Picua</span> <span class='ocrx_word' id='word_1_105' title='bbox 1756 1507 1793 1578; x_wconf 89' lang='lat' dir='ltr'>ira</span> <span class='ocrx_word' id='word_1_106' title='bbox 1810 1527 1895 1580; x_wconf 69' lang='lat' dir='ltr'>oran</span> <span class='ocrx_word' id='word_1_107' title='bbox 1915 1508 1962 1578; x_wconf 82' lang='lat' dir='ltr'>ad</span> <span class='ocrx_word' id='word_1_108' title='bbox 1981 1507 2065 1578; x_wconf 82' lang='lat' dir='ltr'>Lea·</span> 
     </span>
     <span class='ocr_line' id='line_1_11' title="bbox 435 1601 2067 1793; baseline 0.001 -19"><span class='ocrx_word' id='word_1_109' title='bbox 435 1601 790 1793; x_wconf 74' lang='grc' dir='ltr'>ιιιιιιιιι</span> <span class='ocrx_word' id='word_1_110' title='bbox 811 1623 1001 1792; x_wconf 70' lang='grc' dir='ltr'>ιιι</span> <span class='ocrx_word' id='word_1_111' title='bbox 1357 1601 2067 1778; x_wconf 66' lang='grc' dir='ltr'>ιιι-ιιι</span> 
     </span>
     <span class='ocr_line' id='line_1_12' title="bbox 438 1729 2066 1902; baseline -0.001 -27"><span class='ocrx_word' id='word_1_112' title='bbox 438 1797 674 1875; x_wconf 75' lang='lat' dir='ltr'>monachorum</span> <span class='ocrx_word' id='word_1_113' title='bbox 712 1824 751 1873; x_wconf 87' lang='lat' dir='ltr'>rc</span> <span class='ocrx_word' id='word_1_114' title='bbox 781 1796 981 1872; x_wconf 82' lang='lat' dir='ltr'>monialium</span> <span class='ocrx_word' id='word_1_115' title='bbox 1015 1793 1239 1892; x_wconf 68' lang='lat' dir='ltr'>claustralium</span> <span class='ocrx_word' id='word_1_116' title='bbox 1256 1729 1371 1902; x_wconf 54' lang='lat' dir='ltr'>sega</span> <span class='ocrx_word' id='word_1_117' title='bbox 1386 1801 1536 1878; x_wconf 76' lang='lat' dir='ltr'>inritata</span> <span class='ocrx_word' id='word_1_118' title='bbox 1544 1795 1647 1897; x_wconf 78' lang='lat' dir='ltr'>soiffl</span> <span class='ocrx_word' id='word_1_119' title='bbox 1662 1795 1819 1896; x_wconf 85' lang='lat' dir='ltr'>conuerso</span> <span class='ocrx_word' id='word_1_120' title='bbox 1836 1795 1969 1874; x_wconf 87' lang='lat' dir='ltr'>adserit.</span> <span class='ocrx_word' id='word_1_121' title='bbox 2007 1803 2066 1874; x_wconf 80' lang='grc' dir='ltr'>Ρι-</span> 
     </span>
     <span class='ocr_line' id='line_1_13' title="bbox 435 1893 2067 1994; baseline -0.005 -14"><span class='ocrx_word' id='word_1_122' title='bbox 435 1899 581 1972; x_wconf 69' lang='lat' dir='ltr'>notrae</span> <span class='ocrx_word' id='word_1_123' title='bbox 605 1902 640 1970; x_wconf 86' lang='lat' dir='ltr'>io</span> <span class='ocrx_word' id='word_1_124' title='bbox 668 1895 735 1971; x_wconf 84' lang='lat' dir='ltr'>lot·</span> <span class='ocrx_word' id='word_1_125' title='bbox 756 1900 798 1970; x_wconf 81' lang='lat' dir='ltr'>de</span> <span class='ocrx_word' id='word_1_126' title='bbox 823 1894 904 1969; x_wconf 76' lang='lat' dir='ltr'>eccl·</span> <span class='ocrx_word' id='word_1_127' title='bbox 932 1897 966 1980; x_wconf 80' lang='lat' dir='ltr'>t·</span> <span class='ocrx_word' id='word_1_128' title='bbox 993 1904 1087 1986; x_wconf 60' lang='lat' dir='ltr'>aaa„</span> <span class='ocrx_word' id='word_1_129' title='bbox 1106 1897 1149 1967; x_wconf 81' lang='lat' dir='ltr'>de</span> <span class='ocrx_word' id='word_1_130' title='bbox 1170 1903 1238 1984; x_wconf 77' lang='lat' dir='ltr'>qua</span> <span class='ocrx_word' id='word_1_131' title='bbox 1264 1903 1429 1994; x_wconf 72' lang='lat' dir='ltr'>tingentur</span> <span class='ocrx_word' id='word_1_132' title='bbox 1452 1905 1488 1975; x_wconf 84' lang='lat' dir='ltr'>in</span> <span class='ocrx_word' id='word_1_133' title='bbox 1506 1905 1616 1974; x_wconf 76' lang='lat' dir='ltr'>leone</span> <span class='ocrx_word' id='word_1_134' title='bbox 1632 1897 1692 1971; x_wconf 80' lang='lat' dir='ltr'>tib.</span> <span class='ocrx_word' id='word_1_135' title='bbox 1715 1905 1760 1972; x_wconf 87' lang='lat' dir='ltr'>x.</span> <span class='ocrx_word' id='word_1_136' title='bbox 1783 1893 2067 1974; x_wconf 66' lang='lat' dir='ltr'>remeaturos</span> 
     </span>
     <span class='ocr_line' id='line_1_14' title="bbox 435 1989 1795 2086; baseline -0.004 -18"><span class='ocrx_word' id='word_1_137' title='bbox 435 1997 536 2068; x_wconf 90' lang='lat' dir='ltr'>etiam</span> <span class='ocrx_word' id='word_1_138' title='bbox 559 1997 710 2086; x_wconf 79' lang='lat' dir='ltr'>quaedam</span> <span class='ocrx_word' id='word_1_139' title='bbox 730 1997 831 2084; x_wconf 88' lang='lat' dir='ltr'>paulo</span> <span class='ocrx_word' id='word_1_140' title='bbox 848 1995 994 2082; x_wconf 86' lang='lat' dir='ltr'>superius</span> <span class='ocrx_word' id='word_1_141' title='bbox 1016 1989 1089 2062; x_wconf 87' lang='lat' dir='ltr'>sunt</span> <span class='ocrx_word' id='word_1_142' title='bbox 1109 1990 1236 2069; x_wconf 82' lang='lat' dir='ltr'>adlata,</span> <span class='ocrx_word' id='word_1_143' title='bbox 1257 2003 1364 2074; x_wconf 61' lang='lat' dir='ltr'>canit:</span> <span class='ocrx_word' id='word_1_144' title='bbox 1793 2033 1795 2038; x_wconf 95' lang='lat'>·</span> 
     </span>
    </p>

    <p class='ocr_par' dir='ltr' id='par_1_3' title="bbox 438 2089 2065 2287">
     <span class='ocr_line' id='line_1_15' title="bbox 438 2089 2065 2194; baseline -0.003 -29"><span class='ocrx_word' id='word_1_145' title='bbox 438 2093 558 2182; x_wconf 82' lang='lat' dir='ltr'>quibus</span> <span class='ocrx_word' id='word_1_146' title='bbox 574 2093 694 2168; x_wconf 76' lang='lat' dir='ltr'>&amp;hec</span> <span class='ocrx_word' id='word_1_147' title='bbox 716 2089 951 2192; x_wconf 81' lang='lat' dir='ltr'>polluntoddi:</span> <span class='ocrx_word' id='word_1_148' title='bbox 981 2091 1152 2163; x_wconf 81' lang='lat' dir='ltr'>Honorius</span> <span class='ocrx_word' id='word_1_149' title='bbox 1169 2095 1238 2162; x_wconf 81' lang='lat' dir='ltr'>Au·</span> <span class='ocrx_word' id='word_1_150' title='bbox 1324 2141 1327 2146; x_wconf 90' lang='lat'>-</span> <span class='ocrx_word' id='word_1_151' title='bbox 1333 2095 1527 2194; x_wconf 77' lang='lat' dir='ltr'>Raptam,</span> <span class='ocrx_word' id='word_1_152' title='bbox 1567 2091 1684 2170; x_wconf 72' lang='lat' dir='ltr'>macti</span> <span class='ocrx_word' id='word_1_153' title='bbox 1704 2113 1746 2166; x_wconf 81' lang='lat' dir='ltr'>ae</span> <span class='ocrx_word' id='word_1_154' title='bbox 1777 2115 1960 2190; x_wconf 76' lang='lat' dir='ltr'>puerorum</span> <span class='ocrx_word' id='word_1_155' title='bbox 1997 2113 2065 2168; x_wconf 81' lang='lat' dir='ltr'>eor·</span> 
     </span>
     <span class='ocr_line' id='line_1_16' title="bbox 438 2183 1873 2287; baseline -0.003 -27"><span class='ocrx_word' id='word_1_156' title='bbox 438 2189 687 2284; x_wconf 70' lang='lat' dir='ltr'>gullodottensrs</span> <span class='ocrx_word' id='word_1_157' title='bbox 714 2195 747 2263; x_wconf 92' lang='lat' dir='ltr'>in</span> <span class='ocrx_word' id='word_1_158' title='bbox 775 2189 851 2262; x_wconf 88' lang='lat' dir='ltr'>dial.</span> <span class='ocrx_word' id='word_1_159' title='bbox 876 2195 918 2261; x_wconf 90' lang='lat' dir='ltr'>de</span> <span class='ocrx_word' id='word_1_160' title='bbox 946 2189 1094 2280; x_wconf 81' lang='lat' dir='ltr'>praedest.</span> <span class='ocrx_word' id='word_1_161' title='bbox 1119 2197 1154 2260; x_wconf 72' lang='grc' dir='ltr'>δι</span> <span class='ocrx_word' id='word_1_162' title='bbox 1178 2183 1236 2258; x_wconf 85' lang='lat' dir='ltr'>lib.</span> <span class='ocrx_word' id='word_1_163' title='bbox 1281 2243 1283 2248; x_wconf 92' lang='lat'>.</span> <span class='ocrx_word' id='word_1_164' title='bbox 1701 2199 1873 2287; x_wconf 76' lang='lat' dir='ltr'>ruptores,</span> 
     </span>
    </p>

    <p class='ocr_par' dir='ltr' id='par_1_4' title="bbox 377 2279 2064 2582">
     <span class='ocr_line' id='line_1_17' title="bbox 439 2279 2064 2386; baseline 0 -24"><span class='ocrx_word' id='word_1_165' title='bbox 439 2287 512 2363; x_wconf 72' lang='lat' dir='ltr'>orb.</span> <span class='ocrx_word' id='word_1_166' title='bbox 562 2284 713 2384; x_wconf 78' lang='lat' dir='ltr'><em>Adspice</em></span> <span class='ocrx_word' id='word_1_167' title='bbox 734 2285 932 2362; x_wconf 78' lang='lat' dir='ltr'>habitacula</span> <span class='ocrx_word' id='word_1_168' title='bbox 951 2283 1167 2368; x_wconf 84' lang='lat' dir='ltr'>monialium,</span> <span class='ocrx_word' id='word_1_169' title='bbox 1196 2279 1239 2356; x_wconf 68' lang='lat' dir='ltr'>f!</span> <span class='ocrx_word' id='word_1_170' title='bbox 1338 2287 1615 2386; x_wconf 69' lang='lat' dir='ltr'>Luxuriae‘atqoe</span> <span class='ocrx_word' id='word_1_171' title='bbox 1627 2289 1719 2385; x_wconf 75' lang='lat' dir='ltr'>gase</span> <span class='ocrx_word' id='word_1_172' title='bbox 1727 2287 1875 2385; x_wconf 78' lang='lat' dir='ltr'>sanati.</span> <span class='ocrx_word' id='word_1_173' title='bbox 1930 2326 1948 2348; x_wconf 92' lang='lat'><strong>·</strong></span> <span class='ocrx_word' id='word_1_174' title='bbox 1995 2321 2011 2344; x_wconf 84' lang='lat'><strong>·</strong></span> <span class='ocrx_word' id='word_1_175' title='bbox 2048 2317 2064 2346; x_wconf 71' lang='grc' dir='ltr'><strong><em>ο</em></strong></span> 
     </span>
     <span class='ocr_line' id='line_1_18' title="bbox 380 2380 2063 2488; baseline -0.004 -28"><span class='ocrx_word' id='word_1_176' title='bbox 380 2465 386 2476; x_wconf 46' lang='grc'>,,</span> <span class='ocrx_word' id='word_1_177' title='bbox 421 2385 477 2460; x_wconf 82' lang='lat' dir='ltr'>‘ia</span> <span class='ocrx_word' id='word_1_178' title='bbox 503 2383 578 2461; x_wconf 87' lang='lat' dir='ltr'>ittis&#39;</span> <span class='ocrx_word' id='word_1_179' title='bbox 599 2409 707 2460; x_wconf 83' lang='lat' dir='ltr'>cernes</span> <span class='ocrx_word' id='word_1_180' title='bbox 735 2384 843 2488; x_wconf 73' lang='lat' dir='ltr'>bestia</span> <span class='ocrx_word' id='word_1_181' title='bbox 863 2395 1093 2483; x_wconf 74' lang='lat' dir='ltr'>preparatam</span> <span class='ocrx_word' id='word_1_182' title='bbox 1126 2380 1241 2456; x_wconf 81' lang='lat' dir='ltr'>tlala-</span> <span class='ocrx_word' id='word_1_183' title='bbox 1333 2385 1523 2463; x_wconf 68' lang='lat' dir='ltr'>mataxae</span> <span class='ocrx_word' id='word_1_184' title='bbox 1559 2390 1697 2476; x_wconf 66' lang='lat' dir='ltr'>nentri,</span> <span class='ocrx_word' id='word_1_185' title='bbox 1742 2386 1854 2462; x_wconf 73' lang='lat' dir='ltr'>nentri</span> <span class='ocrx_word' id='word_1_186' title='bbox 1885 2381 2063 2484; x_wconf 63' lang='grc' dir='ltr'>[σαψ</span> 
     </span>
     <span class='ocr_line' id='line_1_19' title="bbox 377 2477 1851 2582; baseline 0 -22"><span class='ocrx_word' id='word_1_187' title='bbox 377 2497 380 2502; x_wconf 85' lang='grc'><strong>“</strong></span> <span class='ocrx_word' id='word_1_188' title='bbox 439 2503 549 2571; x_wconf 84' lang='lat' dir='ltr'>mam,</span> <span class='ocrx_word' id='word_1_189' title='bbox 573 2483 780 2560; x_wconf 69' lang='lat' dir='ltr'>saumario</span> <span class='ocrx_word' id='word_1_190' title='bbox 797 2481 1156 2582; x_wconf 75' lang='lat' dir='ltr'>aetateimpadicitioor</span> <span class='ocrx_word' id='word_1_191' title='bbox 1168 2477 1241 2578; x_wconf 82' lang='lat' dir='ltr'>dis·</span> <span class='ocrx_word' id='word_1_192' title='bbox 1683 2495 1851 2560; x_wconf 76' lang='lat' dir='ltr'>amotam.</span> 
     </span>
    </p>

    <p class='ocr_par' dir='ltr' id='par_1_5' title="bbox 439 2575 2064 2876">
     <span class='ocr_line' id='line_1_20' title="bbox 439 2575 2063 2680; baseline -0.001 -22"><span class='ocrx_word' id='word_1_193' title='bbox 439 2594 537 2664; x_wconf 82' lang='lat' dir='ltr'>naar,</span> <span class='ocrx_word' id='word_1_194' title='bbox 550 2579 705 2657; x_wconf 82' lang='lat' dir='ltr'>onraibas</span> <span class='ocrx_word' id='word_1_195' title='bbox 711 2583 919 2678; x_wconf 84' lang='lat' dir='ltr'>fornicariis</span> <span class='ocrx_word' id='word_1_196' title='bbox 932 2584 1026 2678; x_wconf 81' lang='lat' dir='ltr'>peior</span> <span class='ocrx_word' id='word_1_197' title='bbox 1033 2581 1242 2680; x_wconf 78' lang='lat' dir='ltr'>prosternun-</span> <span class='ocrx_word' id='word_1_198' title='bbox 1267 2587 1353 2660; x_wconf 82' lang='lat' dir='ltr'>vide</span> <span class='ocrx_word' id='word_1_199' title='bbox 1403 2583 1501 2674; x_wconf 85' lang='lat' dir='ltr'>plurr</span> <span class='ocrx_word' id='word_1_200' title='bbox 1541 2583 1730 2680; x_wconf 84' lang='lat' dir='ltr'>huiusmodi</span> <span class='ocrx_word' id='word_1_201' title='bbox 1764 2609 1807 2660; x_wconf 81' lang='lat' dir='ltr'>er</span> <span class='ocrx_word' id='word_1_202' title='bbox 1847 2583 1950 2656; x_wconf 67' lang='lat' dir='ltr'>retur</span> <span class='ocrx_word' id='word_1_203' title='bbox 1994 2575 2063 2656; x_wconf 87' lang='lat' dir='ltr'>feri·</span> 
     </span>
     <span class='ocr_line' id='line_1_21' title="bbox 444 2677 2064 2774; baseline -0.002 -18"><span class='ocrx_word' id='word_1_204' title='bbox 444 2680 510 2756; x_wconf 60' lang='lat' dir='ltr'>trarss</span> <span class='ocrx_word' id='word_1_205' title='bbox 561 2680 721 2756; x_wconf 84' lang='lat' dir='ltr'>Nicolaur</span> <span class='ocrx_word' id='word_1_206' title='bbox 736 2688 778 2753; x_wconf 86' lang='lat' dir='ltr'>de</span> <span class='ocrx_word' id='word_1_207' title='bbox 797 2681 973 2772; x_wconf 79' lang='lat' dir='ltr'>Clemang.</span> <span class='ocrx_word' id='word_1_208' title='bbox 988 2683 1021 2750; x_wconf 92' lang='lat' dir='ltr'>in</span> <span class='ocrx_word' id='word_1_209' title='bbox 1036 2677 1093 2750; x_wconf 85' lang='lat' dir='ltr'>tib.</span> <span class='ocrx_word' id='word_1_210' title='bbox 1111 2683 1243 2750; x_wconf 85' lang='lat' dir='ltr'>decor·</span> <span class='ocrx_word' id='word_1_211' title='bbox 1267 2680 1422 2774; x_wconf 83' lang='lat' dir='ltr'>peoribua</span> <span class='ocrx_word' id='word_1_212' title='bbox 1443 2679 1581 2754; x_wconf 69' lang='lat' dir='ltr'>rolleda</span> <span class='ocrx_word' id='word_1_213' title='bbox 1607 2685 1697 2772; x_wconf 82' lang='lat' dir='ltr'>apud</span> <span class='ocrx_word' id='word_1_214' title='bbox 1729 2681 1908 2755; x_wconf 81' lang='lat' dir='ltr'>Sutliaium</span> <span class='ocrx_word' id='word_1_215' title='bbox 1936 2679 1981 2753; x_wconf 88' lang='lat' dir='ltr'>de</span> <span class='ocrx_word' id='word_1_216' title='bbox 2001 2702 2064 2752; x_wconf 87' lang='lat' dir='ltr'>ma·</span> 
     </span>
     <span class='ocr_line' id='line_1_22' title="bbox 441 2775 2063 2876; baseline -0.003 -21"><span class='ocrx_word' id='word_1_217' title='bbox 441 2801 544 2872; x_wconf 85' lang='lat' dir='ltr'>rupto</span> <span class='ocrx_word' id='word_1_218' title='bbox 556 2777 698 2854; x_wconf 77' lang='lat' dir='ltr'>ecclesie</span> <span class='ocrx_word' id='word_1_219' title='bbox 711 2781 810 2851; x_wconf 72' lang='lat' dir='ltr'>natu:</span> <span class='ocrx_word' id='word_1_220' title='bbox 828 2775 1075 2850; x_wconf 83' lang='lat' dir='ltr'>Monocirorum</span> <span class='ocrx_word' id='word_1_221' title='bbox 1087 2779 1245 2876; x_wconf 78' lang='lat' dir='ltr'>monoste-</span> <span class='ocrx_word' id='word_1_222' title='bbox 1271 2779 1367 2852; x_wconf 89' lang='lat' dir='ltr'>nach.</span> <span class='ocrx_word' id='word_1_223' title='bbox 1396 2781 1496 2855; x_wconf 78' lang='lat' dir='ltr'>instit.</span> <span class='ocrx_word' id='word_1_224' title='bbox 1525 2805 1564 2850; x_wconf 84' lang='lat' dir='ltr'>ac</span> <span class='ocrx_word' id='word_1_225' title='bbox 1592 2779 1715 2854; x_wconf 72' lang='lat' dir='ltr'>morib·</span> <span class='ocrx_word' id='word_1_226' title='bbox 1739 2805 1811 2869; x_wconf 90' lang='lat' dir='ltr'>cap.</span> <span class='ocrx_word' id='word_1_227' title='bbox 1837 2783 1931 2850; x_wconf 81' lang='lat' dir='ltr'>vna.</span> <span class='ocrx_word' id='word_1_228' title='bbox 1982 2777 2063 2852; x_wconf 75' lang='lat' dir='ltr'>taur</span> 
     </span>
    </p>
   </div>
   <div class='ocr_carea' id='block_1_3' title="bbox 285 2863 2063 2972">
    <p class='ocr_par' dir='ltr' id='par_1_6' title="bbox 285 2863 2063 2972">
     <span class='ocr_line' id='line_1_23' title="bbox 285 2863 2063 2972; baseline -0.003 -19"><span class='ocrx_word' id='word_1_229' title='bbox 285 2926 287 2931; x_wconf 93' lang='lat'>·</span> <span class='ocrx_word' id='word_1_230' title='bbox 444 2877 600 2954; x_wconf 82' lang='lat' dir='ltr'>riaoilril</span> <span class='ocrx_word' id='word_1_231' title='bbox 609 2875 793 2972; x_wconf 82' lang='lat' dir='ltr'>osiadsoatt</span> <span class='ocrx_word' id='word_1_232' title='bbox 805 2893 903 2970; x_wconf 86' lang='lat' dir='ltr'>qaam</span> <span class='ocrx_word' id='word_1_233' title='bbox 919 2873 1058 2946; x_wconf 85' lang='lat' dir='ltr'>Veneris</span> <span class='ocrx_word' id='word_1_234' title='bbox 1070 2863 1246 2968; x_wconf 54' lang='lat' dir='ltr'>effectan-</span> <span class='ocrx_word' id='word_1_235' title='bbox 1270 2875 1479 2966; x_wconf 79' lang='lat' dir='ltr'>inquisitione</span> <span class='ocrx_word' id='word_1_236' title='bbox 1498 2877 1706 2967; x_wconf 74' lang='lat' dir='ltr'>temporibus</span> <span class='ocrx_word' id='word_1_237' title='bbox 1727 2875 1870 2950; x_wconf 84' lang='lat' dir='ltr'>Hearici</span> <span class='ocrx_word' id='word_1_238' title='bbox 1888 2872 2001 2970; x_wconf 83' lang='lat' dir='ltr'><em>VIII.</em></span> <span class='ocrx_word' id='word_1_239' title='bbox 2020 2897 2063 2948; x_wconf 85' lang='lat' dir='ltr'>rt·</span> 
     </span>
    </p>
   </div>
   <div class='ocr_carea' id='block_1_4' title="bbox 437 2969 2065 4644">
    <p class='ocr_par' dir='ltr' id='par_1_7' title="bbox 437 2969 2065 4644">
     <span class='ocr_line' id='line_1_24' title="bbox 445 2969 2064 3078; baseline -0.002 -26"><span class='ocrx_word' id='word_1_240' title='bbox 445 2976 494 3051; x_wconf 75' lang='lat' dir='ltr'>do</span> <span class='ocrx_word' id='word_1_241' title='bbox 511 2975 708 3078; x_wconf 80' lang='lat' dir='ltr'>prostibula.</span> <span class='ocrx_word' id='word_1_242' title='bbox 760 2971 937 3046; x_wconf 82' lang='lat' dir='ltr'>Gerstrnius</span> <span class='ocrx_word' id='word_1_243' title='bbox 956 2975 991 3042; x_wconf 91' lang='lat' dir='ltr'>in</span> <span class='ocrx_word' id='word_1_244' title='bbox 1007 2973 1064 3043; x_wconf 90' lang='lat' dir='ltr'>lib.</span> <span class='ocrx_word' id='word_1_245' title='bbox 1081 2977 1125 3045; x_wconf 90' lang='lat' dir='ltr'>de</span> <span class='ocrx_word' id='word_1_246' title='bbox 1140 2971 1249 3045; x_wconf 59' lang='lat' dir='ltr'>eccla</span> <span class='ocrx_word' id='word_1_247' title='bbox 1269 2977 1326 3072; x_wconf 83' lang='lat' dir='ltr'>gis</span> <span class='ocrx_word' id='word_1_248' title='bbox 1346 2971 1492 3069; x_wconf 79' lang='lat' dir='ltr'>Aagsiae</span> <span class='ocrx_word' id='word_1_249' title='bbox 1513 3000 1601 3047; x_wconf 86' lang='lat' dir='ltr'>rano</span> <span class='ocrx_word' id='word_1_250' title='bbox 1625 2992 1725 3064; x_wconf 73' lang='lat'>1538.</span> <span class='ocrx_word' id='word_1_251' title='bbox 1755 2975 1885 3052; x_wconf 88' lang='lat' dir='ltr'>nullum</span> <span class='ocrx_word' id='word_1_252' title='bbox 1914 2969 1987 3048; x_wconf 85' lang='lat' dir='ltr'>fere</span> <span class='ocrx_word' id='word_1_253' title='bbox 2010 2991 2064 3064; x_wconf 78' lang='lat' dir='ltr'>pet</span> 
     </span>
     <span class='ocr_line' id='line_1_25' title="bbox 446 3067 2063 3170; baseline 0 -20"><span class='ocrx_word' id='word_1_254' title='bbox 446 3073 699 3152; x_wconf 72' lang='lat' dir='ltr'>teteteoiout:</span> <span class='ocrx_word' id='word_1_255' title='bbox 711 3067 869 3170; x_wconf 73' lang='lat' dir='ltr'>Claustra</span> <span class='ocrx_word' id='word_1_256' title='bbox 879 3067 1247 3168; x_wconf 79' lang='lat' dir='ltr'>morriosiamsantpro·</span> <span class='ocrx_word' id='word_1_257' title='bbox 1270 3094 1374 3146; x_wconf 90' lang='lat' dir='ltr'>totam</span> <span class='ocrx_word' id='word_1_258' title='bbox 1392 3068 1548 3163; x_wconf 77' lang='lat' dir='ltr'>tngl&#39;urn</span> <span class='ocrx_word' id='word_1_259' title='bbox 1567 3097 1741 3161; x_wconf 84' lang='lat' dir='ltr'>repertum</span> <span class='ocrx_word' id='word_1_260' title='bbox 1754 3077 1802 3146; x_wconf 79' lang='lat' dir='ltr'>eli</span> <span class='ocrx_word' id='word_1_261' title='bbox 1817 3070 2063 3150; x_wconf 73' lang='lat' dir='ltr'>monasterium·</span> 
     </span>
     <span class='ocr_line' id='line_1_26' title="bbox 437 3169 2063 3274; baseline -0.005 -26"><span class='ocrx_word' id='word_1_262' title='bbox 437 3171 798 3274; x_wconf 79' lang='lat' dir='ltr'>stibulamrratriaom.</span> <span class='ocrx_word' id='word_1_263' title='bbox 824 3173 940 3240; x_wconf 79' lang='lat' dir='ltr'>Petrus</span> <span class='ocrx_word' id='word_1_264' title='bbox 948 3173 990 3241; x_wconf 90' lang='lat' dir='ltr'>de</span> <span class='ocrx_word' id='word_1_265' title='bbox 1001 3169 1244 3244; x_wconf 76' lang='lat' dir='ltr'>AliacoCaore-</span> <span class='ocrx_word' id='word_1_266' title='bbox 1270 3174 1304 3244; x_wconf 91' lang='lat' dir='ltr'>in</span> <span class='ocrx_word' id='word_1_267' title='bbox 1325 3195 1392 3259; x_wconf 88' lang='lat' dir='ltr'>quo</span> <span class='ocrx_word' id='word_1_268' title='bbox 1412 3193 1479 3241; x_wconf 85' lang='lat' dir='ltr'>non</span> <span class='ocrx_word' id='word_1_269' title='bbox 1502 3170 1769 3256; x_wconf 69' lang='lat' dir='ltr'>adulteriorum,v</span> <span class='ocrx_word' id='word_1_270' title='bbox 1787 3171 1998 3264; x_wconf 77' lang='lat' dir='ltr'>stuprorum,</span> <span class='ocrx_word' id='word_1_271' title='bbox 2019 3169 2063 3240; x_wconf 79' lang='lat' dir='ltr'>ia·</span> 
     </span>
     <span class='ocr_line' id='line_1_27' title="bbox 444 3262 2062 3351; baseline -0.004 -5"><span class='ocrx_word' id='word_1_272' title='bbox 444 3269 584 3346; x_wconf 82' lang='lat' dir='ltr'>recentia</span> <span class='ocrx_word' id='word_1_273' title='bbox 600 3267 657 3338; x_wconf 89' lang='lat' dir='ltr'>lib.</span> <span class='ocrx_word' id='word_1_274' title='bbox 674 3265 866 3340; x_wconf 68' lang='lat' dir='ltr'>deecclesia</span> <span class='ocrx_word' id='word_1_275' title='bbox 884 3262 1136 3338; x_wconf 74' lang='lat' dir='ltr'>reformatione:</span> <span class='ocrx_word' id='word_1_276' title='bbox 1151 3265 1245 3338; x_wconf 82' lang='lat' dir='ltr'>alao-</span> <span class='ocrx_word' id='word_1_277' title='bbox 1268 3271 1429 3342; x_wconf 78' lang='lat' dir='ltr'>cestorum</span> <span class='ocrx_word' id='word_1_278' title='bbox 1456 3267 1631 3339; x_wconf 85' lang='lat' dir='ltr'>libidinum</span> <span class='ocrx_word' id='word_1_279' title='bbox 1649 3324 1658 3351; x_wconf 86' lang='lat'><strong>‚</strong></span> <span class='ocrx_word' id='word_1_280' title='bbox 1700 3265 1831 3342; x_wconf 88' lang='lat' dir='ltr'>sceleris</span> <span class='ocrx_word' id='word_1_281' title='bbox 1861 3263 2062 3344; x_wconf 67' lang='lat' dir='ltr'>sodomitici·</span> 
     </span>
     <span class='ocr_line' id='line_1_28' title="bbox 437 3362 2063 3473; baseline -0.001 -33"><span class='ocrx_word' id='word_1_282' title='bbox 437 3375 513 3473; x_wconf 74' lang='lat' dir='ltr'>stra</span> <span class='ocrx_word' id='word_1_283' title='bbox 533 3364 750 3451; x_wconf 84' lang='lat' dir='ltr'>monialium,</span> <span class='ocrx_word' id='word_1_284' title='bbox 781 3366 875 3438; x_wconf 83' lang='lat' dir='ltr'>altra</span> <span class='ocrx_word' id='word_1_285' title='bbox 899 3386 997 3458; x_wconf 82' lang='lat' dir='ltr'>qaam</span> <span class='ocrx_word' id='word_1_286' title='bbox 1019 3365 1127 3436; x_wconf 83' lang='lat' dir='ltr'>dicere</span> <span class='ocrx_word' id='word_1_287' title='bbox 1145 3362 1245 3459; x_wconf 84' lang='lat' dir='ltr'>ausus</span> <span class='ocrx_word' id='word_1_288' title='bbox 1268 3365 1555 3452; x_wconf 79' lang='lat' dir='ltr'>nefandorumque</span> <span class='ocrx_word' id='word_1_289' title='bbox 1577 3366 1783 3458; x_wconf 74' lang='lat' dir='ltr'>flagitiorum</span> <span class='ocrx_word' id='word_1_290' title='bbox 1808 3367 1956 3457; x_wconf 84' lang='lat' dir='ltr'>plurima</span> <span class='ocrx_word' id='word_1_291' title='bbox 1976 3385 2063 3454; x_wconf 80' lang='lat' dir='ltr'>repe·</span> 
     </span>
     <span class='ocr_line' id='line_1_29' title="bbox 443 3461 2063 3564; baseline -0.001 -28"><span class='ocrx_word' id='word_1_292' title='bbox 443 3463 534 3564; x_wconf 79' lang='lat' dir='ltr'>effet,</span> <span class='ocrx_word' id='word_1_293' title='bbox 562 3464 771 3564; x_wconf 73' lang='lat' dir='ltr'>dehonestato</span> <span class='ocrx_word' id='word_1_294' title='bbox 786 3462 913 3534; x_wconf 83' lang='lat' dir='ltr'>rdt&#39;erit.</span> <span class='ocrx_word' id='word_1_295' title='bbox 968 3468 1108 3534; x_wconf 84' lang='lat' dir='ltr'>totocus</span> <span class='ocrx_word' id='word_1_296' title='bbox 1129 3461 1244 3536; x_wconf 85' lang='lat' dir='ltr'>Clich·</span> <span class='ocrx_word' id='word_1_297' title='bbox 1268 3466 1416 3537; x_wconf 85' lang='lat' dir='ltr'>rirentur</span> <span class='ocrx_word' id='word_1_298' title='bbox 1436 3466 1591 3554; x_wconf 74' lang='lat' dir='ltr'>vestigia,</span> <span class='ocrx_word' id='word_1_299' title='bbox 1615 3489 1719 3553; x_wconf 88' lang='lat' dir='ltr'>eaque</span> <span class='ocrx_word' id='word_1_300' title='bbox 1737 3477 1771 3542; x_wconf 69' lang='grc' dir='ltr'>δι</span> <span class='ocrx_word' id='word_1_301' title='bbox 1791 3463 1928 3539; x_wconf 79' lang='lat' dir='ltr'>testibus</span> <span class='ocrx_word' id='word_1_302' title='bbox 1946 3473 1983 3540; x_wconf 79' lang='lat' dir='ltr'>dr</span> <span class='ocrx_word' id='word_1_303' title='bbox 1994 3486 2063 3536; x_wconf 88' lang='lat' dir='ltr'>coo·</span> 
     </span>
     <span class='ocr_line' id='line_1_30' title="bbox 441 3545 2064 3652; baseline -0.002 -16"><span class='ocrx_word' id='word_1_304' title='bbox 441 3587 558 3636; x_wconf 83' lang='lat' dir='ltr'>toaeus</span> <span class='ocrx_word' id='word_1_305' title='bbox 568 3562 796 3651; x_wconf 77' lang='lat' dir='ltr'>carnotensis,</span> <span class='ocrx_word' id='word_1_306' title='bbox 814 3563 988 3650; x_wconf 81' lang='lat' dir='ltr'>canonicos</span> <span class='ocrx_word' id='word_1_307' title='bbox 1003 3565 1239 3647; x_wconf 81' lang='lat' dir='ltr'>Nauportum·</span> <span class='ocrx_word' id='word_1_308' title='bbox 1268 3545 1459 3632; x_wconf 82' lang='lat' dir='ltr'>feffionibur</span> <span class='ocrx_word' id='word_1_309' title='bbox 1484 3560 1710 3646; x_wconf 86' lang='lat' dir='ltr'>plurimorum</span> <span class='ocrx_word' id='word_1_310' title='bbox 1733 3561 1962 3652; x_wconf 69' lang='lat' dir='ltr'>comprobem.</span> <span class='ocrx_word' id='word_1_311' title='bbox 2015 3565 2064 3632; x_wconf 74' lang='lat' dir='ltr'>oa</span> 
     </span>
     <span class='ocr_line' id='line_1_31' title="bbox 442 3653 2063 3750; baseline -0.001 -16"><span class='ocrx_word' id='word_1_312' title='bbox 442 3659 499 3740; x_wconf 73' lang='lat' dir='ltr'>so,</span> <span class='ocrx_word' id='word_1_313' title='bbox 523 3661 556 3729; x_wconf 90' lang='lat' dir='ltr'>in</span> <span class='ocrx_word' id='word_1_314' title='bbox 573 3654 725 3732; x_wconf 84' lang='lat' dir='ltr'>sermone</span> <span class='ocrx_word' id='word_1_315' title='bbox 740 3659 852 3732; x_wconf 85' lang='lat' dir='ltr'>habito</span> <span class='ocrx_word' id='word_1_316' title='bbox 869 3660 903 3728; x_wconf 89' lang='lat' dir='ltr'>in</span> <span class='ocrx_word' id='word_1_317' title='bbox 923 3656 1071 3746; x_wconf 84' lang='lat' dir='ltr'>capitolo</span> <span class='ocrx_word' id='word_1_318' title='bbox 1088 3660 1239 3748; x_wconf 75' lang='lat' dir='ltr'>generali</span> <span class='ocrx_word' id='word_1_319' title='bbox 1262 3659 1340 3730; x_wconf 73' lang='lat' dir='ltr'>leus</span> <span class='ocrx_word' id='word_1_320' title='bbox 1363 3661 1396 3728; x_wconf 93' lang='lat' dir='ltr'>in</span> <span class='ocrx_word' id='word_1_321' title='bbox 1418 3655 1512 3745; x_wconf 74' lang='lat' dir='ltr'>pref.</span> <span class='ocrx_word' id='word_1_322' title='bbox 1534 3657 1594 3732; x_wconf 88' lang='lat' dir='ltr'>lib.</span> <span class='ocrx_word' id='word_1_323' title='bbox 1615 3666 1640 3732; x_wconf 90' lang='lat' dir='ltr'>l.</span> <span class='ocrx_word' id='word_1_324' title='bbox 1664 3665 1708 3732; x_wconf 88' lang='lat' dir='ltr'>de</span> <span class='ocrx_word' id='word_1_325' title='bbox 1724 3663 1804 3735; x_wconf 80' lang='lat' dir='ltr'>attia</span> <span class='ocrx_word' id='word_1_326' title='bbox 1823 3667 1925 3736; x_wconf 84' lang='lat' dir='ltr'>Rom.</span> <span class='ocrx_word' id='word_1_327' title='bbox 1952 3653 2063 3750; x_wconf 78' lang='lat' dir='ltr'>pontif.</span> 
     </span>
     <span class='ocr_line' id='line_1_32' title="bbox 441 3751 2065 3848; baseline -0.001 -18"><span class='ocrx_word' id='word_1_328' title='bbox 441 3758 567 3830; x_wconf 78' lang='lat' dir='ltr'>ordinis</span> <span class='ocrx_word' id='word_1_329' title='bbox 611 3755 835 3832; x_wconf 77' lang='lat' dir='ltr'>cluniacensis</span> <span class='ocrx_word' id='word_1_330' title='bbox 872 3751 1061 3848; x_wconf 76' lang='lat' dir='ltr'>recensente</span> <span class='ocrx_word' id='word_1_331' title='bbox 1096 3751 1239 3831; x_wconf 84' lang='lat' dir='ltr'>Wolffio</span> <span class='ocrx_word' id='word_1_332' title='bbox 1264 3757 1430 3828; x_wconf 78' lang='lat' dir='ltr'>lutherus</span> <span class='ocrx_word' id='word_1_333' title='bbox 1448 3760 1481 3826; x_wconf 91' lang='lat' dir='ltr'>in</span> <span class='ocrx_word' id='word_1_334' title='bbox 1502 3780 1625 3828; x_wconf 89' lang='lat' dir='ltr'>comm.</span> <span class='ocrx_word' id='word_1_335' title='bbox 1649 3763 1734 3834; x_wconf 81' lang='lat' dir='ltr'>Gen.</span> <span class='ocrx_word' id='word_1_336' title='bbox 1750 3766 1806 3832; x_wconf 79' lang='lat' dir='ltr'>tv.</span> <span class='ocrx_word' id='word_1_337' title='bbox 1826 3783 1861 3846; x_wconf 91' lang='lat' dir='ltr'>p.</span> <span class='ocrx_word' id='word_1_338' title='bbox 1878 3779 1942 3846; x_wconf 81' lang='lat'>54.</span> <span class='ocrx_word' id='word_1_339' title='bbox 1958 3753 2065 3839; x_wconf 80' lang='lat' dir='ltr'>refert.</span> 
     </span>
     <span class='ocr_line' id='line_1_33' title="bbox 442 3849 2065 3958; baseline 0 -31"><span class='ocrx_word' id='word_1_340' title='bbox 442 3877 529 3928; x_wconf 88' lang='lat' dir='ltr'>cent.</span> <span class='ocrx_word' id='word_1_341' title='bbox 557 3861 649 3928; x_wconf 81' lang='lat' dir='ltr'>XVI.</span> <span class='ocrx_word' id='word_1_342' title='bbox 679 3881 713 3942; x_wconf 89' lang='lat' dir='ltr'>p.</span> <span class='ocrx_word' id='word_1_343' title='bbox 739 3881 817 3946; x_wconf 79' lang='lat'>³¹3·</span> <span class='ocrx_word' id='word_1_344' title='bbox 839 3850 882 3923; x_wconf 88' lang='lat' dir='ltr'>frc</span> <span class='ocrx_word' id='word_1_345' title='bbox 898 3853 1119 3926; x_wconf 84' lang='lat' dir='ltr'>exclamarit:</span> <span class='ocrx_word' id='word_1_346' title='bbox 1168 3851 1241 3928; x_wconf 87' lang='lat' dir='ltr'>Vbi</span> <span class='ocrx_word' id='word_1_347' title='bbox 1264 3858 1451 3942; x_wconf 77' lang='lat' dir='ltr'>quodcum</span> <span class='ocrx_word' id='word_1_348' title='bbox 1476 3854 1634 3927; x_wconf 76' lang='lat' dir='ltr'>moniales</span> <span class='ocrx_word' id='word_1_349' title='bbox 1655 3857 1691 3928; x_wconf 86' lang='lat' dir='ltr'>in</span> <span class='ocrx_word' id='word_1_350' title='bbox 1713 3857 1871 3958; x_wconf 77' lang='lat' dir='ltr'>Austriae</span> <span class='ocrx_word' id='word_1_351' title='bbox 1897 3857 1976 3932; x_wconf 85' lang='lat' dir='ltr'>vico</span> <span class='ocrx_word' id='word_1_352' title='bbox 1992 3849 2065 3928; x_wconf 81' lang='lat' dir='ltr'>Cio·</span> 
     </span>
     <span class='ocr_line' id='line_1_34' title="bbox 442 3947 2064 4054; baseline -0.001 -26"><span class='ocrx_word' id='word_1_353' title='bbox 442 3949 551 4054; x_wconf 82' lang='lat' dir='ltr'>quaeso</span> <span class='ocrx_word' id='word_1_354' title='bbox 574 3979 661 4026; x_wconf 86' lang='lat' dir='ltr'>nanc</span> <span class='ocrx_word' id='word_1_355' title='bbox 671 3957 808 4050; x_wconf 62' lang='lat' dir='ltr'>statuo,</span> <span class='ocrx_word' id='word_1_356' title='bbox 838 3947 1009 4024; x_wconf 81' lang='lat' dir='ltr'>adulteria</span> <span class='ocrx_word' id='word_1_357' title='bbox 1024 3947 1069 4024; x_wconf 73' lang='lat' dir='ltr'>fs</span> <span class='ocrx_word' id='word_1_358' title='bbox 1080 3950 1240 4044; x_wconf 84' lang='lat' dir='ltr'>fornica·</span> <span class='ocrx_word' id='word_1_359' title='bbox 1258 3955 1325 4052; x_wconf 82' lang='lat' dir='ltr'>ster</span> <span class='ocrx_word' id='word_1_360' title='bbox 1350 3947 1547 4047; x_wconf 83' lang='lat' dir='ltr'>Neambarg</span> <span class='ocrx_word' id='word_1_361' title='bbox 1574 3976 1714 4042; x_wconf 89' lang='lat' dir='ltr'>propter</span> <span class='ocrx_word' id='word_1_362' title='bbox 1738 3977 1873 4046; x_wconf 86' lang='lat' dir='ltr'>turpem</span> <span class='ocrx_word' id='word_1_363' title='bbox 1895 3958 1997 4028; x_wconf 84' lang='lat' dir='ltr'>ritem</span> <span class='ocrx_word' id='word_1_364' title='bbox 2015 3957 2064 4026; x_wconf 76' lang='grc' dir='ltr'>ω’·</span> 
     </span>
     <span class='ocr_line' id='line_1_35' title="bbox 444 4045 2063 4146; baseline -0.003 -17"><span class='ocrx_word' id='word_1_365' title='bbox 444 4053 550 4129; x_wconf 77' lang='lat' dir='ltr'>tiones</span> <span class='ocrx_word' id='word_1_366' title='bbox 565 4053 782 4125; x_wconf 80' lang='lat' dir='ltr'>uehementior</span> <span class='ocrx_word' id='word_1_367' title='bbox 796 4045 1012 4146; x_wconf 63' lang='lat' dir='ltr'>graffitrttam</span> <span class='ocrx_word' id='word_1_368' title='bbox 1038 4073 1138 4144; x_wconf 86' lang='lat' dir='ltr'>qoam</span> <span class='ocrx_word' id='word_1_369' title='bbox 1153 4051 1241 4123; x_wconf 83' lang='lat' dir='ltr'>inter</span> <span class='ocrx_word' id='word_1_370' title='bbox 1265 4073 1426 4138; x_wconf 73' lang='lat' dir='ltr'>gerentur</span> <span class='ocrx_word' id='word_1_371' title='bbox 1453 4075 1581 4121; x_wconf 88' lang='lat' dir='ltr'>murare</span> <span class='ocrx_word' id='word_1_372' title='bbox 1603 4050 1741 4136; x_wconf 82' lang='lat' dir='ltr'>locum,</span> <span class='ocrx_word' id='word_1_373' title='bbox 1779 4065 1813 4128; x_wconf 72' lang='grc' dir='ltr'>δι</span> <span class='ocrx_word' id='word_1_374' title='bbox 1837 4052 2063 4136; x_wconf 71' lang='lat' dir='ltr'>monasterium</span> 
     </span>
     <span class='ocr_line' id='line_1_36' title="bbox 442 4145 2062 4246; baseline -0.004 -20"><span class='ocrx_word' id='word_1_375' title='bbox 442 4153 651 4246; x_wconf 80' lang='lat' dir='ltr'>deformatos</span> <span class='ocrx_word' id='word_1_376' title='bbox 676 4149 871 4232; x_wconf 76' lang='lat' dir='ltr'>monachos,</span> <span class='ocrx_word' id='word_1_377' title='bbox 911 4150 969 4241; x_wconf 77' lang='lat' dir='ltr'>qui</span> <span class='ocrx_word' id='word_1_378' title='bbox 998 4150 1238 4238; x_wconf 77' lang='lat' dir='ltr'>patrimonium</span> <span class='ocrx_word' id='word_1_379' title='bbox 1264 4145 1479 4220; x_wconf 76' lang='lat' dir='ltr'>franciscanir</span> <span class='ocrx_word' id='word_1_380' title='bbox 1511 4148 1730 4222; x_wconf 81' lang='lat' dir='ltr'>habitantum</span> <span class='ocrx_word' id='word_1_381' title='bbox 1756 4149 1945 4223; x_wconf 76' lang='lat' dir='ltr'>concessum</span> <span class='ocrx_word' id='word_1_382' title='bbox 1969 4145 2062 4232; x_wconf 81' lang='lat' dir='ltr'>eset.</span> 
     </span>
     <span class='ocr_line' id='line_1_37' title="bbox 441 4242 2063 4350; baseline -0.004 -28"><span class='ocrx_word' id='word_1_383' title='bbox 441 4274 625 4350; x_wconf 77' lang='lat' dir='ltr'>pauperum</span> <span class='ocrx_word' id='word_1_384' title='bbox 635 4247 802 4344; x_wconf 78' lang='lat' dir='ltr'>sanguine</span> <span class='ocrx_word' id='word_1_385' title='bbox 822 4246 898 4346; x_wconf 81' lang='lat' dir='ltr'>lesa</span> <span class='ocrx_word' id='word_1_386' title='bbox 921 4244 1049 4345; x_wconf 73' lang='lat' dir='ltr'>Cariat·</span> <span class='ocrx_word' id='word_1_387' title='bbox 1064 4269 1239 4342; x_wconf 81' lang='lat' dir='ltr'>compara·</span> <span class='ocrx_word' id='word_1_388' title='bbox 1263 4268 1362 4332; x_wconf 88' lang='lat' dir='ltr'>atque</span> <span class='ocrx_word' id='word_1_389' title='bbox 1391 4246 1440 4314; x_wconf 88' lang='lat' dir='ltr'>illi</span> <span class='ocrx_word' id='word_1_390' title='bbox 1475 4268 1538 4333; x_wconf 90' lang='lat' dir='ltr'>pro</span> <span class='ocrx_word' id='word_1_391' title='bbox 1567 4242 1621 4317; x_wconf 83' lang='lat' dir='ltr'>fua</span> <span class='ocrx_word' id='word_1_392' title='bbox 1653 4251 1895 4320; x_wconf 84' lang='lat' dir='ltr'>commoditate</span> <span class='ocrx_word' id='word_1_393' title='bbox 1925 4249 2063 4336; x_wconf 70' lang='lat' dir='ltr'>quaedrot</span> 
     </span>
     <span class='ocr_line' id='line_1_38' title="bbox 444 4339 2064 4441; baseline -0.005 -16"><span class='ocrx_word' id='word_1_394' title='bbox 444 4362 515 4425; x_wconf 86' lang='lat' dir='ltr'>tam</span> <span class='ocrx_word' id='word_1_395' title='bbox 546 4349 582 4421; x_wconf 89' lang='lat' dir='ltr'>ia</span> <span class='ocrx_word' id='word_1_396' title='bbox 618 4348 820 4435; x_wconf 80' lang='lat' dir='ltr'>crapulam,</span> <span class='ocrx_word' id='word_1_397' title='bbox 873 4345 970 4419; x_wconf 85' lang='lat' dir='ltr'>tador</span> <span class='ocrx_word' id='word_1_398' title='bbox 1009 4341 1237 4441; x_wconf 74' lang='lat' dir='ltr'>inconcefflts,</span> <span class='ocrx_word' id='word_1_399' title='bbox 1264 4339 1400 4414; x_wconf 73' lang='lat' dir='ltr'>:dificia</span> <span class='ocrx_word' id='word_1_400' title='bbox 1421 4365 1608 4429; x_wconf 88' lang='lat' dir='ltr'>mutarent,</span> <span class='ocrx_word' id='word_1_401' title='bbox 1632 4345 1776 4418; x_wconf 86' lang='lat' dir='ltr'>inventae</span> <span class='ocrx_word' id='word_1_402' title='bbox 1800 4343 1926 4418; x_wconf 89' lang='lat' dir='ltr'>fuerint</span> <span class='ocrx_word' id='word_1_403' title='bbox 1947 4347 1982 4418; x_wconf 89' lang='lat' dir='ltr'>io</span> <span class='ocrx_word' id='word_1_404' title='bbox 2000 4341 2064 4417; x_wconf 86' lang='lat' dir='ltr'>sort·</span> 
     </span>
     <span class='ocr_line' id='line_1_39' title="bbox 447 4429 2065 4539; baseline -0.007 -16"><span class='ocrx_word' id='word_1_405' title='bbox 447 4451 553 4539; x_wconf 81' lang='lat' dir='ltr'>otium</span> <span class='ocrx_word' id='word_1_406' title='bbox 571 4443 612 4520; x_wconf 69' lang='lat' dir='ltr'>fs</span> <span class='ocrx_word' id='word_1_407' title='bbox 625 4446 808 4536; x_wconf 77' lang='lat' dir='ltr'>nefandam</span> <span class='ocrx_word' id='word_1_408' title='bbox 822 4429 997 4520; x_wconf 79' lang='lat' dir='ltr'>libidinem</span> <span class='ocrx_word' id='word_1_409' title='bbox 1010 4443 1094 4536; x_wconf 81' lang='lat' dir='ltr'>galo</span> <span class='ocrx_word' id='word_1_410' title='bbox 1110 4441 1153 4517; x_wconf 59' lang='grc' dir='ltr'>θ’</span> <span class='ocrx_word' id='word_1_411' title='bbox 1170 4444 1242 4514; x_wconf 91' lang='lat' dir='ltr'>otio</span> <span class='ocrx_word' id='word_1_412' title='bbox 1265 4443 1427 4512; x_wconf 81' lang='lat' dir='ltr'>dementis</span> <span class='ocrx_word' id='word_1_413' title='bbox 1460 4442 1554 4512; x_wconf 83' lang='lat' dir='ltr'>nuria</span> <span class='ocrx_word' id='word_1_414' title='bbox 1579 4445 1758 4517; x_wconf 82' lang='lat' dir='ltr'>duodecim</span> <span class='ocrx_word' id='word_1_415' title='bbox 1785 4443 1887 4528; x_wconf 74' lang='lat' dir='ltr'>olle,</span> <span class='ocrx_word' id='word_1_416' title='bbox 1935 4465 2065 4531; x_wconf 79' lang='lat' dir='ltr'>ourruor</span> 
     </span>
     <span class='ocr_line' id='line_1_40' title="bbox 444 4531 2065 4644; baseline -0.007 -20"><span class='ocrx_word' id='word_1_417' title='bbox 444 4549 628 4624; x_wconf 80' lang='lat' dir='ltr'>enutritam</span> <span class='ocrx_word' id='word_1_418' title='bbox 653 4531 879 4642; x_wconf 68' lang='lat' dir='ltr'>profundant,</span> <span class='ocrx_word' id='word_1_419' title='bbox 913 4531 1088 4644; x_wconf 80' lang='lat' dir='ltr'>difflpoot,</span> <span class='ocrx_word' id='word_1_420' title='bbox 1122 4542 1242 4642; x_wconf 80' lang='lat' dir='ltr'>distro·</span> <span class='ocrx_word' id='word_1_421' title='bbox 1265 4535 1400 4629; x_wconf 74' lang='lat' dir='ltr'>fmgulae</span> <span class='ocrx_word' id='word_1_422' title='bbox 1431 4534 1567 4609; x_wconf 82' lang='lat' dir='ltr'>infantia</span> <span class='ocrx_word' id='word_1_423' title='bbox 1593 4543 1736 4612; x_wconf 79' lang='lat' dir='ltr'>cadaver</span> <span class='ocrx_word' id='word_1_424' title='bbox 1766 4538 1944 4614; x_wconf 82' lang='lat' dir='ltr'>habebant.</span> <span class='ocrx_word' id='word_1_425' title='bbox 2009 4537 2065 4612; x_wconf 80' lang='lat' dir='ltr'>lbi·</span> 
     </span>
    </p>
   </div>
   <div class='ocr_carea' id='block_1_5' title="bbox 325 4633 2066 4734">
    <p class='ocr_par' dir='ltr' id='par_1_8' title="bbox 325 4633 2066 4734">
     <span class='ocr_line' id='line_1_41' title="bbox 325 4633 2066 4734; baseline -0.009 -11"><span class='ocrx_word' id='word_1_426' title='bbox 325 4721 335 4734; x_wconf 82' lang='grc'>,</span> <span class='ocrx_word' id='word_1_427' title='bbox 447 4649 540 4722; x_wconf 77' lang='lat' dir='ltr'>tunt.</span> <span class='ocrx_word' id='word_1_428' title='bbox 609 4644 770 4717; x_wconf 69' lang='lat' dir='ltr'>liebertus</span> <span class='ocrx_word' id='word_1_429' title='bbox 798 4641 1027 4716; x_wconf 73' lang='lat' dir='ltr'>benediditrur</span> <span class='ocrx_word' id='word_1_430' title='bbox 1053 4645 1085 4712; x_wconf 86' lang='lat' dir='ltr'>S.</span> <span class='ocrx_word' id='word_1_431' title='bbox 1118 4641 1243 4714; x_wconf 80' lang='lat' dir='ltr'>Florini</span> <span class='ocrx_word' id='word_1_432' title='bbox 1265 4640 1343 4709; x_wconf 85' lang='lat' dir='ltr'>dem</span> <span class='ocrx_word' id='word_1_433' title='bbox 1375 4639 1582 4708; x_wconf 82' lang='lat' dir='ltr'>mentionem</span> <span class='ocrx_word' id='word_1_434' title='bbox 1618 4633 1698 4709; x_wconf 84' lang='lat' dir='ltr'>facit</span> <span class='ocrx_word' id='word_1_435' title='bbox 1721 4638 1867 4728; x_wconf 74' lang='lat' dir='ltr'>epistole</span> <span class='ocrx_word' id='word_1_436' title='bbox 1897 4637 2066 4713; x_wconf 79' lang='lat' dir='ltr'>Uddrici.</span> 
     </span>
    </p>
   </div>
   <div class='ocr_carea' id='block_1_6' title="bbox 444 4727 2067 5042">
    <p class='ocr_par' dir='ltr' id='par_1_9' title="bbox 444 4727 2067 5042">
     <span class='ocr_line' id='line_1_42' title="bbox 444 4727 2067 4826; baseline -0.01 -6"><span class='ocrx_word' id='word_1_437' title='bbox 444 4742 592 4820; x_wconf 82' lang='lat' dir='ltr'>dioecefu</span> <span class='ocrx_word' id='word_1_438' title='bbox 619 4739 823 4814; x_wconf 82' lang='lat' dir='ltr'>Trevireniir</span> <span class='ocrx_word' id='word_1_439' title='bbox 845 4739 943 4812; x_wconf 87' lang='lat' dir='ltr'>abbas</span> <span class='ocrx_word' id='word_1_440' title='bbox 972 4740 1008 4807; x_wconf 88' lang='lat' dir='ltr'>in</span> <span class='ocrx_word' id='word_1_441' title='bbox 1034 4737 1170 4826; x_wconf 80' lang='lat' dir='ltr'>epistola</span> <span class='ocrx_word' id='word_1_442' title='bbox 1200 4739 1242 4810; x_wconf 88' lang='lat' dir='ltr'>ad</span> <span class='ocrx_word' id='word_1_443' title='bbox 1265 4727 1412 4823; x_wconf 81' lang='lat' dir='ltr'>episcopi</span> <span class='ocrx_word' id='word_1_444' title='bbox 1436 4735 1649 4826; x_wconf 78' lang='lat' dir='ltr'>Augustani,</span> <span class='ocrx_word' id='word_1_445' title='bbox 1681 4735 1715 4807; x_wconf 93' lang='lat' dir='ltr'>in</span> <span class='ocrx_word' id='word_1_446' title='bbox 1739 4761 1804 4825; x_wconf 87' lang='lat' dir='ltr'>qua</span> <span class='ocrx_word' id='word_1_447' title='bbox 1823 4735 1951 4823; x_wconf 87' lang='lat' dir='ltr'>aliquot</span> <span class='ocrx_word' id='word_1_448' title='bbox 1973 4733 2067 4806; x_wconf 87' lang='lat' dir='ltr'>millia</span> 
     </span>
     <span class='ocr_line' id='line_1_43' title="bbox 445 4829 2065 4931; baseline -0.006 -16"><span class='ocrx_word' id='word_1_449' title='bbox 445 4835 680 4918; x_wconf 79' lang='lat' dir='ltr'>emoniensem</span> <span class='ocrx_word' id='word_1_450' title='bbox 698 4835 891 4931; x_wconf 85' lang='lat' dir='ltr'>episcopum</span> <span class='ocrx_word' id='word_1_451' title='bbox 911 4835 953 4906; x_wconf 82' lang='lat' dir='ltr'>fre</span> <span class='ocrx_word' id='word_1_452' title='bbox 974 4830 1103 4907; x_wconf 84' lang='lat' dir='ltr'>scribit:</span> <span class='ocrx_word' id='word_1_453' title='bbox 1156 4834 1243 4911; x_wconf 80' lang='lat' dir='ltr'>Vidi</span> <span class='ocrx_word' id='word_1_454' title='bbox 1268 4834 1457 4903; x_wconf 77' lang='lat' dir='ltr'>tranioruoa</span> <span class='ocrx_word' id='word_1_455' title='bbox 1478 4829 1683 4904; x_wconf 87' lang='lat' dir='ltr'>infantilium</span> <span class='ocrx_word' id='word_1_456' title='bbox 1703 4857 1742 4905; x_wconf 87' lang='lat' dir='ltr'>ex</span> <span class='ocrx_word' id='word_1_457' title='bbox 1767 4829 1892 4922; x_wconf 87' lang='lat' dir='ltr'>piscina</span> <span class='ocrx_word' id='word_1_458' title='bbox 1913 4835 2065 4928; x_wconf 69' lang='lat' dir='ltr'>ernado.</span> 
     </span>
     <span class='ocr_line' id='line_1_44' title="bbox 457 4928 2066 5042; baseline -0.011 -26"><span class='ocrx_word' id='word_1_459' title='bbox 457 4939 603 5042; x_wconf 81' lang='lat' dir='ltr'>claustra</span> <span class='ocrx_word' id='word_1_460' title='bbox 628 4939 826 5036; x_wconf 85' lang='lat' dir='ltr'>uirginum,</span> <span class='ocrx_word' id='word_1_461' title='bbox 850 4957 996 5030; x_wconf 87' lang='lat' dir='ltr'>¹quoram</span> <span class='ocrx_word' id='word_1_462' title='bbox 1021 4934 1095 5005; x_wconf 85' lang='lat' dir='ltr'>otia</span> <span class='ocrx_word' id='word_1_463' title='bbox 1124 4931 1243 5006; x_wconf 68' lang='lat' dir='ltr'>tertias</span> <span class='ocrx_word' id='word_1_464' title='bbox 1269 4939 1302 5003; x_wconf 74' lang='grc' dir='ltr'>δι</span> <span class='ocrx_word' id='word_1_465' title='bbox 1319 4933 1359 5001; x_wconf 86' lang='lat' dir='ltr'>ad</span> <span class='ocrx_word' id='word_1_466' title='bbox 1375 4933 1580 5021; x_wconf 80' lang='lat' dir='ltr'>Gregorium</span> <span class='ocrx_word' id='word_1_467' title='bbox 1596 4928 1705 5004; x_wconf 81' lang='lat' dir='ltr'>adlata</span> <span class='ocrx_word' id='word_1_468' title='bbox 1721 4929 1935 5022; x_wconf 84' lang='lat' dir='ltr'>referuntur,</span> <span class='ocrx_word' id='word_1_469' title='bbox 1957 4933 2066 5018; x_wconf 77' lang='lat' dir='ltr'>denua</span> 
     </span>
    </p>
   </div>
   <div class='ocr_carea' id='block_1_7' title="bbox 458 5025 2064 5148">
    <p class='ocr_par' dir='ltr' id='par_1_10' title="bbox 458 5025 2064 5148">
     <span class='ocr_line' id='line_1_45' title="bbox 458 5025 2064 5148; baseline -0.018 -30"><span class='ocrx_word' id='word_1_470' title='bbox 458 5039 657 5139; x_wconf 83' lang='lat' dir='ltr'>oiscoriam,</span> <span class='ocrx_word' id='word_1_471' title='bbox 692 5038 731 5112; x_wconf 83' lang='lat' dir='ltr'>id</span> <span class='ocrx_word' id='word_1_472' title='bbox 753 5039 814 5148; x_wconf 66' lang='lat' dir='ltr'>est3</span> <span class='ocrx_word' id='word_1_473' title='bbox 845 5031 1022 5128; x_wconf 84' lang='lat' dir='ltr'>aucupiam</span> <span class='ocrx_word' id='word_1_474' title='bbox 1032 5029 1244 5127; x_wconf 85' lang='lat' dir='ltr'>satonaeod·</span> <span class='ocrx_word' id='word_1_475' title='bbox 1267 5029 1335 5100; x_wconf 84' lang='lat' dir='ltr'>vid.</span> <span class='ocrx_word' id='word_1_476' title='bbox 1360 5025 1423 5100; x_wconf 89' lang='lat' dir='ltr'>loc.</span> <span class='ocrx_word' id='word_1_477' title='bbox 1443 5033 1486 5104; x_wconf 89' lang='lat' dir='ltr'>de</span> <span class='ocrx_word' id='word_1_478' title='bbox 1506 5028 1626 5102; x_wconf 82' lang='lat' dir='ltr'>minist.</span> <span class='ocrx_word' id='word_1_479' title='bbox 1654 5042 1684 5114; x_wconf 75' lang='grc' dir='ltr'>ς.</span> <span class='ocrx_word' id='word_1_480' title='bbox 1713 5051 1792 5119; x_wconf 81' lang='lat'>339.</span> <span class='ocrx_word' id='word_1_481' title='bbox 1849 5031 1921 5104; x_wconf 87' lang='lat' dir='ltr'>tob.</span> <span class='ocrx_word' id='word_1_482' title='bbox 1942 5033 2064 5103; x_wconf 81' lang='lat' dir='ltr'>Menoe.</span> 
     </span>
    </p>
   </div>
   <div class='ocr_carea' id='block_1_8' title="bbox 331 5123 2107 5294">
    <p class='ocr_par' dir='ltr' id='par_1_11' title="bbox 331 5123 2107 5294">
     <span class='ocr_line' id='line_1_46' title="bbox 331 5123 2107 5294; baseline -0.019 -71"><span class='ocrx_word' id='word_1_483' title='bbox 331 5187 334 5192; x_wconf 96' lang='lat'>·</span> <span class='ocrx_word' id='word_1_484' title='bbox 451 5143 656 5248; x_wconf 81' lang='lat' dir='ltr'>pettoarrim,</span> <span class='ocrx_word' id='word_1_485' title='bbox 677 5134 893 5232; x_wconf 72' lang='lat' dir='ltr'>&amp;energias</span> <span class='ocrx_word' id='word_1_486' title='bbox 906 5129 1034 5207; x_wconf 84' lang='lat' dir='ltr'>alienas</span> <span class='ocrx_word' id='word_1_487' title='bbox 1050 5131 1244 5230; x_wconf 66' lang='lat' dir='ltr'>[renerent]</span> <span class='ocrx_word' id='word_1_488' title='bbox 1266 5129 1328 5236; x_wconf 86' lang='lat' dir='ltr'>dur</span> <span class='ocrx_word' id='word_1_489' title='bbox 1341 5131 1376 5202; x_wconf 91' lang='lat' dir='ltr'>io</span> <span class='ocrx_word' id='word_1_490' title='bbox 1390 5124 1449 5202; x_wconf 81' lang='lat' dir='ltr'>lib.</span> <span class='ocrx_word' id='word_1_491' title='bbox 1466 5130 1508 5206; x_wconf 89' lang='lat' dir='ltr'>de</span> <span class='ocrx_word' id='word_1_492' title='bbox 1527 5125 1646 5226; x_wconf 60' lang='lat' dir='ltr'>regule</span> <span class='ocrx_word' id='word_1_493' title='bbox 1661 5123 1824 5206; x_wconf 80' lang='lat' dir='ltr'>Francifci</span> <span class='ocrx_word' id='word_1_494' title='bbox 1842 5128 1968 5214; x_wconf 87' lang='lat' dir='ltr'>refert,</span> <span class='ocrx_word' id='word_1_495' title='bbox 1990 5123 2065 5294; x_wconf 46' lang='lat' dir='ltr'>aad</span> <span class='ocrx_word' id='word_1_496' title='bbox 2102 5155 2107 5190; x_wconf 89' lang='lat'>.·</span> 
     </span>
    </p>
   </div>
   <div class='ocr_carea' id='block_1_9' title="bbox 0 0 2453 5984">
    <p class='ocr_par' dir='ltr' id='par_1_12' title="bbox 0 0 2453 5984">
     <span class='ocr_line' id='line_1_47' title="bbox 0 0 2453 5984; baseline 0 0"><span class='ocrx_word' id='word_1_497' title='bbox 0 0 2453 5984; x_wconf 95' lang='lat' dir='ltr'> </span> 
     </span>
    </p>
   </div>
  </div>
 </body>
</html>
