4884 5984
487 498 556 574 roa
814 587 823 614 ἱ
880 499 1064 576 rocos
1087 499 1230 572 xxvi.
1281 491 1398 571 car.
1425 493 1493 568 ir.
1544 490 1689 570 secr.
1715 495 1789 568 nt

445 749 454 758 -
490 699 561 776 lari
583 701 757 800 vernagia,
779 717 845 766 non
872 698 960 792 meod
980 698 1056 792 jam
1071 681 1145 794 stris
1165 715 1337 779 oxatres
1431 703 1465 784 ς.
1495 689 1648 769 CLXIX.
1699 695 1753 764 Ut
1801 713 1914 768 autem
2008 685 2163 783 ΨΜ·

482 799 547 901 sed
567 804 693 896 quoda
713 793 1047 897 parentihtrraxorer
1060 795 1144 894 fieri
1166 791 1319 865 debeant.
1342 783 1520 864 discrimen
1561 793 1650 862 inter
1661 789 1843 889 sponsalia
1876 803 1912 867 δι
1955 771 2115 866 sWsslm
2132 788 2169 864 ζ’

489 903 670 976 Gratianus
690 903 726 972 in
745 921 821 987 cap.
841 899 943 970 instit.
962 899 1063 969 ead.'
1097 889 1319 988 Sonsaead·
1342 892 1480 985 nuptias
1498 917 1518 973 r*
1553 889 1622 964 sive
1659 895 1911 968 matrimonium
1962 847 2168 1018 'vass'

487 999 659 1098 pelloniur
677 1000 834 1093 conjuges
858 994 1091 1092 consuetudine
1111 918 1317 1089 scriptura,
1342 984 1635 1070 consummatum,
1666 989 1704 1062 stt
1730 990 1912 1077 illustrius,
2142 1049 2148 1054 .

332 1187 335 1194 Ι
485 1096 766 1197 spesrttarornm,
780 1117 846 1167 aon
860 1094 976 1193 csilio
985 1090 1220 1192 presentiam,
1246 1086 1316 1164 &a
1343 1088 1573 1160 revocabimus
1596 1090 1632 1160 id
1658 1092 1701 1162 ad
1722 1083 1889 1178 sequentia
1909 1087 2028 1178 capita.
2092 1075 2168 1158 Dif-

494 1200 875 1290 Hincnuguninusait:
901 1190 1320 1292 AngtsnsMarinmcort·
1344 1184 1456 1259 serunt
1473 1181 1666 1276 sponsaliae
1689 1191 1823 1278 nuptiis.
1879 1191 1929 1313 r.)
1953 1180 2167 1298 Adpeslasr'a·

490 1299 607 1393 jugem
631 1296 841 1380 nominavit,
863 1299 944 1390 qaia
958 1294 1085 1391 setara
1110 1301 1184 1364 croi
1202 1313 1320 1368 uxore
1343 1285 1458 1360 nilus.
1506 1285 1607 1358 Aliud
1622 1287 1711 1358 enim
1736 1292 1781 1361 est
1804 1289 2055 1386 μιιιςινιθαι,
2081 1277 2168 1354 aliod

494 1397 574 1468 binc
592 1407 626 1471 ec
645 1399 730 1470 Reda
747 1391 846 1485 super
864 1397 943 1468 [er.
1010 1389 1177 1489 §invasam
1204 1385 1322 1486 Mases
1343 1386 1496 1482 γαμεῖν,
1518 1379 1679 1474 sponsalia
1709 1407 1731 1458 a
1757 1385 1976 1484 spondendo,
2000 1383 2067 1456 hoc
2097 1379 2168 1464 esi,

494 1494 593 1569 dixit
607 1518 765 1579 uxoren,
789 1516 856 1566 non
876 1515 948 1592 qna
967 1502 1045 1565 tunc
1060 1503 1152 1578 erat,
1169 1486 1234 1588 sed
1251 1508 1323 1585 qua
1346 1488 1575 1574 promittendo
1590 1486 1700 1565 dieta,
1725 1491 1921 1581 coniugium
1941 1511 1961 1559 a
1986 1475 2169 1574 mpnbtie·

489 1593 617 1689 saiara
636 1605 710 1669 erat
730 1616 829 1667 uxor.
860 1618 896 1665 ca
924 1647 933 1664 .
964 1589 985 1662 fi
1009 1593 1136 1704 quippe
1160 1588 1324 1701 &need
1349 1608 1392 1657 ne
1409 1580 1470 1673 sab
1492 1577 2169 1754 ιιιιιιηιιιιςιιηι,ι1ὶιιιιιοιοοίξρτοῗιῑη·

410 1759 444 1816 ·-
496 1620 1326 1889 nnn,litlantonattinnt
1350 1681 1766 1871 s..
1792 1682 2170 1884 tanna..

490 1893 562 1992 fini
579 1894 724 1986 conjux,
737 1888 802 1987 sta
815 1892 894 1986 qnia
907 1915 951 1963 ex
963 1889 1053 1989 fide,
1078 1911 1177 1985 qnam
1198 1910 1243 1959 aar
1272 1882 1327 1958 rie·
1349 1904 1466 1953 rarnm
1481 1880 1687 1976 nuptiarum.
1737 1889 1993 1960 Matrimonium
2006 1880 2054 1954 cll
2067 1877 2170 1952 maris

420 2005 428 2026 ¹
490 1988 712 2090 sponsatione
720 1988 790 2089 fidi
806 1990 951 2064 inuicem
975 1985 1114 2073 debent,
1140 1989 1252 2087 posita
1276 1984 1326 2078 es·
1354 1976 1395 2055 &
1412 1979 1574 2074 faentina
1594 1982 1778 2075 conjansir'o
1793 1983 2008 2062 indiuiduam
2023 1973 2169 2092 υἰιςῙο·

490 2089 659 2191 ficiuntur
678 2094 841 2188 conjuges.
893 2090 1061 2162 Adcurate
1076 2090 1179 2179 igitur
1194 2094 1228 2160 δι
1245 2107 1326 2175 pro·
1349 2081 1500 2153 rietatem
1536 2081 1717 2155 continms.
1783 2093 1828 2177 3.)
1869 2078 1984 2193 Causa
2018 2077 2170 2175 efficite&

498 2190 574 2280 prie
596 2188 763 2278 loquendo
777 2190 911 2260 nomine
927 2186 1139 2260 matrimonii
1155 2187 1247 2257 venit
1258 2208 1324 2257 non
1391 2181 1521 2252 oxima.
1542 2167 1549 2194 ⁸
1572 2177 1737 2267 Sponselia
1751 2179 1880 2258 causam
1894 2181 2100 2259 efficientem
2113 2174 2168 2250 bs·

356 2353 360 2358 .
498 2290 632 2364 initium
656 2299 689 2362 dt
705 2284 876 2377 promissio
892 2287 1094 2358 matrimonii
1114 2287 1148 2356 in
1169 2278 1325 2373 sponsali·
1346 2203 1430 2350 bine
1459 2270 1653 2352 consensum
1672 2274 1918 2373 sponsalitium,
1942 2279 2069 2369 nuptie
2094 2297 2172 2350 coo·

500 2387 562 2460 bus
584 2385 690 2469 salia,
731 2383 796 2456 sive
826 2386 1074 2456 matrimonium
1102 2380 1292 2458 inchoatum
1314 2436 1324 2466 ,
1349 2370 1476 2449 s'ensunr
1499 2377 1712 2464 miminiano,
1742 2384 1832 2468 quod
1860 2402 1981 2454 autem.
2000 2369 2172 2458 consensus

499 2479 555 2557 sed
579 2479 841 2557 consummatum
865 2483 1121 2562 benediffione‚
1147 2484 1324 2552 traditione
1350 2471 1552 2565 sponsalitias
1574 2498 1594 2547 a
1620 2476 1761 2564 nuptiali
1787 2478 1949 2576 differat,
1973 2471 2174 2565 oomprobs·

501 2585 799 2657 &dedudlionein
820 2586 957 2653 domum
976 2581 1325 2661 mariti3undeetiam
1350 2598 1421 2646 tum
1443 2572 1506 2645 suit
1526 2569 1687 2662 superius.
1736 2576 1793 2674 4.)
1814 2577 1982 2653 slsaterIa.
2034 2563 2173 2665 Sponsa·

472 2731 478 2740 -
501 2683 629 2754 clidium
653 2679 776 2754 Christi
798 2679 919 2752 Mattlt.
937 2678 1029 2749 xix.
1048 2686 1080 2754 6.
1115 2674 1216 2775 Quod
1233 2673 1327 2750 Dens
1350 2672 1393 2744 lia
1418 2672 1661 2748 contrahuntur
1682 2677 1769 2748 inter
1800 2677 1993 2766 impuberes
2021 2683 2057 2748 dt
2082 2673 2172 2750 inter

475 2779 701 2874 .conjurtrrit‚
721 2777 820 2854 stoma
841 2801 906 2852 non
921 2775 1075 2874 separet,
1111 2803 1177 2849 non
1205 2781 1247 2847 de
1265 2801 1326 2847 no·
1350 2767 1526 2851 absentes,
1552 2775 1675 2861 nuptia
1704 2798 1784 2847 vero
1817 2778 1967 2850 minime.
2030 2769 2188 2848 Manae

380 2955 383 2960 ,
502 2872 792 2967 dissponsalibns,
821 2873 874 2949 sed
899 2883 938 2948 de
962 2876 1188 2948 consummato
1213 2877 1325 2946 matti·
1350 2872 1500 2962 coniugii
1533 2864 1607 2941 sunt
1639 2868 1772 2962 sponsus
1804 2885 1840 2950 ἃ
1868 2868 2008 2965 sponsa,
2036 2870 2187 2944 materia·

502 2980 618 3050 monio
633 2979 770 3067 proprie
788 2975 833 3046 est
856 2976 1104 3062 accipiendum,
1130 2996 1167 3044 ut
1181 2994 1272 3062 patet
1286 2999 1326 3045 ex
1350 2964 1548 3059 sponsalium
1565 2993 1634 3040 mas
1661 2980 1694 3044 δι
1723 2968 1869 3046 sumina.
1947 2981 1994 3066 5.)
2034 2963 2172 3044 Forma.

503 3098 612 3150 textor
626 3075 893 3158 circumstantum
917 3070 1127 3161 atterebatur
1146 3075 1236 3144 enim
1259 3095 1328 3143 non
1351 3063 1517 3157 Sponsalia
1533 3065 1755 3156 perficiuntur
1768 3074 1921 3164 pastione
1935 3096 1973 3144 ac
1987 3063 2176 3161 promiffio·
2205 3147 2207 3154 ,

457 3231 461 3238 .
503 3179 546 3246 de
557 3169 860 3269 sponsarepmdim
885 3170 937 3243 sed
961 3175 1002 3242 de
1021 3171 1142 3243 axoris
1161 3167 1326 3258 dinnao,
1352 3194 1393 3239 ne
1406 3169 1447 3236 de
1463 3165 1577 3237 sutoro
1589 3170 1767 3258 conjugio,
1787 3175 1912 3262 nuptia
1933 3193 2015 3242 vero
2034 3161 2177 3259 praseo·
2202 3231 2209 3242 ,

503 3274 594 3359 quod
620 3297 660 3342 er
687 3276 801 3359 quavis
823 3267 915 3342 causa
941 3267 1068 3340 licitum
1093 3265 1156 3341 effe
1177 3268 1329 3343 Chriilus
1352 3269 1379 3336 ti
1407 3267 1610 3348 traditione,
1633 3265 1902 3351 cohabitatione,
1936 3279 1969 3344 δι
1990 3271 2033 3339 ad
2055 3265 2179 3340 inditi·

503 3390 605 3457 negat
619 3393 819 3459 argumento
836 3393 894 3451 eo,
919 3368 1007 3463 quoti
1029 3370 1078 3440 vir
1101 3359 1137 3441 dc
1158 3392 1242 3438 uxor
1258 3368 1330 3466 fini
1352 3369 1451 3436 duam
1465 3368 1540 3434 vita
1562 3360 1750 3437 societatem
1772 3370 2018 3456 conjunsiione
2070 3365 2177 3456 Spon-

503 3489 572 3540 ttna
593 3489 683 3539 caro.
733 3468 836 3561 Quod
857 3465 879 3538 si
902 3461 1048 3539 absolute
1067 3475 1107 3540 'dc
1134 3464 1327 3555 simpliciter
1353 3458 1429 3533 salia
1445 3459 1606 3533 differunt
1626 3491 1644 3535 a
1662 3467 1896 3553 matrimonio,
1914 3464 1995 3538 sicut
2008 3460 2121 3561 spese
2141 3485 2178 3537 re

504 3567 646 3639 [latuere
663 3564 821 3647 velimus,
843 3563 991 3654 sponsam
1005 3561 1068 3636 else
1086 3589 1236 3648 uxorem,
1249 3588 1328 3636 con·
1353 3557 1429 3657 ipsa
1444 3557 1570 3633 differt.
1622 3559 1788 3652 Sponsalia
1807 3570 1897 3638 enim
1922 3561 1995 3636 sunt
2013 3559 2095 3660 spes
2116 3585 2178 3636 nrt·

503 3660 641 3753 sequens
658 3666 746 3746 etit,
766 3663 895 3747 nullum
911 3660 975 3736 esse
995 3661 1138 3751 amplius
1152 3659 1328 3736 discrimen
1350 3662 1524 3756 ptiarnmr
1551 3658 1576 3733 l.
1594 3661 1748 3756 s-paellae
1765 3661 1925 3762 despuens
1947 3663 2015 3764 1.st
2035 3685 2136 3736 uxor.
2149 3668 2176 3752 ς.

504 3765 594 3834 inter
609 3761 791 3859 sponsalia
821 3773 856 3837 dc
884 3762 1162 3841 mnrrnmnimn,
1188 3761 1326 3835 benedi·
1355 3756 1447 3833 Diui
1462 3757 1509 3832 ad
1524 3760 1568 3833 L.
1578 3754 1666 3860 Jal.
1677 3760 1831 3839 danduli.
1843 3764 2093 3837 matrimonium
2109 3785 2176 3834 neo

505 3863 617 3933 &ione
632 3858 850 3940 sacerdotali,
877 3864 1052 3934 traditione
1074 3855 1195 3951 sponsa
1216 3863 1251 3933 in
1266 3886 1328 3950 po·
1353 3863 1400 3932 esl
1428 3855 1525 3946 spes,
1555 3856 1609 3934 sed
1643 3859 1802 3953 significat
1831 3860 1915 3955 ipsas
1943 3863 2087 3953 nuptias.
2136 3867 2177 3934 in

504 3959 655 4031 testatem
679 3961 811 4045 mariti,
843 3970 879 4034 dc
899 3962 1098 4033 deduaione
1127 3962 1161 4031 in
1189 3963 1329 4032 domurn
1352 3952 1554 4047 sponsalibus
1581 3955 1733 4032 futurum
1758 3963 2007 4035 matrimonium
2037 3960 2179 4058 promit·

504 4053 705 4129 ratificatnm
728 4068 762 4133 dt
785 4054 1072 4143 consummatum,
1110 4062 1146 4130 id
1167 4053 1263 4146 quod
1278 4058 1329 4130 in·
1354 4059 1463 4138 titur,
1486 4059 1522 4129 in
1551 4061 1695 4149 nuptiis,
1715 4059 1782 4136 five
1811 4062 1971 4153 conjugio
2007 4057 2112 4132 verba
2137 4059 2179 4132 ad

504 4157 647 4228 tentioni
677 4151 836 4246 sponsalia
863 4155 1129 4231 contrahentium
1154 4153 1330 4230 fortissime
1352 4179 1425 4228 rem
1443 4153 1684 4246 conferuntur,
1708 4159 1956 4249 repromissio,
1982 4153 2179 4251 priuatam

503 4250 708 4328 adversator.
763 4262 809 4329 Ex
825 4261 913 4329 nuda
926 4282 1010 4350 ergo
1023 4255 1329 4346 adpellatione,qua
1354 4253 1476 4335 verbis,
1499 4280 1535 4326 re
1550 4267 1585 4330 dc
1603 4254 1692 4329 fusto
1704 4254 1776 4349 ipso
1793 4257 1982 4332 ratificatur.
2012 4258 2066 4348 6.)
2082 4251 2177 4330 I‘ine.

505 4348 623 4442 sponsa
637 4356 759 4429 dicitur
778 4380 885 4440 uxor,
910 4380 977 4428 non
998 4358 1116 4446 potest,
1142 4381 1206 4428 nec
1228 4353 1331 4429 debet
1355 4350 1602 4444 sponsaliorum
1626 4353 1700 4429 finis
1723 4361 1795 4448 eii,
1829 4381 1866 4431 ut
1887 4357 2002 4430 futuro
2025 4377 2181 4448 tempore

395 4455 407 4470 “
489 4450 642 4539 riniani,
675 4480 791 4530 rerum
813 4464 849 4528 dc
884 4475 993 4528 ratum
1014 4456 1267 4527 matrimonium
1295 4456 1331 4526 in
1355 4454 1480 4541 nuptia
1498 4448 1701 4543 sequantur,
1726 4456 1906 4550 exploratis
1928 4460 2020 4548 ptius
2047 4478 2180 4528 matra·

505 4545 711 4641 sponsalibus
730 4550 871 4644 perficit
901 4554 980 4628 alias
1006 4558 1082 4645 pari
1106 4556 1236 4627 ratione
1271 4552 1332 4626 eli·
1356 4551 1508 4628 hentium
1534 4556 1663 4628 animis.
1714 4559 1919 4647 Nuptiarum
1947 4553 2021 4627 finis
2043 4548 2116 4636 est,
2145 4573 2181 4627 ut

504 4654 580 4740 quis
597 4649 721 4727 inferre
741 4649 860 4744 posset:
887 4655 1015 4734 Maria,
1042 4654 1255 4746 postquam
1273 4658 1334 4743 Jo.
1355 4652 1396 4724 ad
1417 4652 1524 4744 prolis
1548 4657 1825 4743 generationem,
1863 4676 2018 4728 mutuum
2049 4657 2181 4743 adjuto-

506 4745 612 4842 sepho
626 4756 745 4843 dulia}
760 4765 797 4830 dt
812 4751 1059 4846 acceptrellet,
1079 4749 1333 4849 vocaturspon-
1355 4751 1444 4825 rium
1470 4760 1506 4827 dc
1534 4748 1740 4828 scortationis
1763 4758 1978 4829 evitationem
2006 4753 2180 4826 individuo

499 4845 564 4945 so,
590 4850 672 4927 Luc.
689 4851 733 4926 ll.
755 4880 784 4947 5.
810 4877 894 4947 ergo
915 4849 1075 4944 spnsalia
1094 4872 1224 4925 tantum
1246 4855 1334 4932 inter
1357 4875 1445 4924 nexu
1467 4851 1700 4929 contrahentes
1725 4856 1936 4944 copulentur.
2000 4851 2057 4948 7.)
2082 4847 2181 4950 Effe·

506 4975 563 5024 eos
579 4949 694 5030 sucre,
718 4975 785 5024 non
807 4954 1067 5027 matrimonium.
1118 4955 1241 5043 Zipora
1257 4959 1334 5030 Mo·
1357 4947 1428 5024 tiis.
1480 4955 1579 5026 Uror
1607 4957 1727 5027 marito
1751 4956 1850 5027 debet
1873 4952 1999 5032 iurator
2019 4961 2183 5047 conjuga.

507 5043 671 5125 senroeat
685 5045 1333 5143 sponsum,Exod.IV.2r.cumjamdu.
1356 5046 1441 5137 lem,
1468 5047 1584 5142 sponsa
1607 5079 1688 5128 vero
1713 5057 1862 5130 minime.
1909 5058 2007 5127 Uxor
2025 5054 2067 5125 ad
2092 5052 2182 5128 indi·

507 5148 590 5228 dum
603 5156 685 5228 duos
697 5180 740 5230 ex
754 5176 796 5230 eo
809 5154 845 5225 in
859 5152 1016 5250 conjugio
1031 5147 1217 5247 suscepisset
1233 5153 1330 5237 filies.
1357 5152 1492 5231 vidam
1511 5151 1795 5234 arefacientem
1815 5153 2003 5252 obligatur,
2027 5155 2064 5230 iu
2079 5147 2184 5250 spon·

2151 5251 2188 5338 sa
