4884 5984
527 512 595 585 180
743 496 892 574 LOCVS
919 496 1047 573 XXVl.
1074 491 1172 571 CAP.
1196 498 1243 570 X.
1269 490 1396 571 SECT.
1421 494 1481 570 lll.
1507 486 1686 572 nrrsll.
1712 494 1881 571 MEMB.
1901 496 1958 575 u.

523 680 751 765 autoritatem
765 678 983 751 intercedere
1002 668 1149 749 omnino
1167 697 1327 773 oportet,
1363 688 1447 765 tur,
1474 676 1548 749 rion
1563 674 1678 749 solum
1694 696 1774 748 rem
1791 674 1863 746 five
1881 672 2026 748 saelum
2046 674 2163 747 a'dolte

518 798 562 849 ut
581 778 616 849 in
640 777 804 852 membro
828 777 887 847 lll.
905 774 1246 865 demonstrabimus3
1274 798 1328 847 er·
1362 777 1409 846 rii
1431 771 1497 847 else
1519 772 1662 846 causam
1680 774 1862 859 diuortii,
1889 773 1954 844 sed
1975 772 2111 867 ¹requiri
2125 772 2166 843 ¹ct·

523 899 572 972 go
588 872 816 948 fieffentaliae
832 872 962 957 causae,
987 894 1236 966 propterquas
1252 894 1326 943 ma·
1363 874 1437 943 iam
1458 918 1472 958 ,
1498 890 1538 942 ut
1559 882 1681 943 coram
1706 873 1825 964 iudice
1846 887 2082 964 competente
2103 870 2166 941 ido·

524 971 690 1069 gistmtus
717 974 903 1044 autoritate
927 971 1185 1041 interveniente
1208 972 1328 1041 divor·
1365 970 1443 1040 neis
1469 967 1613 1059 testibuq
1634 968 1723 1040 illud
1745 967 1960 1061 probetur,
1989 968 2064 1037 hac
2083 967 2168 1039 enim

526 1072 617 1141 cium
635 1065 860 1164 fieripollet,
887 1065 1042 1139 Christus
1061 1069 1205 1138 easdem
1223 1068 1328 1137 mini·
1366 1069 1437 1136 duo
1454 1061 1642 1139 necessario
1657 1065 1830 1158 coniungi
1844 1063 2001 1137 debent.
2040 1064 2166 1155 pllio-

526 1189 584 1240 me
601 1163 878 1260 praetermisisset.
933 1163 979 1255 ς.)
1007 1160 1241 1258 Magistratus
1259 1185 1330 1233 non
1365 1165 1511 1257 ponitur
1525 1159 1659 1234 Christo
1676 1159 1846 1255 questio,
1877 1183 1925 1232 an
1940 1156 2047 1234 uod
2060 1158 2167 1234 orirer

526 1263 574 1336 est
584 1266 722 1334 maiore
736 1265 894 1355 quodam
909 1262 986 1331 iure
999 1262 1192 1353 preditus,
1222 1281 1332 1354 quam
1367 1257 1481 1335 eicior
1505 1261 1608 1332 liceat
1628 1278 1781 1331 uxorem
1799 1260 2018 1330 dimittere:
2045 1255 2168 1353 respon

523 1362 594 1436 fuit
622 1358 745 1431 Moses
777 1357 974 1452 legislator·
1031 1357 1146 1451 Atqui
1176 1356 1331 1429 Christus
1368 1361 1455 1430 dens
1479 1355 1635 1429 Christus
1657 1359 1702 1426 ad
1726 1358 1817 1427 hanc
1838 1354 2085 1449 quaestionem
2110 1376 2167 1425 non

525 1476 646 1552 aperte
660 1457 899 1551 pronunciat,
927 1475 1031 1539 eum,
1062 1456 1126 1547 qui
1141 1457 1332 1526 mulierem
1362 1458 1453 1528 dicit
1474 1504 1486 1542 ,
1512 1477 1559 1526 ex
1584 1456 1700 1545 quovis
1717 1453 1815 1546 confir
1832 1454 1987 1539 licere,
2015 1475 2081 1523 nec
2100 1452 2168 1522 din't

529 1573 630 1628 extra
658 1552 776 1625 casum
797 1550 962 1622 adulterii
983 1549 1177 1643 separatam
1207 1555 1330 1638 ducit,
1367 1576 1413 1623 ex
1434 1553 1527 1623 oolla
1546 1551 1643 1647 causo
1670 1553 1778 1623 licere
1802 1600 1816 1637 ,
1840 1550 1904 1623 sed
1931 1550 2053 1623 solam
2074 1549 2170 1643 foni-

528 1648 999 1733 adulteriumcommittere,
1027 1670 1110 1718 cum
1123 1669 1242 1729 tamen
1257 1671 1333 1720 mo·
1368 1652 1516 1723 cationis
1533 1647 1673 1720 causam
1688 1650 1822 1744 excipit
1843 1696 1857 1735 ,
1886 1670 1936 1720 ex
1955 1648 2109 1742 reliquis
2121 1668 2169 1717 vc·

527 1747 619 1822 laica
641 1744 839 1818 constitutio
868 1745 983 1815 adbuc
1007 1748 1149 1845 vigeret
1170 1768 1182 1835 ς
1218 1746 1331 1816 multo
1368 1770 1408 1818 ro
1434 1747 1544 1820 causts
1563 1746 2004 1819 vinculum'matrimonii
2026 1767 2098 1815 non
2119 1741 2170 1817 dil

527 1849 641 1943 igitur
655 1845 774 1916 minus
789 1838 1012 1935 magistratus
1032 1839 1333 1934 dispensatio-con·
1368 1845 1464 1918 solvi¹
1479 1846 1595 1932 dicit,
1620 1843 1678 1916 sed
1697 1845 1818 1938 potius
1835 1844 2073 1916 adulterium
2091 1860 2172 1911 com·

528 1965 585 2025 tra
599 1939 726 2014 Christi
750 1937 887 2011 dietum
906 1939 1027 2012 locum
1043 1939 1173 2013 habere
1191 1942 1334 2035 poterit
1371 1945 1486 2029 mitti,
1508 1943 1532 2013 st
1549 1943 1761 2014 commixtio
1778 1939 2052 2036 cum-persona
2064 1938 2171 2010 exalia

531 2042 583 2132 6.)
607 2040 774 2130 Denique
789 2057 985 2130 negamus,
998 2031 1092 2129 posse
1107 2037 1239 2107 adferri
1255 2059 1335 2108 cau·
1370 2040 1471 2113 causa
1487 2037 1610 2112 iniuste
1633 2035 1768 2109 dimissa
1783 2039 1856 2111 liar.
1875 2039 2017 2133 ‘Finge
2034 2032 2171 2135 crepet

530 2137 584 2217 sas
608 2137 695 2217 alias
719 2181 733 2218 ,
759 2155 837 2226 quae
858 2128 1019 2223 respectu
1052 2135 1096 2207 ad
1123 2135 1337 2228 coniugium
1370 2141 1517 2210 nomine
1541 2137 1796 2229 comprehendi
1811 2136 1935 2207 causas
1962 2135 2085 2221 alias,
2105 2154 2171 2205 coo·

532 2233 781 2305 &divortium
804 2227 946 2316 habito,
973 2251 1056 2300 cum
1079 2233 1254 2301 adulterio
1273 2229 1335 2303 smt
1361 2235 1520 2329 ,sequens
1537 2235 1645 2305 fucrit
1664 2234 1768 2319 ,nec
1788 2231 1927 2305 diret‘le
1955 2240 1995 2305 δι
2019 2228 2172 2305 sufficicn-

531 2330 695 2401 eiusdem
715 2326 895 2418 qualitatis
913 2345 954 2398 ac
970 2328 1152 2422 ponderis.
1371 2354 1425 2405 ter
1442 2356 1465 2404 a
1480 2329 1617 2404 Chrislo
1636 2326 1700 2401 else
1720 2329 1930 2427 responsum
1953 2378 1969 2415 ,
1997 2352 2067 2402 nec
2081 2328 2173 2426 pacti·

893 2498 896 2506 .
1372 2432 1489 2501 culam
1521 2430 1745 2523 exceptivam
1769 2426 1803 2501 dc
1827 2426 2059 2499 exclufivam
2091 2420 2171 2497 rosio

605 2536 636 2610 ς.
659 2522 786 2598 DCVI.
836 2522 905 2616 ΙΙ.)
938 2523 992 2594 Ex
1019 2525 1188 2594 verborum
1217 2515 1335 2609 Christi
1371 2523 2176 2618 additam,neescopumotintentionemsum

527 2624 751 2723 generalitate.
801 2619 946 2708 caristus
965 2619 1097 2693 Matth.
1121 2620 1166 2693 V.
1191 2637 1249 2703 32.
1272 2644 1337 2689 nott
1372 2623 1549 2696 Christum
1567 2620 1666 2695 soille
1687 2621 1924 2712 adsecutum3
1949 2619 2068 2714 posset
2091 2620 2174 2692 enim

528 2721 709 2821 fimpliciser
724 2723 823 2804 dicit,
847 2721 903 2813 qui
917 2720 1272 2811 exceptofhrnicotiore
1286 2721 1336 2787 di·
1372 2721 1522 2816 quilibet
1538 2720 1702 2816 lingere,
1728 2724 1819 2791 hanc
1839 2720 1902 2790 vel
1919 2720 2031 2791 illam
2051 2714 2175 2792 causam

532 2819 654 2938 miserit
675 2842 808 2888 exorem
829 2863 840 2892 ,
859 2815 920 2908 sed
941 2816 1115 2913 παρεκτὸς
1137 2812 1232 2911 lto'pe
1253 2840 1337 2915 eroq-
1371 2814 1436 2890 esse
1469 2820 1645 2891 adulterio
1685 2819 1861 2910 aequalem
1892 2865 1905 2906 ,
1949 2816 2001 2889 fic
2030 2840 2077 2889 ue
2108 2814 2173 2885 loco

534 2943 620 3001 ector
656 2930 785 3006 excepto
813 2912 1181 3103 coufitlornicetionis.
1230 2911 1337 3007 Λόγος
1371 2918 1480 2991 unius
1495 2913 1603 2989 causae
1617 2936 1771 3008 exceptae
1791 2916 1917 3010 plures
1932 2839 2173 2987 orbionem

533 3028 642 3086 autem
660 3014 693 3081 in
709 3036 824 3108 genere
838 3013 919 3106 [igni
946 3024 999 3081 cat
1008 3016 1267 3104 proportionem,
1287 3037 1336 3081 er·
1371 3034 1441 3086 tur.
1492 3014 1544 3107 6.)
1570 3011 1702 3086 Coram
1723 3013 1802 3083 Deo
1828 3015 1941 3084 etiam
1964 3012 2000 3085 is
2023 3008 2174 3085 adulteri

393 3148 397 3153 ·
530 3138 577 3211 go
599 3135 664 3180 noo
678 3109 786 3200 soloni
817 3112 935 3178 crimen
958 3110 1143 3188 adulterii,
1164 3100 1337 3201 sedetiom
1371 3109 1539 3198 reusest,
1576 3114 1640 3205 qul
1652 3112 1761 3185 aliam
1776 3112 1977 3183 mulierem
1999 3106 2175 3205 adspict'lcs

534 3211 601 3282 asin
619 3209 690 3279 duic
708 3210 835 3278 crimini
852 3209 1026 3299 aequalia,
1052 3209 1102 3277 vel
1115 3212 1225 3278 eodem
1240 3210 1336 3279 ctiam
1372 3208 1647 3301 concupiscendam
1661 3232 1752 3301 eam,
1764 3206 1899 3280 Matth.
1909 3207 1962 3280 V.
1984 3219 2050 3292 28.
2068 3202 2174 3299 aespi-

534 3311 664 3383 otot’ora
686 3307 824 3404 flagitio
850 3306 981 3373 divortii
1014 3304 1129 3398 constes
1166 3305 1338 3391 constituit.
1373 3307 1548 3378 ritualiter
1558 3308 1727 3404 fornicari
1742 3304 1813 3401 post
1826 3311 1901 3377 deos
1910 3305 2043 3379 alienos
2067 3308 2176 3379 dicun·

535 3405 636 3497 Resp.
666 3404 721 3497 t.)
748 3401 879 3475 Matth.
902 3402 997 3472 xlx.
1021 3425 1057 3492 9.
1079 3403 1284 3496 simpliciter
1306 3411 1340 3475 δι
1372 3424 1458 3492 tur,
1486 3407 1548 3496 qui
1566 3405 1690 3478 relicto
1713 3427 1801 3477 vero
1826 3404 1906 3474 Deo
1924 3407 2031 3477 idola
2046 3404 2174 3483 colunt,

526 3502 693 3575 absolute
715 3502 867 3585 dicitur,
893 3496 920 3573 it
941 3494 987 3590 μὴ
1007 3496 1069 3573 ἐπὶ
1089 3497 1239 3600 πορνείᾳ.
1286 3503 1338 3595 2.)
1372 3501 1479 3573 Deut.
1493 3500 1621 3573 XXXI.
1642 3508 1697 3576 16.
1721 3510 1785 3574 &c
1803 3502 1902 3596 quod
1918 3502 1942 3573 fi
1960 3526 1982 3574 e
2007 3524 2056 3597 go
2071 3523 2093 3573 a
2106 3520 2175 3595 pro·

534 3600 639 3672 Neve
658 3599 739 3693 quis
760 3616 930 3692 regerat,
952 3597 1156 3691 posseriortm
1173 3600 1276 3669 locem
1301 3622 1341 3669 ex
1374 3601 1524 3693 prietate
1545 3601 1655 3673 literae
1677 3602 1735 3671 hic
1752 3602 1910 3672 velimus
1928 3526 2132 3683 dilgedere,
2150 3600 2198 3665 lt·

533 3698 648 3791 priqre
665 3696 909 3786 ampliandum,
934 3699 1130 3790 repetimus
1149 3719 1340 3791 argumen-
1375 3719 1441 3788 per
1458 3696 1614 3795 πορνείαν
1631 3698 1833 3792 intelligere
1853 3720 1931 3767 non
1955 3697 2079 3771 solum
2101 3692 2176 3771 ilud

537 3816 574 3867 ta
590 3814 655 3886 pro
670 3791 792 3862 nostrae
806 3792 984 3863 sententiae
998 3793 1268 3866 confirmatione
1282 3795 1343 3865 ad·
1377 3795 1540 3880 crimen,
1561 3817 1633 3888 quo
1654 3798 1822 3867 alteruter
1844 3797 1986 3867 coniux
2013 3796 2124 3871 sciens
2141 3811 2174 3865 ac

538 3889 670 3977 dosia,
706 3911 785 3985 quae
804 3889 981 3983 probant,
1008 3889 1117 3961 solam
1138 3892 1342 3963 fornicatio·
1375 3892 1501 3962 volens
1531 3914 1615 3963 cum
1640 3895 1710 3964 alia
1737 3889 1886 3986 persona
1912 3917 1985 3989 per
2023 3896 2174 3968 illicitum

539 4013 624 4062 nem
639 4010 662 4060 a
676 3987 835 4085 generali
855 3985 1094 4079 prohibitione
1116 3988 1261 4059 divortii
1284 3991 1342 4060 hic
1377 3986 1602 4085 congressum
1617 3988 1888 4076 commiscetur,
1915 3991 1979 4064 sed
1996 3986 2174 4067 etiamalio

458 4116 473 4145 x
539 4087 669 4180 excipi.
720 4085 770 4178 3.)
797 4083 969 4176 Quamvis
995 4085 1105 4177 igitur
1128 4086 1164 4153 in
1189 4109 1261 4156 uno
1282 4088 1342 4157 vel
1377 4085 1536 4176 delicia,
1564 4109 1643 4182 quac
1665 4110 1786 4161 coram
1800 4086 1879 4159 Deo
1902 4089 2092 4165 habentur
2121 4104 2175 4182 pro

541 4187 651 4255 altero
664 4180 841 4275 scripturae
856 4180 934 4249 loco
952 4174 1057 4274 λόγος
1070 4184 1342 4274 proportionem
1377 4187 1578 4271 adulterio,
1604 4207 1643 4258 ut
1661 4186 1882 4271 idololatria,
1909 4210 1995 4282 quae
2019 4187 2068 4263 est
2089 4180 2174 4285 spiri-

543 4279 741 4375 significet,
768 4277 940 4347 tamenin
964 4280 1029 4349 hac
1048 4282 1209 4372 exceptive
1231 4288 1264 4351 δι
1290 4304 1343 4353 eot·
1380 4284 1485 4353 tualis
1504 4283 1712 4372 fornicatio,
1730 4292 1764 4356 δι
1779 4286 1950 4376 qualibet
1966 4308 2097 4359 contra
2108 4302 2175 4359 con·

519 4377 658 4479 ‘'csttſsoa
670 4373 796 4449 Christi
810 4374 988 4445 locutione
1003 4398 1076 4446 non
1086 4374 1196 4471 potest
1211 4399 1253 4447 eo
1269 4401 1345 4449 mo·
1380 4377 1562 4453 scientiam
1582 4381 1710 4455 delicia
1729 4382 1923 4477 graviora,
1948 4383 2107 4464 infinitis
2132 4410 2176 4462 rc·
2206 4378 2209 4401 '

530 4479 590 4571 ,do
618 4474 759 4568 accipi,
786 4492 870 4543 cum
895 4478 928 4543 δι
947 4471 1077 4544 occasio
1111 4476 1346 4556 dicendorum
1380 4475 1500 4571 podiis
1519 4481 1620 4553 locus
1642 4480 1794 4554 dabitur.
1842 4482 1897 4575 7.)
1921 4483 2012 4555 Alia
2028 4486 2177 4579 quadan

456 4614 475 4634 ι
545 4584 580 4648 dt
604 4571 689 4647 dicti
709 4570 833 4665 scopus
848 4575 883 4639 δι
902 4569 975 4663 ipsa
993 4570 1188 4644 verborum
1201 4577 1345 4668 empha-
1381 4576 1533 4648 crimina
1554 4575 1618 4650 esse
1637 4579 1810 4651 adulterio
1838 4581 1997 4671 aequalia
2022 4584 2085 4655 vel
2108 4605 2175 4687 gra·

546 4673 589 4745 sis
619 4670 837 4742 contrarium
861 4665 1038 4740 testentur.
1087 4671 1150 4763 4.)
1176 4670 1284 4767 ddyoc
1307 4674 1344 4743 in
1379 4675 1482 4745 viora
1506 4676 1639 4769 duplici
1655 4679 1763 4749 modo
1782 4676 1941 4772 intelligi
1958 4678 2108 4772 potest,
2128 4682 2175 4751 tel

544 4768 713 4864 plurimis
729 4765 907 4859 scripturae
927 4767 1015 4838 locis
1033 4789 1100 4862 pro
1118 4791 1156 4839 re
1171 4778 1205 4841 δι
1224 4767 1344 4854 causa,
1380 4768 1537 4862 respesiu
1558 4776 1635 4872 legis
1657 4778 1806 4850 divinae,
1833 4796 1920 4845 cum
1935 4776 2045 4851 cuius
2065 4798 2175 4853 norma

547 4865 617 4937 five
638 4861 847 4957 probatione
869 4866 921 4936 rei
944 4867 1139 4960 accipitur,
1167 4889 1247 4960 quae
1269 4867 1346 4937 duae
1381 4871 1414 4936 &
1440 4874 1567 4964 regula
1586 4893 1776 4967 pugnant,
1805 4874 1867 4942 vel
1893 4873 2064 4968 respesiu
2084 4882 2175 4951 roob·

547 4958 819 5055 significationes
844 4963 881 5031 in
906 4964 1140 5058 explicatione
1166 4965 1273 5034 huius
1296 4964 1346 5033 di.
1378 4966 1447 5060 gii,
1468 4971 1566 5040 cuius
1582 4972 1770 5042 vinculum
1786 4970 1961 5043 dirimere
1976 4974 2118 5050 debent.
2144 4974 2174 5043 Si

549 5056 601 5135 di
617 5058 749 5156 optime
767 5060 938 5161 coniungi
960 5055 1097 5161 possunt
1121 5108 1132 5153 ,
1160 5081 1198 5135 ut
1222 5063 1346 5139 innua—
1379 5065 1496 5165 priori
1516 5071 1624 5145 modo
1654 5072 1834 5170 equalitas
1858 5073 2079 5170 &gravitas
2104 5074 2174 5147 deli·

1229 5210 1232 5215 ¹
2055 5174 2172 5251 (lorum
