4884 5984
575 500 638 574 nr
685 485 1001 579 utsurttrtrr'
1041 495 1418 573 utrutuourvu-
1453 481 1757 572 turrotrurr.
1913 511 1986 594 ,γι

357 696 428 771 lem
449 693 506 770 vel
522 691 711 768 hereticam
737 697 923 770 dominium
948 721 1012 787 per
1034 698 1166 788 nuptias
1187 691 1287 792 affut,
1316 693 1467 769 nubendo
1490 697 1679 869 afflatore
1698 717 1724 794 o
1739 691 1828 793 fide,
1859 695 1929 768 iuro
1949 691 1991 768 id
2121 708 2123 711 ’

359 794 519 895 obtingit.
569 795 651 886 Quo
665 792 790 867 referri
809 801 954 884 quodam
972 802 1074 869 modo
1089 816 1166 885 pat·
1188 806 1259 880 tom
1277 795 1488 893 perspicuum
1568 808 1683 869 noram
1700 796 1744 896 est
1761 795 1931 881 omnibus,
1949 802 1991 867 et

359 897 427 980 eli,
454 894 543 982 quod
563 898 655 963 Deus
677 898 780 965 Deut.
803 892 898 967 XXI.
922 915 976 968 ιι.
999 897 1164 984 permittit
1184 893 1289 990 piore
1314 893 1602 992 superuacaneum
1628 892 1784 968 uideatur
1813 892 1862 969 dr
1883 914 1924 980 ro
1951 916 1990 967 re

359 989 518 1065 rimantis
544 1015 585 1065 eu
609 989 680 1062 aliis
707 993 864 1083 gentibus
894 990 1048 1065 faeminas
1074 991 1163 1065 bello
1192 990 1402 1092 Christianos
1428 1016 1567 1068 mouere.
1614 996 1839 1077 Hieronymus
1859 993 1936 1066 libr.
1959 992 1988 1065 i.
2078 1035 2081 1040 ·

362 1115 476 1181 captas
508 1091 544 1161 itt
571 1114 707 1161 uxorem
728 1094 868 1175 ducere,
891 1095 968 1180 quia
992 1117 1062 1163 non
1092 1097 1163 1163 e'rat
1185 1095 1221 1164 in
1239 1094 1406 1182 Jovinian.
1427 1104 1462 1169 &
1477 1097 1512 1165 in
1534 1094 1628 1183 epist.
1651 1094 1693 1163 ad
1718 1098 1858 1164 Geront.
1887 1093 1989 1164 etiam

360 1187 542 1263 verilimile
562 1187 728 1276 'captivam
744 1187 973 1261 mulierculam
991 1190 1162 1262 dominum
1186 1188 1253 1262 huc
1266 1193 1500 1264 adcommodat
1519 1191 1629 1262 locam
1649 1187 1866 1290 apostolieum
1883 1193 1987 1262 2Cor.

360 1281 458 1361 suum
479 1290 801 1375 capuanorum,
825 1309 863 1357 ut
884 1291 981 1360 avite
1007 1286 1162 1379 religioni
1188 1288 1252 1360 Vl.
1273 1313 1329 1383 ¹4·
1381 1287 1501 1364 Nolite
1523 1292 1644 1384 jugum
1667 1287 1786 1360 ducere
1811 1299 1886 1361 curu
1910 1287 1989 1384 infi-

360 1389 522 1459 nuncium
536 1387 704 1467 mitteret,
717 1389 796 1458 item
809 1385 961 1475 exempla
969 1388 1063 1476 Judae
1075 1392 1161 1459 Gen.
1187 1382 1335 1473 delibus,
1347 1388 1405 1461 ubi
1422 1413 1489 1462 non
1501 1391 1636 1475 quidem
1654 1389 1783 1465 omnis,
1806 1382 1859 1459 sed
1877 1408 1987 1459 tamen

359 1482 568 1559 XXXVlll.
591 1511 618 1559 ι.
646 1495 680 1559 &
699 1481 833 1575 Joieplti
866 1490 950 1556 Gen.
982 1481 1075 1555 XLI.
1102 1502 1162 1572 45.
1186 1483 1245 1556 illa
1259 1487 1358 1557 nimis
1371 1490 1462 1560 ordia
1480 1480 1685 1557 conversatio
1706 1510 1783 1556 cum
1799 1483 1988 1557 infidelibus

361 1582 840 1671 Sinvcroquaestiosrtdetali
857 1578 982 1654 infideli
1004 1591 1040 1653 δι
1061 1582 1164 1653 bare·
1189 1592 1225 1656 dc
1244 1582 1426 1655 idololatris
1461 1582 1683 1673 prohibetur,
1722 1608 1794 1669 quat
1824 1582 1879 1656 rel
1909 1603 1987 1653 cum

360 1685 458 1761 tica,
483 1682 541 1770 qui
565 1679 784 1769 blasphemias
807 1676 869 1751 suc
896 1679 1084 1753 infidelitati
1109 1676 1164 1750 vel
1189 1677 1395 1755 consensu&
1416 1683 1669 1771 participatione
1686 1678 1849 1752 fastorum
1868 1680 1990 1767 impia·

361 1777 477 1852 baereti
508 1778 680 1872 religionis
716 1779 968 1851 fundamentum
998 1778 1164 1851 evertenti
1188 1803 1264 1850 rum
1284 1780 1539 1862 con'untiaeil‚
1565 1777 1620 1849 vel
1643 1773 1813 1849 consensus
1833 1775 1989 1867 suspicio-

361 1887 563 1969 ronjungat,
589 1880 690 1967 inque
706 1876 817 1949 haeresr
837 1872 892 1948 sua
904 1877 1120 1966 pertinaciter
1132 1869 1164 1946 se
1188 1902 1266 1949 uem
1299 1805 1457 1961 exibet,
1493 1876 1546 1947 rel
1575 1875 1769 1948 seductionis
1800 1874 1989 1965 periculum

358 1976 653 2069 perseveraturum
682 1973 828 2065 expresse
863 1974 1087 2064 profiteatur,
1122 1972 1164 2043 ab
1187 1977 1360 2067 importat.
1410 1978 1456 2047 At
1474 1999 1546 2061 qnae
1569 1996 1702 2061 poterat
1714 1970 1777 2043 elie
1792 1977 1919 2045 artiior
1940 1970 1991 2044 sa·

359 2084 434 2165 eiua
456 2078 617 2165 coniugio
639 2078 742 2148 cuivis
760 2073 851 2145 fideli
866 2076 1053 2145 orthodoxo
1068 2072 1164 2143 abili·
1188 2076 1289 2146 cietas
1310 2099 1411 2162 quam
1435 2070 1646 2161 conjugalis?
1680 2071 1847 2161 Johannes
1869 2069 1989 2161 prohi.
2061 2085 2064 2094 ¹

360 2171 768 2254 murmurationum,
793 2176 941 2261 adeoque
955 2196 1043 2264 aegre
1061 2173 1162 2241 addu-
1188 2169 1267 2251 bet,
1301 2196 1341 2243 uc
1362 2173 1396 2243 itt
1419 2170 1552 2242 domum
1569 2170 1795 2268 recipiamus,
1817 2192 1874 2240 uec
1892 2167 1991 2263 sulu-
2137 2255 2139 2266 Ι

361 2274 497 2356 cimur,
515 2293 554 2343 ut
572 2274 703 2367 nuptias
722 2273 810 2342 inter
829 2268 967 2360 disparis
993 2267 1165 2376 religionis
1188 2278 1292 2342 temus
1311 2294 1387 2351 eor,
1412 2268 1469 2366 qui
1487 2267 1633 2340 alituum
1654 2288 1678 2359 a
1703 2262 1830 2367 Cirrijli
1850 2266 1991 2364 religio·

360 2395 401 2442 rc
417 2368 527 2442 cultus
551 2366 705 2459 personas
726 2371 760 2440 in
782 2370 879 2442 certis
896 2369 1092 2457 quibusdam
1111 2390 1165 2437 ca·
1190 2392 1230 2440 ue
1244 2366 1430 2443 dotirinom
1447 2365 1626 2459 adseruutr
1642 2393 1673 2438 2.
1690 2368 1782 2456 epist.
1792 2394 1825 2441 v.
1842 2395 1893 2444 ιο.
1906 2392 1991 2458 quo·

362 2465 451 2540 fibus
471 2472 698 2542 concedendas
717 2467 782 2540 elle
801 2471 986 2539 statuamus.
1190 2474 1294 2541 modo
1317 2492 1401 2560 erga
1421 2467 1598 2557 probaret,
1626 2463 1736 2554 siquis
1755 2464 1860 2541 tidelis
1877 2477 1912 2541 u
1933 2492 1991 2541 or·

671 2582 700 2655 §.
714 2569 1029 2639 ccclxxxviii
1052 2564 1168 2637 Ratio·
1192 2566 1355 2637 thodorus
1381 2591 1457 2636 cum
1477 2561 1604 2635 infideli
1624 2573 1659 2637 dt
1682 2561 1843 2637 hereticis
1867 2568 1991 2638 errari·
2046 2601 2054 2611 ·

369 2656 573 2752 Qifilt'm·
617 2690 694 2738 nem
730 2663 828 2751 hujus
856 2665 1087 2752 impedimenti
1111 2666 1169 2732 de·
1191 2662 1393 2735 busimbuta
1412 2662 1660 2733 matrimonium
1680 2661 1915 2737 contraheret?
1944 2672 1992 2749 2.)

353 2737 566 2879 f‘dss'lmfm
622 2765 772 2835 ducimus
814 2769 864 2850 t.)
889 2788 929 2835 ex
945 2758 1071 2855 diserto
1098 2754 1168 2831 Dei
1192 2768 1239 2833 Et
1257 2762 1378 2834 addita
1397 2757 1640 2857 prohibitionis
1658 2761 1799 2834 ratione.
1848 2768 1903 2836 Ne
1918 2764 2014 2862 anis·

367 2836 579 2960 mmmm,
624 2859 862 2958 prohibitione.
889 2861 990 2932 Exod.
1003 2857 1166 2930 XXXlV.
1191 2861 1280 2932 enim
1297 2859 1639 2952 existimaret,legem
1653 2862 1695 2931 de
1712 2884 1780 2931 non
1794 2859 2008 2933 contraheu·'

367 2971 578 3059 lendumpro-
632 2965 687 3035 16.
742 2956 822 3031 Nou
859 2960 1002 3056 accipies
1027 2977 1166 3027 uxorem
1190 2962 1234 3030 do
1263 2955 1574 3031 matrimoniorum
1605 2960 1777 3030 Cananais
1802 2956 1866 3031 elie
1897 2982 1990 3033 mere

403 3057 518 3156 bitom
629 3054 1167 3172 defiliuiurCuuouaeorumfiiiis
1188 3053 1396 3143 judicialem,
1410 3060 1590 3148 adJadaens
1603 3059 1760 3128 duntaxat
1775 3054 1991 3148 spetianteuu

506 3205 510 3211 -
628 3167 707 3229 turs.
727 3159 981 3244 Deut.Vll.·3.
1035 3149 1164 3224 Filium
1191 3160 1283 3225 Deus
1309 3152 1379 3245 ipsi
1402 3157 1564 3226 tationem
1593 3155 1711 3237 addit,
1749 3180 1822 3245 qur
1848 3158 1989 3229 ostendit

365 3262 458 3328 tuom
473 3275 543 3325 nort
556 3245 761 3351 dubirfilio‚
782 3254 964 3349 [Cananaei]
980 3277 1037 3325 uec
1046 3250 1164 3350 filiam
1190 3253 1316 3325 morale
1341 3252 1439 3341 hujus
1460 3244 1545 3342 legis
1567 3248 1630 3324 else
1650 3277 1873 3343 perpetuum,
1898 3265 1932 3328 &
1949 3259 1992 3327 ad

364 3351 457 3427 illius
478 3353 623 3447 arcipies
645 3352 727 3453 filio
751 3363 817 3426 tuo.
848 3350 915 3444 Jos.
949 3350 1077 3423 XXlll.
1111 3375 1164 3425 ιι.
1190 3349 1395 3424 Christianos
1417 3353 1517 3423 eriam
1543 3351 1578 3421 in
1600 3374 1680 3425 nov.
1706 3353 1777 3425 test.
1810 3355 1990 3442 pertinere.

365 3445 408 3526 Si
428 3449 640 3547 &deseritis
661 3451 797 3544 reficitis
816 3451 987 3546 giutibus,
1016 3446 1059 3521 δέ
1080 3446 1166 3546 adst·
1189 3454 1291 3523 Etod.
1304 3449 1472 3520 XXXIV.
1488 3451 1540 3519 16.
1588 3444 1837 3547 Nouoccipior
1851 3473 1991 3525 uxorem

364 3551 505 3624 ritateur
519 3574 591 3622 cuut
603 3552 650 3623 eis
666 3543 927 3639 contraxeritis,
934 3546 1071 3646 sciendo
1078 3544 1165 3644 scie-
1188 3551 1229 3622 de
1236 3546 1383 3648 filiabus
1400 3568 1514 3620 aarum
1527 3544 1620 3643 filiis
1632 3548 1720 3634 tuis,
1745 3573 1801 3631 ue,
1820 3552 1990 3648 postquam

365 3651 429 3736 tir,
453 3648 546 3746 quud
577 3643 672 3724 Deus
691 3672 758 3722 uau
782 3649 922 3746 expellet
942 3649 1162 3748 istor-gentes.
1189 3649 1271 3747 ipſse
1282 3648 1468 3743 soruicotae
1479 3645 1616 3740 sueriut
1626 3650 1700 3747 post
1713 3646 1895 3746 deorsum,
1909 3649 1991 3743 for·

364 3751 408 3821 Ex
429 3771 509 3821 nov.
528 3751 598 3821 tell.
617 3752 751 3836 quidam
768 3772 921 3822 veterum
935 3747 1000 3818 buc
1014 3745 1165 3823 referunt
1188 3749 1305 3821 uicari
1312 3745 1458 3841 saciant
1477 3740 1517 3818 Ei
1564 3745 1630 3819 iios
1644 3757 1718 3821 tuos
1728 3751 1802 3847 posi
1815 3747 1990 3847 deorsum.

364 3841 492 3920 didam
524 3845 743 3936 apostolicum
777 3850 883 3921 rCor.
908 3844 991 3917 Vll.
1020 3871 1075 3939 39.
1110 3851 1165 3924 cui
1188 3853 1292 3922 Deut.
1309 3844 1389 3918 Vll.
1407 3868 1440 3938 3.
1544 3870 1587 3917 ou
1615 3848 1758 3942 accipies
1811 3847 1894 3921 liam
1920 3852 1992 3946 ejus

365 3944 458 4029 uolt,
481 3942 591 4018 uubat
615 3945 739 4031 uidua,
768 3955 898 4017 tautum
924 3944 960 4017 iu
986 3943 1163 4029 Dourinor
1181 3945 1264 4045 filio
1281 3956 1352 4017 tuo·
1371 3973 1401 4018 v.
1418 3970 1452 4035 4.
1510 3942 1604 4043 Quia
1613 3941 1747 4041 seducet
1754 3849 1872 4044 illium
1887 3957 1991 4036 tuum,

363 4043 504 4134 idquod
525 4047 567 4116 de
588 4047 800 4115 matrimonio
815 4068 883 4116 non
899 4045 957 4119 nist
972 4071 1049 4118 cum
1065 4043 1166 4119 Cltri·
1189 4070 1229 4119 ue
1243 4042 1403 4140 sequatur
1420 4071 1486 4133 rue,
1516 4042 1557 4118 Ei
1582 4054 1620 4116 ut
1642 4048 1757 4141 magis.
1776 4043 1902 4138 seruiat
1922 4047 1993 4121 diis

365 4141 468 4213 iliano
485 4151 520 4215 dt
539 4138 628 4213 fideli
640 4142 866 4216 contrahendo
882 4159 1063 4236 etponunt.
1079 4149 1165 4217 Ter.
1190 4143 1338 4225 olienis,
1372 4145 1595 4245 irasceturque
1612 4142 1717 4236 furor
1746 4129 1914 4226 Domini,
1951 4142 1993 4218 ὃ
2087 4167 2089 4172 ·

366 4237 523 4311 tullianus
538 4239 615 4312 ltbr.
639 4239 682 4310 ll.
703 4243 742 4310 ad
764 4265 856 4319 uxor.
876 4242 1015 4335 capii.
1043 4244 1166 4318 Hiero·
1191 4242 1313 4316 delebit
1330 4250 1453 4320 terito.
1473 4239 1541 4337 Jos.
1555 4240 1681 4332 xxtu.
1703 4267 1758 4331 ιι.
1810 4240 1853 4317 Si
1867 4243 1994 4341 odfini·

363 4361 483 4423 ιιγιιιιιι
498 4336 576 4410 libr.
591 4335 618 4407 l.
637 4343 712 4410 adv.
722 4343 832 4429 Jovin.
845 4340 1045 4424 Ambrosius,
1053 4339 1166 4414 Theo·
1192 4347 1293 4415 tutem
1314 4369 1387 4419 curtt
1411 4343 1547 4442 refiduis
1566 4339 1721 4436 gentibus
1739 4344 1992 4428 continueritis,

364 4437 521 4524 daretur,
537 4435 680 4524 Theoph
703 4436 824 4524 latius,
849 4439 1047 4513 Anslaelmus
1062 4450 1095 4513 &
1112 4445 1167 4513 Se·
1191 4453 1288 4515 eruut
1302 4444 1399 4517 unus
1415 4446 1449 4518 iu
1464 4442 1614 4537 loqueum
1632 4435 1674 4513 &
1688 4439 1862 4516 inrue&
1875 4442 1911 4516 iu
1920 4443 1994 4533 flo·
2117 4441 2120 4445 ’
2152 4514 2171 4538 .-

348 4533 475 4608 'dulias
492 4538 527 4606 in
543 4560 619 4606 corn
716 4595 724 4612 .
746 4540 833 4611 illius
861 4541 937 4612 loci.
967 4541 1167 4631 Augustinus
1186 4539 1311 4635 gutum
1334 4542 1375 4617 ii
1393 4540 1561 4640 irtspiuos
1579 4539 1739 4622 irroratis
1758 4542 1883 4644 uestris.
1901 4539 1993 4616 Neb.

360 4630 440 4706 libr.
459 4636 487 4706 l.
509 4637 552 4705 de
568 4634 709 4709 adulter.
730 4649 864 4730 conjug.
888 4662 960 4726 cap.
977 4638 1091 4708 XXV.
1115 4634 1167 4707 ii·
1193 4638 1285 4715 Xlll.
1305 4667 1362 4734 23.
1413 4639 1594 4716 Nehemias
1617 4662 1658 4709 er
1682 4638 1869 4728 Salomonis,
1883 4665 1995 4713 ereut-

364 4727 445 4816 lud,
472 4735 508 4804 in
532 4735 702 4815 Domino,
728 4734 854 4808 dttohus
872 4735 981 4806 tundis
997 4739 1099 4834 rotuli
1117 4735 1168 4805 iu·
1190 4739 1248 4827 plo
1280 4743 1404 4832 probat
1434 4738 1627 4839 periculum.
1639 4733 1844 4835 sedutiiouis
1872 4737 1996 4812 talibus

362 4831 574 4928 telligi‚,uut
596 4825 787 4933 Christiano
814 4833 953 4919 turbent,
980 4845 1040 4905 out
1068 4831 1177 4906 Ctni-‘
1192 4845 1314 4927 nuptiis
1331 4838 1397 4914 elie
1414 4843 1640 4928 conjunctum.
1663 4837 1847 4930 tReg.Xl.
1860 4864 1892 4910 2.
1913 4834 1997 4911 Nou

355 4931 476 5032 fliouu
499 4941 719 5025 perutoueur',
734 4930 797 5026 *frti
821 4936 980 5033 poflrrior
1004 4935 1166 5034 expoſstm
1192 4934 1432 5035 ingrediemini
1453 4938 1648 5036 adgentes,
1678 4931 1718 5007 &
1745 4934 1827 5032 ipsae
1851 4959 1917 5010 nnn
1946 4938 1998 5010 in.

360 5052 427 5104 nort
444 5029 582 5105 uidetur
598 5032 650 5101 itu
671 5030 877 5124 probabilis,
902 5045 939 5103 ut
963 5035 1077 5126 prim,
1102 5057 1167 5108 uou
1190 5045 1388 5136 gurtiiuttur
1412 5041 1557 5115 advos,
1581 5036 1653 5128 128.
1665 5035 1832 5120 crrtitime
1849 5034 1999 5110 declino.
2076 5112 2078 5116 ,

359 5131 447 5205 euim
478 5126 619 5202 dubium
646 5128 706 5231 effe
728 5145 880 5228 poterat,
912 5133 991 5227 quiu
1013 5131 1169 5212 illicitum
1194 5151 1377 5246 resument
1392 5159 1450 5219 cor
1467 5146 1606 5244 uestrum
1620 5143 1696 5242 post
1715 5125 1793 5217 dios
1804 5139 1897 5238 suot.
1939 5156 2003 5241 g.)

1247 5254 1329 5322 aaa
1355 5270 1376 5321 2
1593 5303 1598 5308 -
1956 5254 2006 5322 Ex
2127 5275 2130 5286 ’
