4884 5984
277 483 285 492 ·
422 475 522 583 330¹
591 455 743 562 [σοις
757 461 883 562 ιιιιιιι.
908 459 1068 562 cun'v.
1091 483 1272 609 uruat.
1289 482 1333 556 ιι.
1360 443 1468 557 sti.
1483 485 1529 557 ιι.
1551 479 1667 559 rins
1680 483 1708 557 ι.
1732 477 1857 558 socr.
1870 466 1937 554 tv.
2019 461 2025 490 ⁸

424 643 498 763 ubi
525 711 591 760 non
608 681 824 773 enfladfinuas
844 679 909 776 per
927 669 1082 773 copulam
1111 673 1227 758 carna·
1250 680 1450 755 trahendum
1467 706 1507 754 ac
1521 688 1730 753 contractum
1744 676 1932 764 dissolvens,
1948 643 2060 750 tomen

290 817 294 824 ·
425 787 492 863 leni
513 784 757 870 consummata,
781 785 910 859 ibinon
929 784 1227 858 habetlocumdi·
1251 807 1392 871 propter
1423 779 1523 853 sidem
1554 783 1765 871 conjugalem
1799 773 1922 869 spansae
1948 780 2059 854 datnut

290 917 294 924 ’
424 888 503 958 vina
521 883 713 976 prohibitio.
766 888 858 972 Atio
871 884 1039 958 adfinitate
1054 908 1116 977 per
1128 878 1228 973 spon·
1252 878 1385 971 sponsus
1402 882 1563 970 proximis
1579 877 1703 968 sponsa
1716 873 1981 976 consanguineis,
1997 898 2069 966 pu·-
2091 901 2096 912 ³

427 977 502 1056 salia
534 988 691 1057 duntaxat
710 983 862 1056 inchoata
892 987 1040 1056 nondum
1071 980 1158 1056 fasta
1180 986 1229 1056 en
1253 1005 1285 1052 ta
1299 983 1420 1059 matri,
1440 976 1566 1058 sorori,
1590 976 1686 1060 filiae,
1703 980 1927 1050 reverentiam
1943 993 2078 1066 quam

424 1106 488 1177 per
517 1082 672 1171 copulam
707 1081 957 1157 consummatio.
1023 1085 1114 1176 Ergo
1135 1085 1169 1154 in
1189 1109 1228 1156 ea
1253 1086 1330 1152 dam
1351 1080 1507 1164 debent,
1530 1100 1785 1168 propterquam
1804 1078 1847 1149 ab
1863 1098 1984 1149 earum
2000 1097 2058 1145 nu·

325 1219 334 1226 ·
426 1207 494 1255 non
515 1181 1089 1274 habetlocumdivinnprohibitio.
1120 1193 1229 1273 &per
1254 1182 1331 1268 ptiis
1352 1180 1549 1252 sibimerito
1571 1199 1748 1269 temperat.
1802 1171 2060 1272 2.)Exjarcct‘·
2103 1257 2104 1266 ἵ

245 1313 251 1320 ·
384 1329 388 1336 -
427 1274 630 1370 consequens
656 1284 906 1355 matrimonium
932 1285 966 1353 in
991 1284 1151 1371 proximis
1178 1286 1229 1354 irr-
1254 1279 1329 1352 uisi.
1390 1281 1543 1351 Honesta
1580 1282 1824 1368 imperatorum
1853 1272 1948 1367 leges
1977 1273 2060 1345 hooc

277 1399 281 1405 '
360 1435 366 1452 ,-
428 1380 554 1455 choatae
570 1376 745 1453 adfinitatis
760 1382 920 1474 gradibus
938 1387 1147 1454 contraitum
1161 1407 1229 1453 non
1253 1377 1397 1469 publicae
1421 1379 1596 1449 honestatis
1621 1379 1777 1466 justitiam
1802 1372 2012 1447 confirmant.
2032 1384 2059 1461 §.
2102 1395 2104 1472 ζ

427 1481 475 1553 est
489 1482 723 1553 dirimendum.
749 1563 753 1570 Ι
775 1486 824 1571 3.)
848 1485 896 1553 Ex
926 1479 1036 1554 verbis
1059 1479 1230 1578 generosis
1254 1480 1287 1551 Si
1307 1502 1399 1548 uxor.
1415 1480 1520 1549 lnsiit.
1534 1482 1576 1548 de
1590 1498 1685 1566 nupt.
1740 1470 2061 1576 Constatnrcsport⁴
2098 1535 2104 1570 ¹.

427 1576 574 1676 regula:
598 1574 721 1653 Nudus
740 1579 787 1652 ad
803 1604 933 1695 carnem
958 1582 1071 1696 camis
1085 1578 1159 1679 suae
1175 1602 1231 1678 ac·
1247 1573 1327 1674 fam
1343 1576 1421 1675 filii
1444 1601 1562 1650 numm
1580 1573 1656 1690 rste,
1678 1599 1737 1650 nec
1763 1574 1886 1748 pmii
1897 1571 2062 1768 sponszn⁴

420 1678 1150 1872 ·astitistissustituit..
1172 1687 1231 1852 ii]
1255 1672 1546 1873 ttt‘ttfstu
1568 1677 1834 1871 ts‘ttttttt.
1853 1699 1985 1871 ..tt-t
2002 1769 2061 1846 ,ι

290 1919 299 1952 ι
428 1878 543 1969 polam
560 1882 709 1949 nondum
725 1874 799 1949 sunt
820 1876 899 1951 facti
921 1905 985 1950 una
1000 1904 1089 1953 caro.
1142 1885 1232 1969 Ergo
1249 1878 1440 1978 stinrurint.
1466 1876 1693 1968 [adoptivus
1725 1902 1776 1968 ¹4·
1809 1889 1843 1963 ᾗ.
1873 1872 1933 1947 fin.
1959 1865 1997 1947 ff.
2022 1876 2063 1946 dc

430 1974 680 2071 consanguineo
699 1973 821 2066 sponsae
842 2003 908 2050 non
931 1973 1004 2048 sunt
1020 1974 1137 2069 sponso
1154 2003 1233 2050 caro
1258 1979 1313 2046 rit?
1331 1999 1428 2065 nupt.
1481 1972 1573 2071 Ejus
1593 1987 1757 2057 matrem,
1781 1995 1880 2070 quum
1898 1969 2063 2071 sponsant

433 2077 540 2158 carnia
561 2084 642 2163 ejus.
694 2095 744 2165 4.)
765 2081 813 2147 Ex
828 2076 1054 2169 fundamento
1066 2078 1159 2173 juris
1177 2102 1233 2149 ca·
1257 2072 1382 2155 habui,
1409 2098 1476 2146 non
1486 2072 1575 2172 posi
1589 2100 1639 2147 mc
1651 2098 1790 2160 uxorem
1808 2073 1926 2147 ducere
1940 2071 2066 2170 Augu·

432 2175 555 2248 nonici.
579 2198 609 2246 c.
625 2180 705 2248 Non
723 2178 770 2248 cst
790 2178 931 2254 dubium
951 2199 1005 2267 ²7:
1022 2203 1055 2266 q.
1077 2203 1093 2248 a
1122 2176 1233 2276 (quod
1250 2178 1324 2274 sius
1339 2175 1578 2271 interpretatus
1597 2177 1657 2275 ιβ,
1676 2171 1782 2271 suisti
1805 2176 1893 2247 enim
1915 2197 1990 2247 earn
2005 2169 2065 2271 so·

433 2276 608 2348 Gratianus
630 2285 665 2348 δι
686 2272 892 2358 Lambardus
913 2274 1036 2348 tib.1v
1064 2272 1144 2350 sem.
1162 2278 1236 2350 dist.
1258 2298 1361 2348 crum
1389 2273 1411 2348 i.
1429 2277 1461 2347 si
1484 2300 1548 2363 qua
1571 2274 1654 2345 mihi
1684 2300 1735 2348 ιι.
1758 2287 1787 2363 ς.
1812 2303 1842 2349 ι.
1864 2278 1943 2349 eod.
1972 2270 2066 2348 Inter

432 2377 495 2450 '26.
509 2372 557 2446 sit.
574 2376 619 2445 D.
636 2373 787 2445 tribuunt
799 2375 993 2466 Augustino,
1009 2401 1085 2447 cum
1106 2374 1235 2446 orreo·
1263 2400 1313 2446 mc
1337 2370 1378 2448 si
1389 2371 1552 2471 spinosam
1567 2374 1684 2471 patris
1702 2375 1766 2445 mci
1783 2373 1911 2470 nuptio
1931 2385 2067 2447 conna-
2100 2376 2104 2405 ³

434 2475 485 2543 nis
505 2474 599 2560 episi.
621 2497 679 2557 92·
696 2475 737 2545 ad
753 2476 865 2564 Rost.)
899 2469 997 2545 Non
1017 2477 1060 2575 ιβ
1077 2472 1239 2564 dubium,
1263 2473 1300 2548 iri
1317 2496 1382 2546 non
1403 2471 1555 2570 polirmt,
1595 2495 1793 2570 quamquam
1815 2495 1964 2547 nouerca
1993 2493 2068 2546 meo

296 2657 300 2667 1
436 2569 531 2643 issam
548 2571 716 2645 mulierem
734 2596 800 2644 non
815 2574 981 2670 pertinere
995 2575 1042 2645 ad
1062 2579 1239 2646 matrimo.
1263 2597 1328 2645 uon
1355 2573 1492 2670 propris
1515 2576 1666 2647 dicatur.
1695 2585 1722 2667 §.
1751 2602 1784 2649 2.
1847 2566 1917 2647 Sed
1940 2569 1983 2647 ss
2032 2595 2069 2647 er

430 2671 547 2756 nium,
569 2669 727 2769 cum‘qua
750 2674 951 2745 commixtio
960 2671 1066 2770 sexus
1086 2697 1153 2746 non
1179 2675 1232 2745 do·
1262 2674 1469 2764 contrarium
1486 2673 1613 2770 sponsa
1639 2699 1711 2746 mea
1738 2675 1835 2767 patri
1855 2696 1924 2752 mea
1947 2597 2068 2748 coiere

366 2851 369 2856 ,
403 2775 406 2780 ’
436 2781 527 2844 cetur
536 2766 648 2867 βιιίβι.
678 2795 708 2843 c.
725 2774 813 2844 Cum
833 2767 965 2844 societas
980 2778 1052 2845 ead.
1078 2771 1158 2846 Non
1177 2773 1240 2848 du·
1262 2796 1327 2845 non
1356 2774 1503 2869 poterit,
1527 2775 1683 2869 qrracnuic
1711 2795 1813 2845 nurus
1837 2797 1910 2845 non·
1929 2774 2067 2871 proprie
2096 2800 2104 2810 ··

436 2868 528 2946 bium
544 2873 588 2971 ιβ
594 2925 606 2966 ‚
634 2867 727 2943 islam
747 2867 916 2945 mulierem
935 2894 1000 2943 non
1015 2875 1180 2970 pertinere
1193 2873 1239 2945 ad
1263 2871 1409 2946 dicatur.
1426 2870 1446 2941 l.
1465 2876 1557 2946 Licet
1572 2888 1602 2951 ts.
1612 2874 1652 2947 C.
1668 2882 1709 2944 de
1725 2865 1836 2945 incest.
1861 2882 1897 2947 δι
1922 2872 2067 2951 inutilib.

436 2970 709 3058 matrimonium,
733 2994 806 3043 cunr
827 2993 893 3067 qua
912 2971 1046 3044 docetur
1059 2997 1125 3046 non
1134 2969 1238 3072 suiffc
1264 2992 1359 3059 nupt.
1422 2968 1521 3045 Licet
1536 2975 1674 3069 quitiam
1696 2968 1945 3068 AEgrsptiorum
1964 2974 2068 3046 idcir·

437 3067 589 3166 nuptiosc
605 3070 830 3238 miniltnium.
885 3072 1050 3167 Quamvis
1069 3099 1148 3145 vero
1167 3071 1238 3145 hnc
1262 3094 1299 3141 co
1315 3084 1521 3157 mortuorum
1530 3074 1686 3170 fratrum
1700 3071 1764 3164 fissi
1777 3069 1933 3173 conjuges
1948 3072 2083 3147 munt.

436 3165 677 3258 nonpossinta
705 3166 807 3242 solute
832 3169 1081 3260 &simpliciter
1107 3173 1237 3262 accipi,
1263 3172 1374 3241 monio
1416 3174 1673 3269 copulaverint,
1714 3175 1802 3267 quod
1831 3175 1906 3273 pos!
1934 3173 2073 3252 suumn

437 3292 514 3341 cum
533 3264 722 3363 consensus,
746 3292 812 3341 non
830 3267 1022 3341 concubitus
1031 3270 1150 3363 saciat
1167 3294 1238 3341 ma-
1263 3282 1401 3342 ntortcm
1424 3270 1572 3368 ιιιαιιββι
1596 3274 1746 3369 uirgines
1766 3270 1989 3361 dicebantur,
2009 3297 2068 3348 ar·

437 3367 657 3449 trimonium,
681 3393 717 3437 ac
746 3370 864 3457 copula
890 3369 1075 3460 coniugoiis
1103 3397 1168 3441 non
1198 3375 1240 3443 ad
1264 3356 1561 3466 dissuaserunt,
1588 3374 1676 3467 quod
1697 3375 1796 3445 certis
1822 3373 1933 3468 legum
1955 3373 2069 3446 condi«

436 3467 563 3547 iuius,
595 3462 649 3538 sed
679 3462 771 3536 usum
801 3463 1004 3538 matrimonii
1039 3472 1204 3558 pertineat
1229 3519 1240 3549 ,
1265 3467 1395 3542 toribus
1413 3470 1568 3565 placuit,
1592 3498 1667 3552 curn
1680 3495 1816 3567 corpore
1832 3496 1898 3545 nan
1915 3476 2075 3548 convene?

436 3570 525 3644 unde
547 3563 762 3638 Beliarminus
778 3568 820 3637 de
842 3587 938 3636 matr.
962 3590 1034 3656 cap.
1053 3576 1091 3639 V.
1114 3580 1141 3658 ς.
1163 3568 1240 3648 ubi,
1264 3572 1354 3654 rint,
1377 3572 1515 3666 nuptias
1532 3594 1597 3642 non
1616 3572 1727 3644 uideri
1742 3597 1777 3644 rc
1790 3568 1850 3667 ιβι
1868 3575 2066 3658 contradas,

300 3683 302 3687 ’
436 3667 607 3748 contendit
621 3649 647 3745 ,’
666 3658 872 3736 Gratianum
888 3664 928 3736 dc
943 3662 1007 3759 suo
1027 3670 1237 3762 negationem
1267 3665 1307 3742 θ’
1324 3668 1517 3764 hujusmodi
1533 3670 1699 3743 connubia
1712 3682 1790 3742 tunc
1809 3675 1972 3768 temporis
1990 3675 2068 3750 cele·

316 4535 319 4554 2
432 4511 524 4592 statis
539 4516 650 4572 suaui-

436 3757 626 3857 addidiffc3
653 3767 693 3832 ad
722 3762 802 3834 illud
829 3787 938 3860 tamen
967 3771 1058 3844 reste
1087 3766 1235 3841 referun.
1264 3767 1388 3856 brata,
1405 3770 1668 3868 firmatasunt:
1695 3782 1805 3844 tamen
1822 3773 1987 3868 praescnti
1998 3773 2068 3871 segc

436 3884 511 3944 tur,
538 3864 627 3951 quod
648 3885 710 3949 per
724 3864 812 3932 nuda
827 3859 985 3949 sponsalia
1000 3889 1061 3950 per
1080 3875 1239 3957 conjuga·
1256 3865 1448 3965 sancimus,
1475 3873 1508 3968 β
1535 3895 1607 3967 quae
1629 3871 1821 3967 hujusmodi
1843 3874 2068 3968 nuptiarum

436 3957 503 4033 lctis
530 3959 684 4048 copulam
718 3962 866 4058 nondum
909 3956 1134 4045 consummata
1171 3990 1238 4036 non
1264 3966 1379 4040 traiiae
1393 3969 1548 4061 fiterint,
1574 3994 1818 4066 costarumque
1836 3972 2066 4059 conuattorec,

435 4058 652 4135 contrahatur
671 4054 821 4131 adfinitas
838 4061 1088 4132 matrimonium
1104 4086 1236 4136 contra·
1267 4063 1308 4140 δ’
1323 4091 1367 4138 ex
1384 4066 1438 4140 itis
1452 4072 1648 4165 progenitos
1665 4073 1881 4167 antiquarum
1897 4070 2010 4171 legum
2024 4085 2067 4147 te·

434 4161 526 4231 dum
542 4157 710 4230 dirimens.
1262 4168 1340 4239 nori
1357 4164 1550 4264 subjacere,
1588 4192 1649 4241 nec
1672 4170 1719 4242 ad
1742 4171 1932 4265 exemplum
1962 4180 2066 4270 AEgy⁴

523 4353 556 4365 ..
745 4265 772 4348 t.
788 4259 987 4332 ccctxn.
1040 4254 1238 4362 11.)„Juu-
1261 4266 1484 4364 priscumne
1510 4268 1628 4365 miuus
1646 4267 1754 4365 sarua
1776 4270 1900 4344 uiuam
1920 4257 1997 4374 esti
2013 4295 2065 4346 eu

437 4348 646 4493 mim:
695 4353 747 4471 tia
759 4353 903 4469 pttsbsicae
918 4356 1097 4458 Ιιοιιιβαιίι
1112 4368 1154 4462 ιβ
1167 4384 1238 4478 raa-
1263 4366 1375 4439 uideri
1388 4364 1493 4464 suiffc
1507 4370 1632 4464 firmas
1645 4370 1909 4485 vcifirssrandas.
1967 4372 2019 4471 ι.)
2038 4375 2066 4445 Α

699 4458 1239 4535 trimonrumcontraircndumtm·
1264 4462 1418 4560 consensu
1449 4470 1585 4563 ecclcfiae
1623 4465 1824 4564 lsraclstrcae
1864 4468 1907 4545 65
1940 4467 2066 4545 Graecae

354 4617 360 4624 .
438 4592 570 4651 „mu-„m
587 4610 653 4653 cm„
697 4556 843 4653 pedicas.
895 4560 1054 4630 Rationes
1082 4558 1134 4633 ha
1164 4558 1238 4634 sttnt
1263 4559 1549 4639 Geuxxxvu't.
1570 4574 1624 4640 26.
1674 4576 1777 4660 Judas
1803 4597 1879 4641 curn
1901 4597 1992 4642 nuru
2014 4567 2067 4644 suo

435 4668 616 4743 manendum
711 4667 753 4740 t.)
771 4660 817 4726 Ειι
831 4652 944 4752 pirast
955 4656 1152 4754 scriptura,
1172 4686 1236 4748 qua
1261 4663 1408 4735 Thamar
1422 4663 1538 4737 inscius
1555 4693 1625 4737 rem
1644 4667 1820 4753 imbuerat,
1847 4666 1902 4741 sed
1922 4674 2066 4758 cumin-

457 4749 593 4831 s'mpcdit.
703 4750 819 4843 sponsa
845 4757 967 4826 dicitur
997 4780 1088 4831 uxor·
1116 4753 1234 4831 Genes.
1262 4763 1452 4853 rolligeret,
1480 4792 1551 4835 eam
1569 4768 1631 4835 esic
1649 4766 1707 4838 filii
1724 4765 1874 4857 sponsant
1892 4794 2066 4841 acnurum
2098 4804 2100 4807 ·

703 4851 829 4924 XXIX.
848 4874 900 4926 ιι.
928 4860 1029 4928 Dent.
1046 4856 1158 4929 ΧΧΙΙ.
1180 4882 1234 4949 23.
1263 4856 1379 4940 suam.
1408 4862 1544 4934 ulterius
1571 4891 1644 4935 eam
1676 4894 1742 4938 nor·
1773 4871 1949 4958 cognovit.
1987 4875 2067 4943 Hc·

436 4944 558 5020 Matth.
582 4948 685 5023 Lao.
739 4954 904 5045 Quamvis
936 4956 1040 5045 igitur
1071 4981 1112 5028 ex
1141 4958 1237 5029 nudis
1263 4958 1471 5050 braeiiegem
1497 4961 1670 5034 mosaicam
1702 4971 1742 5036 de
1774 4972 1923 5037 ducenda
1957 4967 2065 5040 fratris

437 5042 641 5137 sponsalibus
670 5074 735 5121 non
772 5054 899 5122 oriatur
921 5050 1068 5126 adfinitas
1088 5052 1236 5130 absolute
1262 5059 1385 5146 absque
1399 5061 1510 5131 liberis
1525 5062 1672 5134 desuntti
1687 5091 1788 5135 uxore
1804 5069 1903 5137 etiam
1921 5072 1962 5139 ad
1973 5065 2066 5156 spon·

438 5155 473 5223 dc
491 5145 684 5241 simpliciter
698 5152 884 5241 impediens
897 5155 1147 5260 matrimonium
1156 5181 1237 5229 con·
1261 5154 1329 5231 sam
1353 5156 1466 5232 fratris
1487 5167 1690 5248 extendunt,
1715 5172 1862 5255 eoquod
1879 5162 1997 5257 sponsa
2018 5167 2064 5237 di.
2101 5161 2104 5166 ’

1977 5286 2065 5339 “tiit
