4884 5984
533 417 618 554 nt-
649 473 897 552 uusotv‘ns
918 477 921 484 '
944 473 1283 550 NVBENDORVM
1333 469 1684 571 Qvntmnnvn
1805 591 1808 598 Ι
1853 491 1977 571 ‘225¹-
2044 471 2052 494 ²

282 645 529 771 pubertamon
546 697 615 748 tam
634 699 796 748 annorum
819 693 983 757 numero,
1006 695 1106 764 quam
1130 674 1227 771 giam
1250 674 1409 769 (inquit)
1432 676 1500 748 erit
1522 667 1719 773 corporibus
1750 669 1948 774 vigentibus
2043 643 2045 650 Ι
2083 707 2085 712 ·
2195 663 2197 668 ’

285 800 465 876 corporum
481 774 664 849 labilitate
688 772 729 848 id
746 773 935 871 generandi
946 780 1108 877 potestate
1134 771 1176 849 di
1206 785 1285 869 apte
1313 778 1486 848 conveniet
1515 774 1720 873 temporibus
1751 778 1951 875 opportunis
2099 871 2102 876 Ι

285 877 593 957 emmeramme
612 870 859 947 masculisante
879 873 1106 963 rafoemellis
1129 873 1177 948 ad
1200 868 1407 970 testationem
1438 873 1563 950 liberos
1585 877 1798 972 procreandi.
1862 873 1948 951 Suc·

284 997 364 1050 ente
385 1001 441 1052 η.
476 998 601 1046 annum
629 975 753 1064 nuptiae
779 975 1050 1061 permittuntur,
1081 972 1218 1070 ficeffio
1237 984 1401 1069 praterea
1420 977 1539 1047 evadet
1567 974 1709 1050 liberum
1739 988 1809 1049 turn
1832 977 1948 1053 eratis

275 1070 414 1150 seilicet
436 1073 576 1147 molitio
596 1069 921 1172 ataternsuppleat²
946 1098 976 1147 c.
996 1071 1104 1145 rube-
1127 1075 1279 1169 vigentes
1299 1074 1421 1159 initio,
1443 1076 1476 1175 st
1499 1074 1716 1172 consentanea
1733 1080 1866 1151 ratione
1870 1080 1945 1179 stn-

269 1197 340 1247 rer
354 1199 435 1247 cum
448 1171 537 1262 seqq.
551 1174 581 1244 r*
601 1177 643 1245 de
657 1168 806 1262 despons.
823 1175 952 1260 impub.
970 1168 1104 1262 supple·
1128 1174 1192 1247 tirn
1203 1174 1397 1269 procreatio
1410 1174 1551 1274 existat,
1570 1187 1640 1247 tum
1651 1174 1761 1272 effata
1770 1182 1846 1273 jaan
1862 1189 1945 1251 ata·

241 1289 252 1296 ’
284 1278 334 1347 tio
355 1271 414 1346 illa
432 1275 466 1345 in
487 1272 615 1345 duobus
634 1275 837 1361 requiritur,
861 1267 1105 1344 indiscretione
1128 1285 1160 1346 te
1189 1272 1424 1346 adnumerum
1448 1275 1621 1373 alloginta
1643 1299 1818 1354 annorum.
1876 1284 1948 1352 He·
2070 1289 2073 1296 '

285 1370 412 1446 scilicet
435 1376 477 1445 ad
500 1366 692 1444 consensum
716 1369 907 1464 obligandi,
929 1382 964 1445 de
987 1392 1105 1460 poten·
1129 1371 1236 1445 flodus
1259 1371 1336 1447 libr.
1349 1371 1391 1446 ll.
1415 1395 1509 1466 oper.
1531 1387 1565 1452 be
1581 1380 1665 1451 dier.
1685 1378 1804 1477 dpaior
1822 1371 1945 1477 γόμον

285 1475 332 1546 tia
348 1468 417 1545 live
441 1470 546 1545 habili
581 1493 614 1545 te
634 1476 674 1544 ad
698 1468 793 1543 usum
816 1471 976 1562 conjugii.
1034 1472 1103 1543 Co·
1129 1473 1488 1562 tempestivasnuptias
1509 1476 1684 1568 virocirca
1701 1502 1824 1550 annum
1840 1480 1945 1569 trige-

286 1574 461 1646 verruntur
483 1593 571 1662 part.
601 1574 625 1643 l.
647 1595 721 1659 cap.
732 1578 773 1644 V.
794 1594 887 1641 num.
902 1593 936 1663 4.
959 1576 994 1641 dt
1013 1562 1102 1655 seqq.
1128 1567 1273 1652 simum,
1314 1567 1460 1643 foeminae
1493 1573 1580 1646 eirca
1620 1601 1744 1647 anuum
1775 1581 1944 1650 decimum

287 1676 355 1746 Pro
380 1673 579 1746 adstruenda
611 1668 783 1743 decisionis
816 1667 915 1757 hujus
949 1668 1104 1756 aequitate
1128 1672 1282 1757 quintum
1307 1671 1516 1743 determinat.
1570 1674 1614 1744 Hi
1637 1698 1752 1747 omnes
1778 1701 1818 1749 eo
1839 1671 1944 1766 respi-

284 1765 445 1845 adserunt
457 1770 630 1844 canonista·
643 1768 797 1859 exempla
809 1793 946 1848 eorum,
958 1770 1015 1857 qui
1028 1785 1104 1840 ante
1127 1772 1240 1850 ciunt,
1266 1792 1308 1840 ne
1327 1792 1526 1857 praematura
1545 1776 1675 1846 Venere
1691 1773 1841 1864 carparis
1856 1779 1944 1850 vires

233 1875 237 1905 ¹
285 1873 541 1961 quatuordecim
557 1889 720 1942 annorum
737 1891 866 1942 atatem
887 1867 1032 1958 puberes
1053 1864 1104 1938 ef·
1127 1891 1226 1957 atque
1247 1866 1381 1941 babitus
1399 1871 1432 1941 in
1458 1865 1608 1943 masculis
1625 1896 1848 1957 enerventur,
1868 1901 1946 1964 quic
2076 1901 2078 1905 ·

285 1966 378 2045 fecti.
427 1971 655 2055 Hieronymus
668 1971 702 2041 in
715 1972 808 2059 epist.
823 1970 864 2039 ad
877 1966 1019 2039 Vitalem
1032 1991 1101 2037 tne-
1127 1973 1212 2044 tatio
1236 1966 1333 2043 cell'at
1355 1972 1390 2041 in
1415 1967 1582 2052 faminis,
1607 1974 1679 2062 qua
1697 1970 1859 2061 paffivum
1881 1997 1943 2067 ge.
2035 2023 2037 2028 .

286 2093 415 2153 morat,
430 2093 570 2168 pureum
584 2066 778 2166 quemdam,
801 2067 860 2163 qui
872 2092 971 2163 usque
984 2065 1031 2138 ad
1047 2064 1102 2138 de·
1125 2071 1264 2141 necandi
1283 2065 1356 2140 sunt
1369 2070 1595 2159 principium,
1611 2096 1650 2143 ac
1666 2071 1762 2160 citius
1779 2097 1942 2167 generare

279 2171 412 2245 einum
426 2169 602 2244 duntaxat
612 2178 967 2267 ravennatorum,
992 2167 1102 2238 nutri·
1122 2151 1315 2258 dicipiunt,
1351 2170 1449 2240 citius
1478 2170 1578 2242 etiam
1606 2167 1768 2245 desinunt.
1837 2179 1946 2265 Leges

287 2291 355 2345 cern
363 2267 468 2369 suurn
491 2266 710 2370 constupraffl
732 2263 773 2343 di
788 2262 1037 2364 impragnaffl,·
1066 2275 1100 2338 &
1125 2288 1236 2338 autem
1252 2265 1366 2339 civiles
1379 2268 1487 2338 statim
1508 2270 1584 2357 poll
1602 2270 1944 2363 decimumquartum

231 2379 233 2448 J
288 2370 322 2443 in
337 2373 457 2444 eadem
475 2369 612 2461 epistola
626 2394 667 2442 ex
686 2365 923 2458 chronologica
944 2362 1099 2455 supputa·
1125 2366 1229 2437 aetatis
1249 2390 1374 2439 annum
1394 2361 1539 2438 masculo
1560 2372 1692 2458 nuptias
1711 2374 1946 2460 permittentes

231 2545 233 2564 ἰ
289 2473 378 2543 done
397 2471 794 2548 demonstrareconntur,
821 2462 1036 2540 Salomonem
1061 2458 1102 2537 di
1125 2488 1165 2536 eo
1181 2459 1349 2552 spediant,
1373 2489 1416 2537 ne
1432 2463 1567 2554 laqueus
1584 2469 1751 2556 injiciatur
1773 2470 1857 2553 illia,
1882 2473 1942 2563 qui

231 2587 235 2632 t
290 2566 424 2644 Aelium
446 2568 618 2644 undecimo
637 2568 751 2641 atatis
772 2587 860 2639 anno
884 2563 1038 2640 Roboam
1060 2559 1101 2637 ld
1125 2562 1303 2635 libidinum
1317 2561 1459 2635 flammis
1476 2566 1655 2656 agitantur.
1708 2570 1811 2643 Certa
1831 2579 1866 2645 δι
1879 2594 1942 2662 ge·

231 2723 235 2738 .
292 2667 482 2744 &echium
498 2664 692 2840 praunawe.
717 2664 785 2765 (de
805 2689 872 2754 quo
895 2688 1005 2738 tamen
1024 2688 1101 2737 eru·
1124 2660 1245 2733 neralis
1266 2666 1416 2751 quadam
1430 2664 1549 2756 regula
1565 2690 1636 2756 non
1657 2671 1765 2759 potest
1785 2668 1942 2744 omnibua

290 2771 349 2844 diti
360 2767 563 2860 chronologi
582 2791 620 2840 te
660 2768 784 2840 ntiores
806 2764 902 2838 aliter
920 2760 1099 2854 disputant
1124 2758 1187 2831 hac
1206 2760 1243 2831 in
1259 2786 1296 2833 re
1315 2757 1503 2850 prescribi,
1523 2786 1601 2834 cum
1620 2774 1657 2839 dc
1681 2777 1941 2865 temperamento

290 2872 374 2943 Vide
386 2872 569 2943 Connanus
581 2864 659 2939 libr.
667 2872 759 2938 Vlll.
774 2885 953 2937 comment.
966 2870 1099 2953 capr.
1125 2868 1160 2933 bt
1176 2857 1258 2935 vitae
1272 2862 1384 2960 platus
1406 2862 1442 2931 in
1467 2860 1657 2935 hominibus
1677 2866 1861 2955 plurimum
1882 2895 1940 2961 vaf

291 2994 381 3043 num.
402 2976 454 3059 3.)
510 2963 691 3040 Hostiensrs
714 2968 814 3037 etiam
837 2965 871 3034 in
893 2989 922 3036 c.
946 2960 1035 3033 final.
1059 2964 1102 3034 de
1124 2959 1238 3039 rienr,
1273 2980 1488 3048 praematuras
1511 2980 1623 3033 tamen
1647 2966 1780 3056 ndptias
1802 2977 1838 3042 de
1862 2966 1941 3060 ipsis

290 3092 347 3156 eo,
368 3067 429 3157 qui
441 3090 541 3162 cogn.
560 3061 716 3155 consang.
739 3088 833 3136 uxor.
850 3057 931 3143 surr,
955 3062 1101 3144 testatur,
1125 3058 1401 3131 contrahentibus
1420 3067 1455 3131 dt
1470 3058 1663 3147 reipublicae
1678 3060 1878 3155 perniciosas
1891 3062 1942 3139 es.

249 3175 253 3180 ’
291 3164 464 3266 mendant
492 3188 630 3262 puerum
654 3185 818 3237 annorum
846 3158 997 3234 undecim
1030 3161 1101 3233 vien
1125 3149 1184 3237 se,
1223 3156 1339 3229 multis
1362 3157 1580 3229 demonstrari
1610 3166 1728 3250 potest.
1781 3165 1942 3239 Educatio

289 3266 545 3369 procreandam
564 3259 720 3362 habuiffl.
772 3261 947 3335 Albericus
960 3266 994 3332 in
1007 3258 1101 3335 lexic.
1124 3253 1331 3336 liberorum,
1346 3265 1380 3330 dt
1395 3258 1588 3329 oeeonomiae
1600 3265 1855 3348 administratio,
1868 3292 1941 3355 qua

291 3370 323 3441 in
341 3364 451 3443 aerbo
472 3366 662 3441 matrimon.
678 3360 833 3460 puellam>
848 3360 1028 3456 quamdam
1044 3382 1103 3432 no·
1126 3355 1324 3448 conjugibus
1340 3349 1561 3443 suscipienda,
1583 3363 1758 3446 requirunt
1770 3373 1806 3438 dr
1817 3390 1940 3454 corpo·

292 3457 1100 3567 vmmpeperiffe,refert.Fnreliurlib.XXVlll.
1126 3456 1171 3526 tis
1188 3464 1222 3529 be
1239 3456 1341 3526 animi
1360 3453 1494 3543 aliquod
1517 3451 1642 3539 robur,
1664 3464 1805 3548 proinde
1824 3465 1883 3552 qui
1896 3466 1939 3536 ad

292 3565 422 3644 obsera.
446 3575 472 3639 l.
495 3590 536 3639 ex
556 3562 666 3651 sylvio
693 3572 727 3636 &
747 3556 887 3651 Capella
917 3580 1104 3644 memorat,
1126 3556 1243 3640 justam
1268 3574 1396 3625 atatem
1418 3554 1567 3624 nondum
1586 3579 1832 3647 pervenerunt,
1859 3585 1941 3634 con·

289 3667 434 3766 puellam
459 3683 576 3739 noveru
602 3684 767 3735 annorum
798 3670 927 3733 uterum
953 3652 1099 3771 gestasse.
1125 3654 1220 3744 jugie
1231 3678 1302 3724 non
1319 3650 1393 3723 sunt
1405 3651 1609 3741 implicandi.
1663 3656 1941 3747 Depriseiscer.
2006 3653 2008 3658 ’
2146 3695 2153 3706 .

291 3771 352 3844 Sed
370 3791 451 3841 eum
473 3762 545 3837 hae
566 3760 719 3850 exempla
744 3759 806 3833 sint
820 3758 1035 3858 stagnano,
1061 3782 1100 3831 ex
1127 3754 1251 3831 manis,
1277 3749 1458 3839 majoribus
1483 3751 1617 3836 nostrie,
1641 3757 1819 3831 Cornelius
1839 3762 1940 3833 Taci,

292 3865 412 3958 naibus
430 3873 506 3955 iura
531 3863 682 3950 constitui
703 3887 775 3933 non
798 3858 942 3943 debent,
975 3858 997 3929 l.
1015 3868 1101 3946 jura.
1127 3870 1178 3923 tas
1194 3845 1324 3923 stribitt
1343 3845 1429 3925 Sera
1442 3852 1601 3946 juvenum
1618 3855 1750 3938 Venus,
1768 3878 1866 3954 eoque
1887 3860 1942 3933 ip.

247 3995 250 4000 ’
291 3970 329 4041 de
349 3962 457 4058 legib.
485 3985 628 4051 cumque
655 3985 694 4033 ex
716 3961 867 4048 corporis
898 3951 1102 4064 inspectione
1125 3948 1286 4053 exhausta
1304 3948 1489 4047 probatas,
1521 3975 1581 4024 nec
1604 3956 1755 4052 virginer
1772 3957 1942 4058 festinan·

291 4068 503 4157 pubertatem
525 4064 683 4133 aestimare
710 4057 916 4147 turpiculum
939 4054 1002 4140 lit,
1026 4060 1103 4129 ideo
1128 4062 1194 4124 tur.
1248 4048 1381 4124 Eadem
1400 4054 1567 4147 juventa,
1592 4054 1719 4154 finilis
1736 4060 1936 4153 proceritas.

293 4166 465 4260 Jullinianl
478 4159 633 4237 decifioni
649 4162 772 4232 radius
788 4160 899 4229 statur.
1039 4255 1046 4270 .
1129 4148 1246 4225 Pares.
1261 4149 1434 4265 validique
1454 4147 1648 4245 miscentur,
1673 4178 1715 4227 aa
1732 4153 1856 4230 robora
1873 4182 1939 4256 μα·

302 4333 364 4426 n,
382 4330 460 4424 rra
545 4248 1586 4456 11.>bfflll¹0¹0·„,lttttfi&llllllll
1610 4257 1940 4447 ,izlrllltlt

293 4425 485 4559 Ήὲἦκῗ
545 4450 855 4557 ximefitidonea?
876 4453 969 4525 Plato
983 4451 1103 4525 libvt.
1129 4450 1297 4526 necaverit
1319 4471 1395 4521 atae
1424 4449 1610 4540 posterior,
1643 4445 1713 4540 ipse¹
1736 4456 1941 4545 experienti.

231 4627 235 4654 ‚
290 4516 484 4642 grimm
548 4565 590 4635 de
607 4559 709 4651 legib.
728 4555 875 4628 maribus
892 4550 935 4624 ab
950 4576 1036 4625 anno
1050 4575 1102 4644 30.
1129 4546 1339 4623 manifestum
1356 4547 1453 4630 facit,
1476 4545 1555 4618 hinc

231 4661 236 4672 '
550 4662 708 4748 usquead
729 4682 782 4746 ³5·
799 4652 944 4726 foeminis
957 4652 1000 4724 ab
1019 4676 1105 4724 anno
1186 4645 1289 4724 Terra
1308 4649 1417 4723 rnalor
1432 4647 1583 4723 honines
1598 4668 1685 4719 nunc
1700 4644 1820 4725 edurat
1840 4663 1938 4750 atque

291 4766 423 4841 decimo
449 4755 541 4835 sexto
561 4754 662 4847 usque
687 4760 727 4828 ad
752 4751 947 4846 vigesrmum
973 4754 1106 4841 nuptia·
1589 4745 1734 4918 puipllos.

292 4891 369 4939 tum
382 4883 517 4952 tempus
533 4856 726 4951 prescribit.
762 4852 1103 4927 Aristoteleslibuu.
1216 4855 1245 4941 ς.
1282 4848 1504 4924 ccxxxut.
1533 4849 1619 4942 Quae
1648 4848 1681 4920 ia

231 4935 238 4956 ⁸
290 4962 421 5056 politic.
442 4957 626 5050 capxt'l.
653 4959 731 5028 viris
756 4976 809 5053 ³7·
828 4950 1022 5024 mulieribus
1051 4967 1104 5035 ιε.
1130 4943 1280 5041 111.)An
1290 4945 1466 5043 probanda
1475 4945 1593 5045 senum
1607 4969 1684 5019 con·
1760 4918 1940 5067 figis(

231 5155 235 5160 ,
290 5067 394 5148 mdo
407 5085 532 5134 annum
550 5056 685 5137 definit,
705 5056 803 5143 hujus
821 5048 987 5127 sententia
1006 5052 1106 5121 tatio·
1124 5042 1259 5145 jugt‘a?
1277 5051 1556 5142 Distinguendum
1572 5046 1624 5118 hic
1637 5049 1684 5119 est
1699 5099 1703 5106 ·
1724 4999 1940 5166 aaz&

288 5189 371 5249 nem
391 5161 480 5242 hauc
501 5157 686 5255 subjungit.
735 5150 831 5233 Nam
856 5150 974 5232 toran
994 5151 1108 5251 eonju-
1130 5144 1337 5327 intzrflenes.
1389 5147 1533 5229 edeam
1553 5141 1630 5224 libr.
1640 5148 1684 5322 X
1780 5158 1879 5247 piot
1918 5197 1922 5206 ι
