4884 5984
247 459 251 466 ¹
374 480 469 613 fb.
552 591 562 610 χ
743 475 809 484 ”
884 447 1231 600 locorumve
1259 510 1329 586 or
1360 511 1662 641 consumo.
1797 528 1801 536 =

237 740 244 752 ·
386 801 389 808 Ι
447 712 600 802 quepios
615 722 774 807 conjuges
788 711 976 810 conformes
992 716 1135 788 reddant
1153 713 1222 790 imo
1251 709 1301 785 ini
1325 715 1414 788 eninr
1436 708 1578 785 ecclesoae
1606 707 1746 799 miraistri
1767 706 1808 781 ad
1824 685 1932 782 causas
1954 709 2183 794 matrimonia·

451 807 589 910 Christi,
598 817 701 894 Rom.
719 821 811 903 Vlll.
829 839 887 902 29.
910 823 946 891 dt
962 813 1024 887 sint
1041 816 1198 888 exercitia
1235 812 1305 894 dei,
1325 809 1373 885 les
1390 812 1615 900 dijudicandos
1631 812 1732 881 etiam
1751 808 1931 883 adhibendi
1952 808 2034 892 fint,
2058 814 2187 902 proba.

234 993 259 1014 ,1
387 947 395 959 ·
435 913 636 1008 patientie,
657 916 886 1001 invocationis,
901 912 1116 993 humilitatis,
1132 923 1197 987 &n
1216 916 1304 984 Tra·
1325 910 1895 1006 mus.1.)lixconjngiinatmn.
1947 914 2185 1005 conjugium,

449 1015 576 1086 duntur
593 1016 694 1086 etiam
714 1012 927 1102 fundamenta
945 1038 1032 1088 vere
1047 1021 1083 1086 δι
1099 1007 1478 1107 solidaecou-'quamvis
1493 1008 1614 1086 nonsit
1634 1006 1875 1083 &aramentum
1891 1007 2032 1101 pioprie·
2042 1014 2186 1114 didlum,

448 1107 626 1193 solutionis,
634 1111 927 1190 difficultatibus&
941 1114 1094 1186 arumnis
1107 1112 1172 1183 illis
1188 1118 1306 1199 conju·
1329 1133 1441 1184 tamen
1456 1112 1503 1182 est
1527 1113 1601 1183 vitae
1621 1112 1719 1181 status
1740 1112 1898 1183 divinitus
1919 1111 2114 1194 ordinatus,
2143 1138 2186 1188 ac

299 1221 303 1229 “
329 1252 332 1257 ·
449 1211 580 1304 galibus
594 1219 822 1303 opponenda,
848 1217 938 1305 quod
958 1217 1050 1284 Deus
1072 1211 1134 1300 piis
1149 1210 1298 1301 conjugi-
1329 1213 1472 1301 proinde
1495 1234 1548 1284 res
1570 1206 1777 1305 conscientia>
1794 1236 1835 1283 ex
1852 1212 1965 1283 divina
1981 1212 2189 1290 institutione

450 1309 513 1404 bus
534 1308 675 1402 presens
697 1313 805 1400 adlit,
837 1340 876 1386 ac
896 1334 1058 1394 erumnas
1086 1334 1200 1383 omnes
1224 1309 1307 1380 velit
1332 1308 1510 1408 &legibus
1525 1311 1683 1382 divinitus
1700 1309 1921 1403 promulgatis
1937 1301 2191 1401 pendensque·

447 1412 623 1508 mitigare.
647 1427 768 1497 aquam
785 1412 1008 1494 tribulationis
1029 1408 1308 1492 convertendum
1332 1434 1370 1481 re
1386 1411 1527 1484 ministri
1540 1407 1709 1492 eccleliae,
1730 1430 1848 1498 utpote
1869 1408 2191 1499 quibusanimurum

449 1513 566 1584 vinnm
582 1503 828 1598 exsultationis,
851 1510 928 1604 Joh.
951 1518 994 1588 ll.
1018 1533 1055 1595 9.
1077 1519 1143 1585 dcc.
1171 1531 1239 1597 quo
1258 1531 1309 1577 re·
1332 1534 1372 1581 ac
1391 1504 1667 1583 conscientiarum
1688 1534 1767 1582 cura
1784 1511 1833 1581 est
1851 1506 2045 1600 commissa,
2071 1537 2091 1584 a
2112 1537 2192 1586 ceu·

236 1667 241 1677 .
276 1591 279 1596 ’
448 1606 533 1681 ferri
555 1613 662 1700 potest
684 1610 768 1684 illud
797 1611 993 1703 Clementis,
1004 1606 1164 1684 Alexand.
1189 1606 1255 1686 lib.
1274 1612 1301 1676 l.
1334 1604 1444 1680 sarum
1461 1609 1756 1681 matrimonialium
1773 1610 2007 1697 dijudicatione
2022 1636 2091 1683 non
2113 1607 2194 1702 pos·

448 1709 561 1811 llrom.
579 1708 601 1786 n‘
615 1709 714 1831 atlete
729 1708 839 1816 regisse
853 1708 1035 1807 ἔυλογθς
1061 1706 1142 1780 fides
1156 1704 1307 1780 christia·
1318 1703 1404 1780 sunt
1421 1706 1613 1820 smpliciter
1633 1711 1813 1781 removeri.
1866 1707 1919 1807 a.)
1934 1697 2188 1807 Rescriptum,

448 1814 492 1881 ni
509 1810 550 1881 de
568 1809 722 1898 omuibus
741 1811 841 1881 rebus
851 1814 948 1883 redte
965 1812 1089 1895 judicat
1108 1817 1143 1881 δε
1162 1802 1272 1878 sentit.
1330 1804 1490 1882 doiirmae
1503 1808 1602 1903 lrojns
1622 1831 1753 1880 nornen.
1803 1809 2022 1902 Quocunque
2039 1812 2073 1883 in
2095 1807 2189 1887 sacra

452 1952 600 2039 Ejusdem
705 1916 821 2026 §.llll
834 1905 906 1999 lpsa
920 1910 1063 1998 proinde
1075 1905 1239 2004 necrffitos
1257 1927 1307 1975 re·
1332 1909 1495 1996 scriptura
1520 1912 1684 1981 docentur
1714 1918 1750 1982 δι
1773 1931 2034 1996 proponuntur,
2067 1935 2191 1986 eorum

231 2024 233 2028 ·
353 2065 356 2070 .
397 2027 411 2040 ·
449 2032 617 2099 pragma,
663 2031 785 2099 qurtrt,
819 2030 857 2080 ut
873 2007 1037 2084 comdiis
1057 2004 1135 2078 fidei
1161 2003 1309 2078 christia·
1332 2006 1509 2095 explicatio
1533 2009 1702 2099 praecipue
1725 2010 1767 2078 ad
1790 2005 1964 2099 theologos
1986 2019 2023 2084 δι
2043 2009 2189 2084 ecclelia

448 2116 602 2201 mreslltos.
662 2135 712 2179 nae
727 2108 873 2184 articulis
891 2110 990 2182 etiam
1009 2108 1159 2178 concina
1173 2107 1216 2176 de
1229 2127 1309 2174 con·
1334 2108 1499 2178 ministros
1528 2109 1688 2195 pertinet.
1745 2112 1819 2197 Jam
1854 2133 1934 2180 vero
1951 2112 2117 2181 'dodlrin'a
2146 2114 2195 2188 de

659 2211 755 2299 jugio
776 2211 811 2290 in
829 2205 963 2281 ecclesa
978 2210 1141 2277 trabletur
1156 2200 1310 2291 &expli
1332 2206 1537 2278 institutione
1563 2203 1755 2296 &legibus
1777 2210 1948 2301 conjugii,
1974 2210 2015 2280 de
2037 2206 2191 2306 prohibi.

451 2324 546 2380 cetur
560 2354 586 2386 ,.
600 2309 786 2380 monstratis
809 2308 897 2381 veris
924 2300 1089 2381 &solidis
1115 2304 1308 2375 orthodoxa
1333 2307 1423 2377 tione
1439 2308 1627 2397 graduum,
1652 2307 1828 2390 divortiis.
1850 2308 1891 2379 de
1912 2305 2191 2400 polygamiaotc.

324 2417 343 2443 λ’
449 2395 617 2476 sententie
637 2403 881 2489 fundamentis,
905 2399 1108 2477 ac'refutatis
1124 2402 1303 2476 contraria·
1334 2407 1368 2478 in
1382 2402 1468 2476 sacra
1484 2399 1648 2494 scriptura
1664 2405 1876 2494 proponitur.
1929 2412 2020 2499 Ergo
2034 2408 2192 2481 illiusex-

337 2542 352 2560 κ
388 2567 401 2604 .-
451 2525 528 2592 rum
547 2506 741 2595 opinionum
770 2515 981 2581 &errorum
1010 2498 1154 2576 somniis.
1203 2503 1311 2574 Cum·
1333 2504 1527 2593 plicatio&
1549 2529 1648 2576 exea
1670 2507 1860 2593 dependens
1884 2503 2053 2579 causarum
2075 2511 2212 2580 matri.-

385 2603 396 2628 ·’
452 2604 572 2693 primis
588 2630 668 2678 vero
684 2630 750 2677 uon
766 2601 871 2677 solum
885 2598 1123 2691 iurisconsultis
1136 2611 1175 2677 dc
1195 2596 1304 2689 politi·
1332 2603 1526 2675 monialium
1541 2603 1741 2693 dijudicatio*
1757 2607 1927 2693 precipue
1947 2611 1990 2679 ad
2011 2606 2192 2701 theologos

451 2703 522 2783 cis,
548 2698 602 2776 sed
623 2707 723 2777 etiam
749 2703 967 2796 theologis&
985 2698 1128 2774 ecclesa
1153 2698 1308 2774 minilltis
1333 2712 1368 2777 ει
1389 2701 1532 2774 ecclefiae
1550 2704 1714 2773 ministros
1731 2707 1889 2790 pertinet.
1944 2715 1992 2802 3.)
2010 2712 2063 2796 ΙΕιι
2081 2710 2191 2801 proxi

454 2801 638 2890 incumbit,
667 2827 705 2877 ut
721 2805 907 2884 doctrinam
929 2801 1020 2874 illurn
1036 2796 1154 2873 'sedttla
1173 2808 1207 2874 δι
1225 2800 1306 2887 ope·
1330 2800 1513 2903 christiano
1532 2798 1573 2875 ss
1593 2801 1790 2901 apostolico.
1837 2802 1990 2890 Christus
2004 2807 2127 2879 March.
2141 2814 2189 2884 V.

452 2894 526 2972 rosa
561 2900 734 2995 diligentia
762 2901 823 2975 srbi
860 2919 978 2975 notam.
1005 2897 1155 2987 faciant,
1196 2918 1235 2968 ut
1263 2896 1305 2966 ad
1333 2926 1389 2992 3¹·
1406 2911 1442 2976 dr
1467 2923 1522 2986 32·
1543 2904 1730 2976 doctrinam
1754 2905 1796 2976 de
1814 2898 1913 2997 eausa¹
1930 2906 2066 2978 divortii
2086 2931 2218 2997 expo..

405 3057 408 3064 .
454 2994 624 3073 causarum
649 3000 1226 3098 matrimonialiumdijudicationem
1245 2996 1302 3067 ad·
1329 2996 1461 3081 suit,·&
1476 3025 1553 3072 cum
1567 2999 1691 3074 Matth.
1706 3008 1799 3074 XIX.
1819 3028 1852 3090 3.
1873 3000 2194 3095 pharisaeiquaellio·

453 3097 554 3172 hibiti
583 3101 800 3176 indubiis&
826 3097 1046 3174 controversis
1073 3095 1199 3169 casabus
1225 3118 1305 3169 vete
1329 3126 1406 3173 nem
1431 3100 1709 3175 matrimonialem
1734 3105 1775 3173 ad
1804 3126 1881 3175 eum
1904 3103 2099 3186 deferrent,
2121 3129 2193 3178 non

454 3196 670 3274 fundamenta
686 3205 726 3272 erl
740 3197 845 3275 verbo
864 3203 929 3273 Dei
946 3199 1141 3284 ostendere,
1162 3206 1197 3270 δι
1222 3218 1305 3267 con·
1329 3202 1446 3288 rejecit
1461 3225 1535 3272 eam
1556 3226 1574 3271 a
1592 3194 1625 3271 se
1639 3204 1681 3272 ad
1697 3173 1924 3291 uiagilltatum
1933 3254 1946 3288 ,
1975 3200 2055 3275 sicut
2067 3206 2108 3276 de
2124 3203 2192 3292 hae·

318 3327 329 3356 ι
397 3363 404 3372 ,
454 3294 598 3386 scientiis
629 3304 720 3374 teile
750 3295 919 3373 consuler‘e
947 3292 1080 3389 polline.
1141 3294 1311 3389 Quamvis·
1330 3296 1650 3371 reditatisdivifione
1670 3297 1838 3374 consultus
1855 3304 1938 3375 luc.
1961 3308 2037 3375 Xll.
2060 3330 2114 3397 ¹4·
2137 3328 2222 3377 re·-

455 3401 545 3486 enim
560 3424 627 3472 non
646 3397 813 3490 possumus
831 3400 977 3490 probare
995 3389 1533 3499 nnnomroplors'spondebam
1566 3394 1703 3479 Homo,
1734 3400 1810 3495 quis
1831 3425 1882 3474 mr
1903 3402 2074 3502 constituit
2095 3401 2193 3499 suoi«
2218 3465 2221 3476 .

231 3530 245 3550 .
292 3481 296 3488 ’
370 3545 372 3550 -
437 3496 521 3612 ‚boc
546 3502 613 3579 est,
649 3494 839 3590 perversam
873 3498 966 3576 illam
999 3491 1248 3588 pontificiorum
1269 3516 1307 3563 o·
1333 3521 1400 3571 cem
1418 3507 1479 3571 not
1492 3495 1673 3595 divisorem
1682 3494 1787 3595 stipor
1800 3495 1888 3574 vos?
1904 3497 1958 3575 sed
1975 3497 2110 3576 solidam
2121 3512 2192 3593 ejus

417 3623 422 3631 ·
455 3600 628 3702 pinionem
648 3623 687 3671 ac
706 3600 843 3688 praxin,
865 3599 982 3686 quain
1000 3588 1125 3692 exceffio
1151 3590 1205 3664 hic
1229 3616 1309 3681 pec·
1330 3582 1585 3687 explicationem
1617 3624 1659 3671 er
1693 3599 1804 3671 verbis
1829 3602 1958 3684 divine,
1979 3604 2207 3690 institutionis,

340 3711 344 3720 “
394 3753 398 3762 .
456 3719 553 3782 cont,
578 3700 710 3786 qnando
724 3694 842 3793 constes
858 3692 1126 3770 matrimoniales
1146 3689 1193 3764 od
1208 3689 1308 3765 ecclc-
1331 3692 1514 3787 proposuit.
1529 3697 1653 3770 Paulus·
1670 3702 1852 3773 1'Cor.Vll
1877 3721 1930 3776 ιο.
1947 3710 1981 3775 &
1998 3690 2089 3792 seqq.
2104 3728 2195 3791 que·

348 3832 356 3840 ·
448 3791 535 3898 stae,
560 3794 621 3869 lroc
637 3799 703 3897 est,
719 3797 895 3895 pontificis
912 3792 954 3869 ss
967 3792 1194 3892 episcoporum
1209 3787 1307 3887 jodi-
1331 3799 1471 3869 stionem
1489 3799 1532 3868 de
1555 3800 1768 3871 matrimonio
1791 3800 1882 3872 inter
1899 3797 2032 3871 fidelem
2056 3813 2092 3876 oc
2116 3799 2197 3874 inli-

365 3981 368 3986 >
457 3891 545 3969 cium
563 3897 718 3972 artiorem
726 3895 949 3997 stmplicr'lrr,
972 3893 1027 3968 uel
1050 3905 1133 3967 certe
1151 3888 1199 3964 nd
1215 3890 1307 3989 poli·
1330 3892 1441 3967 delam
1457 3899 1687 3985 pertradtavit.
1740 3907 1781 3972 In
1799 3901 1973 3987 primitiva
1991 3898 2125 3972 ecclelia
2142 3904 2193 3990 pii

288 4031 291 4038 ·
324 4073 333 4090 .
457 3995 560 4094 ticum
576 3997 808 4097 magistrarum
831 4020 899 4072 non
921 3995 1038 4080 aliter,
1064 3993 1126 4095 nist
1142 4017 1215 4065 com
1224 3989 1308 4089 stol·
1330 3989 1477 4086 episcopi
1508 3997 1542 4066 in
1564 3995 1693 4067 casibus
1719 3996 2018 4076 matrimonialibus
2050 3995 2193 4076 consulti

458 4095 735 4170 ordinationem
757 4097 941 4193 principem
963 4093 1210 4197 scelestoflicom
1230 4116 1305 4189 per·
1331 4090 1420 4167 suam
1438 4094 1594 4167 exverbo
1611 4098 1676 4167 Dei
1693 4092 1965 4187 interposuerunt
1985 4095 2193 4182 sententiam,

456 4197 560 4282 tinere
574 4193 790 4282 contendunt,
826 4198 1008 4270 concilium
1043 4196 1197 4268 Trident.
1218 4187 1303 4268 ¹sels.
1331 4202 1396 4269 dcc.
1414 4197 1500 4266 Vide
1515 4192 1728 4267 Ambrosium
1745 4193 2078 4286 libvnlepjstoa.
2090 4198 2193 4276 Chri.

456 4304 582 4372 XXIV.
598 4323 669 4371 can.
695 4321 747 4370 12.
765 4295 981 4369 bellarminus
1002 4297 1045 4367 de
1061 4295 1207 4413 matfim.
1228 4317 1303 4382 cap.
1321 4295 1450 4365 'silanus
1473 4317 1556 4385 ergo
1578 4296 1785 4385 magistratus
1807 4297 1983 4368 constituat
2002 4296 2198 4374 ecclesiasti·

314 4447 318 4452 -
460 4420 518 4490 32.
543 4423 615 4487 quae
635 4398 748 4485 opinio
766 4398 882 4467 nititur
907 4391 986 4470 falsa
1008 4392 1064 4466 illa
1099 4387 1273 4483 hypothesi
1294 4438 1305 4469 ,
1330 4417 1408 4465 cum
1429 4392 1682 4476 consistorium,
1703 4393 1738 4463 in
1764 4418 1831 4483 quo
1856 4404 1891 4469 dc
1914 4394 2136 4469 ecclefiasticae
2156 4406 2202 4474 δι’

396 4539 399 4543 ’
457 4501 546 4585 quud
571 4498 765 4587 conjugium
792 4494 830 4568 srt
855 4491 1113 4573 sacromentum,
1149 4494 1306 4583 quodque
1329 4491 1474 4583 politice
1493 4487 1877 4582 personaepraesrdeant,
1903 4516 1941 4567 ut
1963 4505 1999 4570 dc
2021 4492 2196 4570 conscien.

339 4611 342 4616 '
456 4593 609 4687 pontifici
624 4617 793 4685 competat
813 4598 954 4685 putellas
974 4593 1105 4669 ferendi
1123 4592 1214 4684 leges
1232 4593 1307 4662 uni·
1330 4596 1384 4664 tin
1407 4617 1471 4682 per
1497 4577 1691 4683 theoldgos,
1719 4594 2009 4682 &questionibus
2036 4594 2193 4668 civilibus

457 4691 585 4770 uersam
611 4692 780 4768 ecclefiam
805 4694 1010 4788 obligantes,
1036 4704 1072 4770 dc
1100 4687 1307 4783 dispensandi
1330 4716 1393 4781 per
1408 4686 1656 4781 jurisconsultos
1677 4688 1827 4765 satisfieri
1848 4691 1948 4782 poffit
1968 4747 1979 4781 ‚
2001 4717 2066 4780 qua
2085 4694 2126 4765 de
2152 4718 2193 4776 re

441 4785 492 4870 *in
511 4793 668 4887 gradibus
686 4796 800 4868 divino
814 4797 1094 4886 jureprohibitis3
1122 4814 1306 4867 tanaennec
1331 4795 1365 4863 in
1381 4794 1558 4881 questione
1577 4795 1619 4862 de
1636 4786 1807 4863 causarum
1824 4791 2118 4865 matrimonialium
2138 4801 2192 4881 ju-

456 4891 750 4998 rimnoporrortio'o
779 4891 871 4987 illam
900 4894 1086 4987 adprobare
1112 4887 1305 4983 possumus,
1329 4895 1403 4964 dice
1423 4887 1483 4964 sub
1504 4888 1604 4962 finem
1622 4889 1719 4978 hujtrs
1740 4895 1899 4963 tractatus
1912 4892 2043 4983 plenius
2056 4891 2192 4967 dissere·

457 5021 523 5088 qua
553 4997 762 5085 magistratus
779 4991 934 5082 politicus
963 4989 1093 5068 excluso
1123 4992 1305 5063 ministerio
1329 5016 1416 5065 mua.
1467 4984 1565 5064 Hisce
1580 4990 1852 5088 προλεγομένων
1871 4992 1947 5064 loco
1959 4990 2130 5081 premissis
2146 4995 2191 5067 ad

332 5130 338 5137 ·
457 5087 854 5180 ecclefiallicocausarum
874 5093 1169 5167 matrimonialium
1189 5092 1308 5181 cogni·
1366 5086 1471 5186 ipsam
1486 5089 1615 5167 articuli
1634 5088 1729 5178 hujus
1757 5088 1925 5195 ἐργασίαι
1945 5097 2154 5180 pertractan-

456 5189 842 5277 nonannoecifioaen
850 5192 1178 5292 unicelibiriudioat.
1200 5190 1307 5287 Quod
1361 5239 1387 5260 -.
1545 5192 1624 5269 don
1641 5184 1803 5273 ecctffum
1822 5187 1980 5281 famum.
2059 5245 2084 5260 --
2110 5266 2201 5377 ca:

834 5341 838 5348 .
1217 5343 1260 5412 l'
1676 5377 1678 5382 Ι

1006 5431 1080 5556 ι
