4884 5984
521 527 596 608 4²4
684 469 709 586 ’.
924 465 1110 576 ¹noces
1134 437 1260 602 exn.
1310 496 1462 596 oanvr
1511 500 1605 571 vm.

526 703 717 780 bitatione,
753 696 913 792 posterius
935 702 1151 788 conjugatas,
1181 695 1273 785 quod
1297 693 1331 764 in
1355 689 1555 782 frequentes.
1580 689 1737 764 Clemens
1759 688 1999 764 Alexrndrinus
2025 686 2086 761 lib.
2107 686 2157 780 Il.

526 797 586 873 usu
612 799 760 890 coniugii
783 797 926 870 debeant
947 794 1210 866 moderationem
1237 789 1331 864 adhi·
1354 796 1529 883 paedagog.
1551 813 1623 878 cap.
1645 787 1686 859 X.
1715 814 1792 880 pag.
1816 813 1900 883 ²24·
1951 781 2158 870 „Mosessa-

526 881 634 977 bere,
660 921 721 968 nec
745 919 838 967 more
853 892 1029 985 gentilium
1045 887 1330 984 concupiscentiis,
1355 888 1604 980 „pientiffimus
1635 883 1870 978 infrugiferam
1898 882 2055 972 sqtionem
2093 887 2159 958 ali·

530 995 600 1082 τοῖς
625 987 783 1071 arridente
808 993 868 1078 tiit
891 988 1099 1080 ἐπιθυμίας,
1124 990 1246 1075 absque
1264 985 1332 1058 ulla
1355 992 1518 1077 ‚,quanda
1541 981 1720 1072 symbolice
1737 980 1877 1073 repulit:
1905 981 1986 1057 Non
2008 989 2157 1062 comedes

528 1098 596 1165 Dei
615 1093 785 1163 timore&
803 1094 931 1178 pudore
949 1085 1136 1176 indulgere.
1188 1087 1277 1158 Sicut
1290 1088 1332 1156 de
1356 1143 1377 1176 „
1389 1086 1498 1180 inquit
1522 1083 1662 1181 leporem
1683 1105 1739 1153 nec
1763 1080 1925 1177 syenen.
1975 1089 2054 1158 Non
2077 1087 2160 1162 sule

530 1190 687 1278 gentibus
708 1190 790 1259 dicit
816 1183 1008 1270 apostolus,
1040 1188 1135 1270 quod
1158 1185 1332 1256 tradiderit
1357 1186 1537 1279 „homines
1557 1177 1620 1254 else
1640 1182 1804 1268 qualitatis
1827 1208 1946 1255 eorum
1968 1186 2161 1274 participes,

530 1309 586 1358 ens
604 1290 694 1357 Deus
714 1284 757 1370 sie
781 1278 878 1364 πόθι
904 1277 1072 1373 dernier,
1095 1284 1195 1354 Rom.
1219 1279 1246 1352 Ι.
1271 1290 1330 1354 26.
1356 1306 1498 1371 „neque
1511 1282 1557 1352 eis
1577 1301 1693 1367 parem
1709 1277 2193 1368 degustare'libidinem,haec'

531 1387 649 1457 Petrus
674 1383 790 1469 repist.
810 1380 870 1451 lll.
891 1396 923 1464 3.
949 1380 1121 1468 precipit,
1147 1390 1186 1452 ut
1202 1375 1333 1473 virise
1358 1440 1379 1472 ‚,
1389 1382 1479 1453 enim
1509 1375 1662 1450 ammalia
1698 1376 1810 1449 insano
1843 1382 1987 1467 quodam
2025 1383 2164 1472 stupore

533 1478 675 1553 cundum
682 1477 862 1574 ficientium
872 1471 1117 1570 uxoribussuis
1131 1476 1333 1560 cohabitent,
1358 1532 1382 1565 „
1391 1477 1545 1550 feruntur
1558 1478 1599 1546 ad
1613 1473 1816 1564 explendum
1828 1480 2162 1554 eoitumnenereum.

533 1578 625 1652 uelut
655 1576 839 1748 ordonius·
864 1572 998 1671 vasculo
1029 1574 1185 1649 muliebri
1206 1569 1334 1672 impur-
1359 1575 1449 1664 „Et
1467 1577 1601 1673 postea:
1627 1575 1769 1644 Vincere
1789 1573 2014 1664 voluptatem,
2039 1579 2167 1651 ventri·

535 1679 652 1751 fiesties
700 1699 845 1751 onorem.
903 1680 1003 1745 Hunc
1034 1672 1144 1744 locum
1171 1677 1333 1757 llierony·
1361 1700 1458 1767 „que
1475 1683 1510 1744 dc
1532 1674 1590 1756 iis,
1613 1696 1685 1757 que
1703 1665 1776 1748 sunt
1797 1670 1885 1744 infra
1901 1696 2078 1758 ventrem,
2104 1680 2168 1748 do·

534 1801 607 1848 mus
624 1774 717 1850 lib.l.
735 1778 778 1845 de
791 1776 864 1844 adv.
882 1772 1047 1862 joviae<
1063 1774 1149 1844 Beda
1163 1774 1197 1842 in
1215 1797 1335 1843 comm.
1362 1825 1386 1859 „
1396 1771 1515 1843 minari
1536 1772 1582 1840 est
1606 1769 1739 1838 maximi
1762 1770 1907 1859 imperii.
1956 1774 1989 1843 Si
2011 1775 2101 1845 euim
2124 1798 2168 1846 ne

432 1931 444 1938 .
535 1878 577 1946 ad
599 1869 690 1944 usum
712 1871 859 1961 conjugii
877 1872 1085 1940 moderatum
1104 1879 1139 1941 dr
1165 1871 1338 1941 continen-
1363 1874 1538 1962 „digitum
1565 1867 1699 1955 quidem
1717 1887 1843 1939 temere
1865 1890 2002 1941 movere
2029 1865 2170 1963 sapienti

538 1973 617 2042 tiam
635 1968 677 2039 ab
697 1971 772 2040 astu
792 1966 960 2058 conjugali
982 1961 1149 2050 referunt,
1175 1992 1252 2038 curn
1277 1995 1338 2042 σν·
1362 1967 1558 2063 „permittit
1575 1965 1679 2042 ratio,
1696 1987 1733 2034 ut
1746 1967 1847 2040 Stoici
1862 1963 2170 2060 confitentumquo·

417 2061 426 2070 ’
539 2060 689 2145 spinaira
717 2071 820 2137 LXX.
840 2060 1077 2151 interpretibus
1098 2068 1140 2134 de
1169 2064 1339 2156 conjugali
1364 2070 1501 2164 „modo
1526 2085 1592 2133 non
1617 2059 1725 2132 multo
1755 2066 1860 2154 magis
1888 2066 1949 2147 iis,
1970 2068 2029 2154 qui
2057 2062 2170 2155 perse·

540 2160 865 2254 'copulausurpeturs
894 2157 1116 2232 DeutXXll.
1133 2186 1185 2246 13.
1204 2160 1338 2233 XXIV.
1366 2183 1546 2252 „quuntur
1573 2155 1782 2249 sapientiam,
1804 2161 1944 2242 nomm,
1969 2187 2034 2250 qua
2048 2166 2171 2246 coitur.

547 2289 576 2333 ι.
599 2268 755 2334 admonet
771 2261 877 2350 igitur
899 2263 1014 2329 Petrus
1038 2257 1198 2338 maritos,
1220 2279 1257 2330 ut
1276 2286 1342 2334 aeu-
1367 2257 1595 2350 „particulam
1631 2256 1831 2329 obtinendus
1873 2259 1919 2329 est
1950 2259 2169 2334 dominaturi

542 2355 591 2435 nd
609 2359 731 2455 porion
750 2356 805 2428 illa
827 2354 1028 2429 cohabitatio
1043 2355 1249 2449 instituente,
1278 2357 1342 2428 lroe
1369 2381 1500 2446 „atque
1520 2357 1580 2426 hac
1598 2357 1733 2443 quidem
1750 2359 1791 2428 de
1815 2352 1907 2450 eausa
1929 2358 2013 2430 milti
2039 2362 2174 2432 videtur
2209 2401 2211 2406 ·

490 2467 493 2472 '
545 2460 619 2540 est,
646 2479 682 2526 ut
709 2451 845 2527 seientes
873 2464 908 2526 dt
930 2457 1041 2524 Deum
1067 2455 1220 2525 timentes
1236 2453 1346 2541 ,ipsa-
1369 2457 1593 2545 „pudendum
1621 2449 1686 2523 else
1717 2457 1949 2539 nominatum,
1986 2460 2076 2546 quod
2113 2455 2176 2532 has

417 2615 427 2628 ,
547 2555 825 2643 queincaliitate
843 2546 1021 2622 servientes
1040 2552 1146 2621 decet.
1196 2553 1344 2644 Quidam
1370 2551 1549 2644 „rorpmis
1583 2571 1678 2637 parte
1709 2555 1815 2643 magis
1842 2557 1941 2640 qua'm
1965 2555 2084 2639 quavis
2113 2555 2178 2629 alie

541 2649 723 2749 secundun
739 2647 919 2745 scientium
939 2670 1109 2735 exponunt
1132 2646 1196 2733 hoc
1219 2653 1346 2728 modo,
1370 2676 1477 2740 „cum
1505 2651 1634 2737 pudore
1658 2646 1695 2718 lit
1714 2654 1885 2724 utendum.
1933 2656 2065 2724 Natura
2085 2657 2179 2728 enim

542 2748 723 2847 secundum
744 2769 816 2819 enm
838 2748 918 2818 υἱέα·
953 2743 1055 2818 ansiae
1067 2743 1235 2837 sormunt,
1270 2769 1345 2819 num
1372 2748 1484 2844 „sicut
1497 2745 1675 2827 alimentis,
1692 2749 1735 2816 ita
1750 2747 1906 2838 legitimis
1920 2753 2056 2839 nuptiis,
2072 2777 2177 2841 quan·

542 2847 690 2946 scientia
727 2843 834 2918 dissat
867 2839 1118 2915 obervandam.
1183 2771 1348 2916 lutserus
1373 2869 1479 2940 „tunt
1501 2845 1682 2926 convenit,
1710 2843 1840 2916 confert
1869 2857 1903 2920 δι
1932 2851 2055 2929 decet,
2082 2848 2180 2921 nobis
2218 2919 2219 2924 ,

550 2936 688 3018 nervose
717 2944 885 3014 reddidit:
917 2941 981 3036 nio
1013 2938 1193 3032 Vcrnnnst.
1242 2945 1348 3013 Potest
1375 2946 1453 3034 „uti
1470 2938 1642 3032 permifit,
1666 2941 1815 3028 permisit
1837 2967 1948 3016 autem
1965 2951 2124 3035 adpetere
2141 2947 2181 3018 li·
2215 2935 2219 3014 l

550 3044 650 3117 etiam
684 3039 750 3110 huc
789 3038 910 3126 referri
949 3040 1075 3109 dissum
1110 3036 1348 3124 apostolicum:
1374 3040 1569 3136 „berorum
1584 3042 1862 3125 procreationem.
1906 3045 2111 3140 Quicunque
2122 3070 2181 3115 au·
2217 3035 2219 3128 l

556 3142 757 3230 scorvll.
773 3164 802 3224 ς.
855 3131 974 3208 Nolite
992 3131 1161 3227 sruudure
1182 3155 1242 3207 vos
1262 3136 1350 3208 invi·
1374 3156 1499 3229 ‚,tem,
1524 3140 1614 3221 quod
1634 3140 1773 3207 modum
1795 3141 1950 3219 excedit,
1974 3139 2183 3233 persequuu·
2213 3131 2220 3236 ,ff

553 3257 640 3324 rem,
663 3235 726 3328 nist
738 3233 834 3329 sorte
849 3259 892 3308 ex
913 3229 1067 3327 consensu
1082 3232 1128 3304 nd
1142 3243 1287 3328 tempus,
1313 3243 1351 3305 nt
1377 3256 1483 3323 „tur,
1508 3231 1673 3303 luduntur
1688 3235 1721 3303 in
1739 3259 1803 3314 eo,
1829 3241 1917 3323 quod
1935 3240 1980 3308 est
2002 3235 2183 3313 seeundum
2217 3243 2219 3268 ²

552 3335 684 3408 vocetis
701 3334 850 3406 orationi
872 3328 912 3405 ss
925 3332 1065 3426 jejunio.
1129 3332 1292 3423 Quamvis
1316 3357 1351 3402 e·
1376 3352 1579 3418 „naturam,
1604 3354 1666 3415 per
1690 3332 1899 3421 congressus,
1923 3337 1980 3421 qui
2003 3333 2077 3408 sunt
2098 3363 2184 3427 pre·

552 3436 623 3506 nim
639 3431 686 3504 ibi
707 3457 773 3502 non
794 3427 912 3501 diserte
930 3431 1117 3517 precipiat,
1148 3452 1207 3526 nec
1225 3424 1352 3501 morose
1378 3451 1460 3517 „ter
1476 3428 1566 3520 leges
1582 3422 1612 3497 se
1629 3424 1714 3517 ipsos
1731 3428 1892 3502 ledentes.
1905 3454 1987 3527 pag.
1999 3457 2080 3524 225.
2109 3443 2185 3508 Man

553 3552 697 3623 urgeat,
732 3552 768 3599 ut
802 3537 959 3617 conjuges
992 3525 1032 3595 sb
1055 3522 1113 3595 usu
1140 3530 1288 3617 corajugii
1312 3529 1353 3597 ad
1379 3529 1603 3614 „stimonium
1638 3528 1684 3595 est
1720 3524 1905 3599 liberorum
1947 3536 2187 3618 procreationis

558 3651 690 3716 tempus
709 3627 919 3716 longinquius
941 3622 1143 3701 abstineant,
1169 3618 1222 3694 sed
1247 3626 1355 3712 potius
1379 3681 1400 3716 ,‚
1411 3625 1595 3715 adpetitio,
1634 3647 1700 3693 non
1731 3623 1824 3695 nullo
1852 3652 1890 3697 ac
1919 3628 2048 3702 incerto
2070 3633 2188 3705 ordine

556 3727 750 3815 prohibeat,
776 3745 817 3791 ue
834 3717 865 3793 se
883 3722 1025 3791 invitem
1048 3742 1210 3809 perpetuo
1224 3719 1356 3794 defrau·
1381 3720 1540 3808 „leminis
1560 3724 1711 3800 excutio,
1735 3746 1805 3811 que
1825 3726 1870 3793 esl
1894 3749 2016 3813 preter
2034 3726 2128 3820 leges
2153 3738 2188 3803 δι

557 3826 656 3903 dent,
682 3828 716 3891 δι
736 3818 882 3889 debitam
903 3816 1166 3890 benevolentiam
1192 3815 1250 3888 srbi
1270 3821 1357 3889 invi·
1380 3848 1431 3909 „a
1446 3822 1572 3890 ratione
1600 3817 1715 3890 aliene.
1786 3826 1865 3891 Non
1883 3815 2010 3913 semper
2030 3831 2185 3899 concedit
2217 3865 2220 3872 ·

559 3942 633 3988 cem
656 3918 845 4007 denegent;
884 3938 995 3987 tamen
1025 3918 1123 3986 tacite
1144 3918 1296 3987 concedit
1323 3927 1357 3990 dt
1382 3940 1543 4008 „tempus
1568 3936 1703 3996 natura,
1735 3938 1771 3986 ut
1791 3942 1971 4010 peragatur
1997 3922 2189 4016 congressus

559 4015 687 4093 innuit,
711 4017 744 4085 in
764 4013 905 4102 publicis
928 4009 1216 4086 &solennioribus
1237 4017 1360 4086 oratio·
1382 4017 1636 4105 „matrimonii,
1656 4017 1701 4085 esl
1719 4019 1807 4086 enim
1830 4024 2020 4104 conjunctio
2043 4048 2083 4094 eo
2108 4022 2191 4095 deli·

560 4109 677 4196 nibus,
701 4112 819 4198 quibus
834 4110 956 4207 jejunia
983 4109 1141 4199 conjungi
1168 4105 1291 4190 solent,
1317 4112 1359 4182 ab
1385 4111 1628 4209 „derabilior‚
1653 4136 1719 4199 quo
1735 4117 1942 4203 diuturnior,
1973 4146 2081 4206 neque
2109 4145 2190 4193 vero

560 4207 619 4283 usu
638 4210 784 4298 conjugii
804 4234 842 4282 ex
863 4205 1017 4280 consensu
1031 4212 1071 4278 ad
1090 4229 1220 4294 tempus
1234 4233 1289 4281 eos
1303 4207 1361 4279 ab.
1385 4218 1519 4301 „nodio
1541 4233 1695 4297 tanquam
1720 4214 1752 4280 in
1777 4213 1920 4284 tenebris
1945 4212 1975 4288 se
1996 4221 2192 4291 immodeste

560 4312 680 4382 slinere
700 4303 806 4395 poll'e,
833 4327 869 4374 ut
886 4308 995 4378 anirno
1012 4304 1054 4376 ab
1083 4305 1236 4376 omnibus
1258 4330 1362 4397 nego·
1386 4322 1451 4395 „&
1473 4313 1734 4398 intemperanter
1763 4320 1947 4399 gerendum
1965 4317 2033 4394 est,
2057 4314 2113 4387 sed
2137 4341 2194 4390 ve·

562 4408 614 4479 tiis
634 4407 771 4476 interius
795 4427 950 4475 revocato
973 4428 1087 4490 preces
1112 4401 1171 4473 lint
1195 4408 1362 4476 ardentio·
1388 4409 1573 4497 „recundia
1604 4428 1758 4493 tanquam
1787 4409 1842 4478 lux
1871 4413 2004 4482 rationis
2026 4410 2061 4484 in
2081 4416 2194 4487 attinio

528 4583 535 4594 ,
564 4529 627 4578 res.
657 4507 739 4574 Vide
759 4500 822 4572 loc.
844 4504 885 4572 de
906 4504 1022 4572 minist.
1047 4509 1074 4589 ς.
1096 4523 1112 4583 3
1119 4527 1175 4589 5¹·
1199 4505 1363 4585 Hierony·
1389 4510 1466 4591 „est
1482 4503 1689 4576 includenda.
1749 4503 1843 4574 Nihil
1868 4513 1956 4580 enim
1983 4538 2001 4582 a
2027 4514 2194 4601 Penelope

565 4628 638 4674 ntus
655 4604 688 4671 in
705 4624 827 4669 comm.
846 4599 965 4671 Ezeclt.
979 4605 1101 4670 XVlll.
1118 4597 1220 4670 refert
1234 4599 1299 4671 huc
1315 4601 1363 4671 di·
1391 4605 1520 4688 „telam
1554 4623 1683 4673 texente
1716 4599 1934 4686 differemus,
1965 4639 1967 4642 ·
1987 4608 2009 4680 fi
2049 4609 2196 4681 interdiu

567 4704 658 4772 sium
684 4696 883 4784 Salomonis:
916 4695 1036 4768 Eccles.
1056 4695 1116 4768 ΙΙΙ.
1140 4724 1169 4778 ς.
1229 4694 1368 4793 Τειιιρω
1392 4707 1559 4792 „quidem
1592 4723 1736 4769 teramus
1760 4705 1914 4793 dogmata
1939 4711 2196 4794 temperantia,

566 4792 787 4892 antplexnndi
809 4791 848 4867 fs
858 4792 1219 4892 nrttpnselongnndisr
1236 4795 1280 4869 ub
1297 4818 1369 4869 unt·
1395 4805 1525 4884 „nodio
1542 4821 1652 4869 autem
1673 4820 1712 4866 ea
1737 4819 1944 4881 retexamus,
1972 4829 2048 4875 cum
2076 4809 2110 4875 in
2137 4830 2196 4876 cu·

565 4894 737 4993 plexibus.
921 4981 925 4990 ³
1326 4939 1335 4951 ·
1396 4899 1501 4989 „bile
1533 4897 1729 4968 venerimus.
1799 4902 1831 4970 Si
1863 4903 1951 4971 enim
1990 4900 2198 4991 honestatem

601 5016 604 5020 ·
640 5001 670 5083 ς.
695 4987 977 5066 CCCCXXXVI.
1031 5000 1067 5063 ln
1086 4990 1235 5080 patribus
1251 4992 1371 5066 exhor·
1397 5021 1562 5087 „oportet
1581 5016 1752 5080 exercere,
1780 4995 2005 5091 multomagis
2025 5006 2119 5072 uxori
2136 5022 2199 5071 tue

568 5093 711 5169 tationes
726 5095 767 5163 ad
791 5095 1002 5166 moderatum
1021 5092 1167 5187 conjugii
1186 5086 1281 5173 usum
1298 5087 1372 5166 sunt
1398 5151 1420 5184 „
1431 5097 1578 5170 honestas
1605 5093 1652 5162 est
1679 5093 1900 5177 ostendenda,
1935 5097 2123 5176 inhonestas
2151 5102 2199 5170 vi-

2099 5201 2200 5268 tando
